3100 5125
273 266 317 329 so
605 264 842 331 fflsronlrn
865 264 1042 333 nonnus.
1361 264 1389 328 1.
1406 280 1453 348 α.

319 416 418 480 VIII.
442 416 658 503 Interrogatio
672 418 856 504 Augustini.
901 419 940 482 Si
955 438 1124 503 premant
1145 416 1255 482 mulier
1275 414 1381 482 micat
1394 438 1420 488 15

275 502 455 587 baptizarit
484 512 540 567 aut
551 513 712 589 postquam
730 505 876 590 penderit,
893 513 963 588 post
984 512 1130 588 quantum
1152 513 1266 589 ternpoos
1280 503 1381 588 porat

274 588 427 651 eccmsiam
440 587 582 652 intraret
603 599 659 653 aut
679 590 771 653 etiam
792 611 828 653 ne
850 598 941 653 nnrte
955 598 1185 674 maoccupdur
1197 589 1277 673 quod
1287 610 1381 673 qento-

275 673 437 772 erit‚·post
464 683 534 758 quot
561 675 625 738 dies
652 675 705 738 boc
734 675 823 739 liceat
850 676 933 738 sacri
966 672 1155 759 baptismata
1188 683 1383 738 samamenta

269 761 455 843 percepere?
484 767 541 822 aut
559 770 629 844 post
649 770 795 844 quantum
818 760 957 845 mnqtoris
977 760 1049 824 note
1069 761 1120 823 uir
1139 781 1211 823 suus
1226 760 1324 844 possit
1344 759 1383 822 in

277 844 381 907 carnis
405 844 589 929 copulatum
613 846 777 931 conpunqi?
808 856 862 909 ant
886 846 914 909 si
937 854 1089 909 mendara
1111 845 1319 909 ammududine
1341 854 1383 908 te

277 939 372 1006 naar,
398 952 441 993 an
463 930 616 993 ecclesiam
641 931 761 994 intrare
784 932 813 994 ei
836 930 934 1007 licem,
960 941 1016 994 aut
1043 952 1141 994 αααναα
1167 930 1424 995 mmunimtisro

276 1024 465 1079 samamenta
474 1017 657 1100 percipere?
673 1026 729 1079 unt
742 1017 793 1080 uir
806 1038 870 1079 rum
879 1015 998 1101 conjuqi
1005 1018 1185 1101 pernicius,
1195 1016 1384 1100 priusquam

277 1100 397 1164 meatur
409 1122 500 1185 aqua
515 1102 544 1165 si
557 1101 711 1166 emmaum
718 1102 816 1186 poedt
829 1102 972 1165 intraret
991 1102 1038 1165 cel
1046 1102 1137 1166 etium
1150 1103 1196 1166 ad
1208 1101 1386 1183 mpsterimn

278 1187 491 1249 communionis
503 1208 599 1250 sacra
612 1186 774 1251 acmderot
821 1188 894 1266 Qua
908 1187 1010 1249 annia
1025 1188 1098 1251 rudi
1113 1187 1283 1273 Anqlsrrnm
1297 1187 1386 1272 penti

277 1269 389 1357 aporia
403 1269 529 1335 ¹laberi
542 1282 703 1359 comperta.

323 1357 501 1442 Respondit
522 1358 702 1443 Gregorius.
747 1358 815 1421 Hoc
835 1378 894 1421 non
915 1355 1032 1443 amliqo
1045 1357 1277 1440 fraternitatem
1297 1365 1386 1421 tuam

279 1464 337 1507 esse
362 1444 546 1527 requisitam,
569 1445 620 1508 cui
634 1443 706 1525 jam
730 1453 757 1506 et
781 1462 953 1527 respmosum
976 1443 1144 1507 reddidisse
1168 1464 1213 1505 me
1238 1440 1424 1510 arbitror-²5

280 1529 344 1593 Sed
355 1528 409 1592 loc
421 1529 502 1613 quod
514 1530 577 1616 iprae
590 1530 690 1593 dicere
703 1538 731 1593 et
746 1528 857 1592 sentire
864 1529 1002 1614 potuisti,
1018 1528 1105 1591 medo
1119 1528 1194 1613 quia
1212 1549 1280 1591 mea
1296 1528 1388 1612 apud

280 1624 309 1679 te
335 1615 462 1678 columnis
486 1615 669 1699 responsiam
683 1614 822 1697 firntari.
868 1612 987 1677 Mulier
1011 1614 1117 1677 etenim
1135 1634 1303 1697 praqnans
1328 1636 1387 1675 cnr

280 1721 340 1763 non
361 1699 464 1763 dalem
485 1699 646 1785 baptizari,
668 1722 736 1763 cum
757 1720 816 1762 non
838 1700 878 1763 eit
899 1708 968 1762 ante
985 1698 1189 1783 mnnrpotentrs
1206 1699 1267 1762 Dei
1287 1699 1388 1761 ocums

281 1786 373 1869 cnqro
397 1785 505 1869 aliqua
524 1786 714 1869 facunditas
739 1786 867 1847 arnor
912 1786 998 1847 Nam
1027 1806 1094 1849 ann
1117 1784 1217 1869 primi
1239 1795 1388 1868 parentes

281 1871 377 1933 nostri
390 1870 425 1932 in
438 1870 589 1953 paradiso
608 1871 807 1955 deliquissent,
823 1870 1068 1934 inmortalitatem
1087 1891 1178 1955 qnam
1196 1881 1386 1953 acceperant,

281 1965 359 2017 recto
383 1956 445 2018 Dei
460 1955 581 2037 judicio
598 1957 812 2040 perdiderunt.
861 1956 941 2034 Quia
965 1957 1067 2039 itaque
1088 1956 1182 2018 isdem
1204 1955 1428 2039 omnipotens30

283 2042 368 2103 Dens
379 2040 544 2103 damonum
554 2064 646 2125 penus
660 2063 721 2126 pro
735 2041 828 2125 culqm
845 2063 902 2103 sora
914 2040 1066 2123 funditus
1079 2041 1264 2125 eudinquere
1278 2041 1388 2119 munit,

282 2135 310 2189 et
323 2126 578 2190 immortalitatem
591 2128 706 2190 lamini
720 2148 782 2211 pro
797 2136 919 2211 peccato
932 2148 984 2189 suo
998 2126 1144 2198 abnulit3
1168 2136 1196 2189 et
1211 2136 1309 2189 tamen
1325 2148 1390 2213 pro

284 2210 462 2296 mnipmtats
474 2233 539 2274 sure
545 2213 681 2297 pinctis,
689 2213 922 2295 foecunditatem
937 2212 966 2275 ei
979 2211 1083 2275 sobolis
1097 2212 1269 2276 reseroaoit.
1301 2212 1393 2291 Qrood

282 2318 350 2381 erqo
364 2307 485 2360 naturae
498 2298 638 2361 imnance
658 2320 693 2361 en
712 2298 919 2383 omnipotentis
932 2298 994 2361 Dei
1008 2298 1083 2360 dono
1096 2306 1246 2361 sucatum
1260 2307 1310 2375 est,
1325 2320 1390 2382 qua

284 2382 401 2445 ratione
412 2384 527 2467 poterit
547 2406 569 2446 α
588 2384 671 2447 sacri
691 2381 883 2467 laptrbmatis
900 2384 1007 2467 qratia
1028 2381 1225 2467 tproltibere?
1270 2383 1314 2446 In
1333 2384 1391 2447 ill>

284 2468 394 2616 qnp'ppe
422 2470 569 2550 mysterio,
598 2469 634 2531 in
662 2490 718 2553 qno
750 2469 846 2531 omnis
879 2468 971 2551 aalma
995 2469 1144 2551 funditus
1174 2468 1392 2552 eustinquitur‚'

227 2620 236 2630 .
284 2576 324 2617 oa
389 2554 513 2618 stnltmn
531 2565 580 2632 est,
598 2555 626 2617 si
647 2554 758 2618 donum
776 2554 890 2638 qratioe
911 2554 1113 2617 cemrudicere
1155 2576 1213 2618 osse
1235 2554 1429 2620 videaturne

287 2639 364 2702 Oum
387 2661 455 2703 cero
478 2641 569 2704 onina
586 2641 689 2724 suerit
709 2640 828 2716 mulier,
846 2649 916 2725 post
937 2649 1005 2724 quot
1027 2640 1090 2702 dies
1149 2637 1214 2704 beat
1236 2640 1391 2704 cacunem

284 2725 411 2803 intrare,
431 2727 610 2790 Testansenti
623 2727 728 2788 uaeris
742 2725 956 2810 ²prceceptione
970 2724 1117 2802 didicisti,
1134 2735 1167 2787 ut
1177 2747 1239 2809 pro
1255 2727 1392 2790 umsculo

317 2835 334 2865 ¹
344 2828 435 2874 babere
446 2827 477 2874 V.
635 2838 650 2876 r
658 2828 786 2889 prohiberi
797 2826 860 2874 V.G.
897 2828 930 2874 Et
942 2840 1007 2884 mox,
1019 2827 1057 2873 itti
1067 2829 1155 2888 quippe
1165 2829 1283 2887 mysterio
1295 2827 1392 2876 Beued.

285 2900 299 2932 2
307 2899 429 2952 marepto
440 2892 602 2952 manifestum
613 2898 658 2948 est,
669 2893 735 2953 quod
744 2894 782 2939 ita
793 2893 866 2939 babet
876 2910 884 2937 .·
901 2891 994 2938 Mulier
1005 2893 1026 2938 ri
1037 2897 1146 2951 mcepto
1158 2893 1251 2938 semine
1262 2895 1393 2953 pepererit

284 2957 433 3012 musacium,
446 2957 554 3015 triginta
566 2957 645 3003 tribus
655 2957 738 3003 dmbus
749 2957 859 3003 manebit
870 2959 898 3004 in
908 2958 1033 3014 sanguine
1039 2955 1225 3018 purificationis
1236 2971 1302 3002 nea:
1316 2971 1392 3004 omne

285 3026 401 3066 sanctum
417 3035 466 3067 non
483 3025 580 3080 tanget,
596 3035 642 3066 nec
656 3022 815 3080 ingredietur
831 3023 858 3068 in
874 3021 1057 3080 sanctuarium,
1074 3021 1150 3067 donec
1159 3021 1319 3080 impleantur
1337 3020 1394 3068 dies

280 3083 530 3146 purificationum.
552 3084 600 3132 Sin
610 3085 827 3144 autemseminum
834 3086 966 3147 pepererit,
975 3086 1113 3144 ceroptata
1123 3099 1167 3131 ser
1182 3084 1267 3132 dicim
1277 3087 1394 3132 manebit

286 3150 447 3208 insanguine
453 3149 638 3212 purificationis
646 3164 697 3196 sua
708 3149 737 3196 V.

323 3233 360 3296 r'4.
378 3239 551 3300 aurigantur]
573 3239 654 3286 Editio
665 3238 741 3286 Paris.
756 3253 829 3300 quum
842 3237 940 3286 Novam
953 3237 1117 3298 spelmannus
1127 3243 1209 3295 vocat,
1221 3237 1267 3285 i.e.
1281 3237 1350 3293 anni,
1363 3246 1396 3287 ut

287 3301 393 3360 videtur,
407 3315 478 3364 1545,
491 3303 576 3351 inserit
588 3303 626 3360 bic
636 3303 830 3350 obsecrationem
844 3302 984 3363 Augustini.
1018 3301 1120 3350 Obsecro
1130 3309 1160 3349 ut
1170 3304 1281 3364 reliquie
1291 3318 1310 3349 s.
1321 3302 1395 3351 Sinti

288 3369 408 3427 martyris
413 3368 699 3415 nobistransmittantur.
711 3367 842 3415 Concessio
848 3367 968 3427 Gregorii.
978 3367 1091 3416 Fecimus
1098 3367 1164 3428 quod
1165 3367 1260 3428 petisti,
1265 3374 1395 3429 quatenus

283 3433 390 3493 populns
396 3433 439 3493 qui
446 3434 473 3479 in
480 3434 529 3479 ioco
536 3433 659 3494 quondam
670 3448 690 3478 s.
698 3433 766 3478 Sinti
774 3433 896 3492 martyris
905 3445 993 3492 corpur
1002 3431 1119 3478 dicerunt
1129 3432 1254 3486 rrenmari,
1265 3433 1332 3492 quod
1339 3437 1394 3478 tuoe

256 3540 258 3543 ,
283 3496 444 3557 fraternitati
455 3511 500 3544 nec
510 3512 593 3543 uerum
604 3511 649 3543 nec
660 3499 782 3544 amanter
791 3502 906 3543 sunctum
918 3497 1025 3552 uidetur,
1034 3502 1103 3542 certa
1111 3496 1259 3543 sanctissimi
1267 3501 1292 3542 et
1297 3497 1392 3557 probu-

289 3562 377 3608 tirsimi
393 3565 512 3621 martyris
527 3561 645 3623 benficia
659 3563 801 3622 suscipiens,
819 3562 896 3607 coiere
912 3562 1008 3607 incerta
1024 3575 1073 3606 non
1090 3561 1183 3607 debent.
1216 3559 1284 3607 nnat
1303 3567 1394 3610 tamen

288 3626 395 3686 uidetur,
406 3628 466 3687 quia
476 3628 498 3672 ri
509 3641 596 3687 corpus
606 3627 671 3688 quod
680 3641 697 3672 u
704 3627 793 3686 populo
802 3619 931 3686 cujusdam
941 3626 1060 3684 narrrtpris
1069 3639 1119 3670 esse
1127 3625 1244 3682 aeritur,
1253 3627 1328 3672 nullis
1337 3627 1395 3673 illic

289 3691 417 3738 miraculis
428 3699 550 3747 coruscat,
563 3695 587 3736 et
598 3705 676 3751 neque
686 3691 765 3750 aitqui
775 3691 806 3736 de
813 3689 995 3750 antiquioribus
1003 3691 1121 3748 cuntant,
1130 3691 1173 3750 qui
1182 3705 1207 3735 re
1215 3704 1231 3735 α
1238 3691 1395 3750 parentibus

285 3757 409 3816 passionis
419 3752 473 3816 ejus
483 3756 594 3801 ordinem
604 3754 702 3801 audace
706 3753 854 3816 fateantur,
865 3755 902 3800 ita
913 3755 1025 3815 reliquiae
1035 3767 1097 3814 quus
1103 3755 1198 3815 petisti,
1210 3768 1317 3800 seorsum
1330 3761 1395 3802 ron·

290 3821 376 3867 denda
385 3825 453 3874 erent,
465 3826 494 3866 ut
504 3820 570 3866 locta
580 3821 606 3865 in
617 3833 664 3880 quo
677 3817 816 3879 pressatum
833 3832 919 3878 corprm
930 3817 1009 3877 iacet,
1020 3819 1098 3864 modis
1108 3819 1219 3865 omnibus
1233 3819 1393 3876 obstruatur,

289 3899 336 3930 nec
342 3886 506 3944 permittatur
519 3885 624 3944 populus
635 3890 730 3929 certum
741 3882 861 3937 desuem,
877 3888 901 3928 et
914 3881 1039 3928 incertum
1049 3883 1169 3928 reamari.
1202 3882 1306 3929 Occasio
1317 3881 1396 3942 hujus

289 3947 465 3995 obsecrationis
476 3947 551 3994 fuisse
562 3948 661 4002 dicitur,
672 3945 735 4007 qnod
748 3947 901 4006 Angustqus
911 3946 1044 3993 invenisset
1053 3945 1080 3991 in
1093 3946 1181 3993 Cautio
1192 3945 1348 3994 trasfitionem
1359 3949 1395 3996 de

291 4011 362 4059 Sixto
381 4013 486 4072 quodum
505 4012 574 4072 cujus
591 4011 699 4072 reliquiae
718 4026 733 4056 a
752 4010 870 4058 Brittanis
888 4010 947 4056 olim
967 4009 1116 4057 colebantur.
1150 4011 1222 4058 Hunc
1241 4011 1284 4058 ille
1301 4011 1395 4060 falsam

291 4077 379 4123 merito
390 4077 535 4136 suspicatus,
547 4091 624 4134 veras,
635 4091 696 4136 qnns
707 4076 811 4135 pertavit,
824 4075 937 4135 reliquias
949 4073 1025 4134 petiit.
1060 4074 1108 4121 Sed
1120 4074 1149 4121 de
1161 4075 1205 4122 huc
1221 4076 1396 4124 obsecratione

291 4140 331 4187 vel
349 4142 504 4200 responsione
517 4141 584 4188 Beda
598 4140 658 4186 nihii
669 4140 749 4187 trahet.
784 4139 929 4188 Additiones
945 4139 988 4186 has
1005 4139 1072 4186 dedit
1088 4139 1251 4200 spelmannus
1268 4139 1321 4186 sine
1337 4139 1396 4187 ullo

292 4204 360 4259 MS„
371 4219 413 4250 eas
425 4205 577 4253 benedictini
589 4205 695 4251 editores
706 4204 818 4264 Gregorb
831 4204 909 4264 Epist.
922 4203 977 4250 Ixis’.
992 4203 1034 4250 lib.
1046 4203 1078 4252 xi.
1093 4203 1182 4251 Indici.
1192 4218 1216 4261 4.
1228 4219 1260 4251 ex
1272 4203 1319 4251 fide
1330 4219 1397 4264 quo-

290 4269 394 4316 rundam
407 4270 480 4316 MSS.
492 4270 708 4330 Gregoriauorum‚
720 4269 785 4330 typis
797 4268 961 4326 reddiderunt,
974 4268 1070 4316 eosdem
1083 4268 1167 4330 igitur,
1180 4283 1211 4317 ne
1226 4267 1284 4330 qnid
1300 4267 1397 4318 tector

291 4333 420 4391 desideret,
433 4334 509 4380 textui
525 4333 595 4380 Reda
606 4333 713 4392 genuino
726 4332 849 4394 supposui.
863 4333 890 4380 S.
1338 4347 1339 4350 ¹

324 4409 364 4459 35.
378 4399 441 4444 Cum
451 4412 508 4444 aero
519 4397 607 4458 ersira]
620 4396 765 4444 Grat.¹DIst.
780 4411 802 4458 5.
816 4411 836 4444 c.
849 4411 866 4444 r.
881 4397 904 4444 S.

326 4474 365 4524 37.
373 4462 545 4523 praeeptione]
561 4460 638 4509 [revit.
650 4460 691 4507 xii.
705 4460 730 4507 S.
