3100 5125
628 332 919 398 PRAEFATIO.
1305 362 1325 403 v

228 489 247 519 “
259 481 427 548 differunt:
452 488 489 548 ut
511 483 596 547 nulla
617 483 701 547 ratio
719 484 847 548 omnino
869 490 962 559 esset,
982 505 1040 548 cur
1058 489 1168 549 textus
1190 508 1230 549 ex
1254 487 1326 551 Mo-

228 569 348 632 “riano
362 569 470 634 codice
484 570 603 653 optime
617 569 811 634 constitutus
824 570 873 634 vel
888 569 1048 633 tantillum
1062 575 1272 636 mutaretur.”

271 710 344 775 Hoc
362 710 460 797 igitur
475 718 568 775 textu
591 734 667 775 usus
689 734 767 789 sum,
784 713 871 776 facta
893 712 981 797 prius
1003 712 1169 779 collatione
1191 716 1324 781 aliarum

226 795 412 871 editionum,
427 804 461 860 et
476 797 629 882 inspectis
643 819 870 882 nonnunquam
885 797 1048 862 codicibus
1066 806 1162 884 prout
1176 822 1227 865 res
1243 802 1323 865 tule-

226 882 279 945 rit.
325 883 447 947 Menda
461 883 607 968 quaedam
623 883 751 948 Smithii
765 884 923 968 corrigere
943 883 1033 968 potui
1053 886 1096 948 ad
1117 885 1220 969 ipsum
1238 887 1324 951 Mori

226 968 366 1031 codicem
381 991 441 1053 ope
454 968 548 1033 amici
565 968 843 1054 Oantabrigiensis‚
857 969 910 1053 qui
924 968 995 1034 loca
1009 970 1159 1035 nonnulla
1169 972 1323 1037 Historiae

226 1052 458 1119 Ecclesiasticae
473 1061 507 1118 et
520 1054 673 1118 Historiae
685 1056 852 1118 Abbatum
867 1061 998 1140 rogatus
1013 1056 1237 1121 humanissime
1250 1080 1324 1123 oon·

226 1140 309 1217 tulit,
326 1162 384 1225 pro
399 1163 462 1224 quo
477 1139 506 1203 ei
523 1161 607 1203 nuno
628 1139 765 1205 libenter
786 1140 907 1225 gratias
928 1161 1008 1226 ago:
1033 1142 1178 1225 quaedam
1193 1143 1323 1208 Steven-

225 1247 283 1288 son
299 1226 332 1287 in
347 1226 486 1289 editione
505 1248 564 1289 sua
581 1226 769 1310 jamdudum
784 1226 1025 1290 emendaverat:
1049 1225 1185 1311 denique
1200 1228 1324 1312 paucis-

225 1310 306 1375 sima
328 1311 360 1374 in
384 1312 489 1375 dubiis
509 1311 586 1376 locis
608 1311 781 1388 immutavi,
800 1310 855 1374 ubi
877 1311 1011 1375 aliarum
1032 1312 1207 1376 editionum
1228 1314 1324 1379 lectio

225 1396 289 1460 lide
299 1397 470 1481 probabilis
482 1419 575 1460 sensu
586 1397 692 1482 potior
703 1419 771 1461 esse
783 1397 969 1470 videbatur;
990 1396 1046 1460 sed
1056 1398 1137 1461 levia
1147 1399 1216 1462 haec
1227 1407 1312 1464 sunt.

270 1481 424 1546 Historiae
446 1481 680 1547 Ecclesiasticus
702 1481 851 1567 subjunxi
873 1481 1043 1546 editionem
1063 1483 1197 1547 duorum
1216 1484 1324 1549 Baedae

227 1567 466 1653 Opusculorum
483 1568 662 1632 Historiam
680 1568 847 1632 Abbatum
863 1566 1177 1632 Vuiremuthensium
1193 1577 1227 1634 et
1242 1571 1322 1655 (lyr-

226 1655 392 1717 uuensium
413 1661 447 1718 et
469 1653 649 1738 Epistolam
673 1654 715 1716 ad
738 1654 944 1753 Ecgbertum,
966 1660 1064 1737 atque
1086 1654 1238 1739 Epistolae
1261 1655 1323 1719 Bo-

225 1738 331 1802 nifacii
363 1741 406 1803 ad
437 1739 633 1804 Gudbertum
663 1739 935 1823 archieprscopum
966 1739 1219 1818 Oantuan'orum
1250 1764 1322 1826 quae

225 1824 332 1973 glmnia
364 1825 530 1889 historiam
566 1824 704 1889 ecclesiae
731 1823 910 1911 Anglorum
947 1825 1014 1909 ejus
1043 1826 1150 1890 saeculi
1187 1828 1322 1891 multum

227 1909 234 1924 '
258 1917 394 1975 ustrant.

216 1985 228 2024 ·,
270 1994 391 2060 Textus
406 1996 560 2060 Historiae
576 1995 751 2072 Abbatum,
771 2002 805 2059 et
828 1994 980 2095 Epistulae
1001 1995 1107 2059 Baedae
1123 1997 1164 2059 ad
1184 1997 1322 2082 Ecgber·

226 2088 296 2145 tum
317 2104 357 2145 ex
377 2082 515 2146 editione
536 2080 673 2158 Smithii,
691 2080 784 2144 simili
805 2088 929 2145 ratione
947 2102 1010 2165 qua
1034 2081 1188 2146 Historiae
1215 2083 1323 2147 Eccle-

225 2165 369 2245 siasticae,
386 2167 571 2251 desumptus
586 2174 645 2231 est.
690 2167 770 2231 Oum
785 2188 859 2230 vero
875 2166 981 2231 Smith
1003 2166 1035 2231 in
1056 2167 1243 2251 praefatione
1265 2191 1325 2233 sua

225 2253 348 2327 asserit,
369 2254 469 2337 (quod
492 2253 666 2317 Stevenson
689 2259 723 2316 et
745 2251 833 2315 Giles
853 2274 1020 2336 perperam
1041 2256 1216 2337 repetunt)
1239 2255 1323 2318 codi-

226 2359 294 2401 cem
316 2338 470 2403 Historiae
486 2339 652 2402 Abbatum
674 2338 706 2400 in
726 2338 865 2422 Collegio
887 2338 1084 2402 Mertonensi
1103 2360 1181 2416 esse,
1197 2339 1324 2404 videtur

225 2422 259 2486 in
287 2424 393 2487 animo
423 2424 569 2488 habuisse
595 2424 735 2487 codicem
763 2423 850 2487 illum
880 2422 1089 2487 Bodleianum
1119 2424 1251 2488 Fairlax
1281 2429 1321 2489 6:

225 2531 299 2574 nam
323 2510 496 2596 Collegium
526 2509 668 2575 Mertoni
692 2510 811 2572 nullum
833 2510 931 2574 habet
959 2509 1099 2573 codicem
1124 2510 1218 2594 hujus
1240 2510 1321 2588 libri,

225 2596 281 2659 sed
306 2595 459 2680 Epistolae
489 2596 596 2660 Baedae
621 2597 663 2660 ad
693 2596 897 2681 Ecgbertum,
925 2602 959 2660 et
986 2594 1139 2659 Historiae
1166 2597 1322 2662 Ecclesia

225 2681 313 2746 sticae
339 2682 479 2745 codicem
505 2682 747 2766 imperfectum:
785 2681 890 2745 Smith
915 2691 1023 2745 autem
1051 2687 1139 2744 certe
1167 2704 1242 2745 usus
1272 2690 1323 2748 est

225 2767 333 2830 codice
348 2766 402 2830 illo
417 2768 548 2831 Fain‘ax
564 2770 593 2831 6.
630 2768 738 2830 Alium
753 2789 828 2830 vero
843 2773 999 2851 praeterea
1013 2766 1151 2830 codicem
1167 2767 1322 2834 Historiae

225 2851 393 2917 Abbatum
407 2853 506 2917 habet
520 2852 719 2916 Bibliotheca
733 2851 919 2927 Bodleiana,
934 2874 1027 2935 quern
1038 2875 1081 2915 an
1093 2853 1197 2917 Smith
1207 2854 1322 2919 viderit

225 2935 380 3002 incertum
406 2946 464 3003 est.
517 2938 581 3002 Hic
608 2945 658 3002 est
683 2938 761 3002 cod.
788 2937 1049 3022 Digby112,et
1078 2939 1220 3003 continet
1246 2939 1323 3003 His-

224 3023 342 3087 toriam
368 3025 534 3088 Abbatum
560 3023 780 3107 interruptam,
805 3045 876 3085 cum
904 3022 974 3086 aliis
1002 3023 1098 3086 rebus
1126 3023 1159 3086 in
1187 3023 1322 3089 formam

225 3107 426 3173 homiliarum
447 3110 620 3194 digestam:
647 3109 694 3172 ita
713 3116 823 3173 tamen
845 3108 952 3171 Baedee
974 3108 1071 3192 ipsius
1089 3111 1185 3173 verba
1207 3110 1239 3172 in
1254 3111 1321 3194 qui-

225 3194 359 3259 busdam
373 3195 450 3259 locis
464 3217 589 3258 servare
603 3194 728 3258 videtur
741 3201 779 3258 ut
793 3193 867 3256 inde
881 3199 990 3257 textus
1004 3194 1146 3257 nonnihil
1160 3195 1321 3261 emendari

225 3280 375 3363 potuerit,
390 3279 569 3365 praesertim
584 3303 656 3343 cum
673 3281 706 3342 in
721 3279 760 3342 iis
775 3279 851 3364 ipsis
866 3279 1027 3362 conspirat
1042 3301 1114 3342 cum
1129 3282 1321 3346 emendatio-

226 3365 319 3428 nibus
328 3389 407 3450 quas
419 3367 593 3430 Stevenson
609 3388 648 3429 ex
661 3364 836 3429 Harleiano
848 3364 954 3427 codiee
966 3365 1176 3450 decerpserat.
1212 3367 1321 3432 Codex

227 3449 380 3534 Epistolae
396 3452 503 3515 Beedae
518 3451 560 3514 ad
576 3451 773 3535 Ecgbertum
788 3471 881 3534 quem
896 3449 1036 3535 possidet
1049 3451 1221 3536 Collegium
1235 3453 1320 3516 Mer·

226 3536 294 3599 toni
310 3536 377 3621 ipse
391 3537 441 3601 est
455 3560 476 3600 a
491 3559 553 3622 quo
569 3537 674 3600 Smith
688 3543 813 3600 tentum
828 3557 919 3598 suum
934 3535 1111 3599 constituit.

270 3622 392 3686 Textus
407 3622 560 3706 Epistolae
575 3621 729 3685 Bonifacii
743 3627 794 3684 est
809 3621 927 3685 Serarii
947 3642 1019 3684 cum
1040 3621 1110 3684 aliis
1128 3622 1322 3687 editionibus

227 3707 360 3771 collatus
374 3714 408 3771 et
423 3730 440 3771 e
456 3707 646 3792 Spelmanno
661 3707 844 3855 completus.
1162 3723 1165 3727 ’

271 3792 310 3855 In
331 3793 474 3878 margine
496 3793 608 3878 positae
630 3799 705 3857 sunt
738 3792 897 3856 ectionum
919 3794 1092 3857 varietates
1113 3815 1191 3877 quas
1216 3793 1321 3857 Smith

226 3877 353 3963 collegit
367 3901 440 3941 curn
450 3879 595 3964 vulgatas
610 3878 764 3942 editiones
779 3900 796 3941 e
812 3878 920 3942 codice
937 3878 1023 3943 Mori
1034 3877 1221 3942 emendavit.
1249 3878 1321 3943 Has

226 3963 277 4027 ille
292 3965 350 4027 sub
365 3964 469 4042 titulo,
493 3964 689 4049 Vahyotoram
706 3964 857 4041 Codicum,
873 3964 1007 4049 margini
1023 3986 1079 4026 suo
1094 3963 1262 4047 apposuit;
1288 3973 1321 4029 et

225 4048 313 4113 fuere
337 4049 462 4133 quidem
484 4072 557 4113 cum
579 4049 736 4113 editorum
761 4057 832 4113 tum
857 4049 1143 4134 manuscriptorum
1169 4049 1321 4113 librorum

226 4134 407 4212 varietates,
423 4158 503 4221 quas
518 4135 604 4198 Giles
621 4156 762 4220 persaepe
779 4135 812 4196 in
827 4141 952 4199 textum
967 4156 1058 4199 suum
1072 4134 1234 4199 restituit:
1262 4136 1321 4200 has

225 4241 285 4306 ego
301 4220 334 4284 in
348 4221 490 4306 margine
504 4220 620 4285 retinui
640 4221 667 4284 si
710 4227 783 4285 atas
802 4220 895 4284 litera
911 4220 963 4285 V:
994 4220 1063 4285 aliae
1081 4221 1202 4285 habent
1223 4221 1320 4305 Olafi.

226 4329 305 4391 quas
321 4306 426 4370 Smith
440 4328 458 4370 e
473 4305 655 4371 Ohiffletiie
678 4307 775 4370 itione
790 4305 911 4370 citavit.
961 4306 1025 4370 Sed
1044 4329 1117 4370 cum
1133 4305 1237 4372 Smith
1256 4330 1321 4371 non

225 4413 343 4476 paucas
356 4391 586 4476 discrepantias
600 4391 733 4456 aliarum
751 4399 828 4456 ante
843 4413 877 4456 se
891 4391 1066 4456 editionum
1080 4391 1196 4471 omisit,
1212 4415 1320 4458 earum

224 4498 391 4542 numerum
405 4477 489 4556 auxi,
503 4477 615 4542 addita
629 4478 741 4542 eadem
754 4476 857 4556 litera,
870 4477 913 4557 V,
929 4477 1054 4562 quoties
1068 4500 1086 4542 e
1100 4478 1195 4544 variis
1210 4478 1320 4544 editio
