3100 5125
96 331 175 390 -6.
507 337 672 404 eunus
694 339 966 407 ANGLORUM.
1240 345 1284 410 87

165 484 280 551 ¹multo
303 494 466 574 'tempore
491 493 545 578 qui
573 515 754 577 praeconem
781 517 804 560 a
832 517 868 560 se
895 494 1041 560 veritatis
1071 495 1281 578 ¹expulerant,

179 571 362 638 daemonicis
384 577 521 642 cultibus
539 577 667 664 impune
687 581 879 646 serviebant.
924 581 1009 645 Nam
1030 581 1149 666 egressi
1170 588 1285 646 contra

178 664 309 806 gentem
323 661 534 727 Geuissorum
554 664 588 728 in
609 667 762 751 praelium,
779 689 888 732 omnes
909 667 1031 752 pariter
1052 689 1125 730 cum
1146 689 1205 731 sua
1225 665 1283 730 mi·

192 744 250 808 ’tia
271 755 470 827 corruerunt,
485 772 554 827 nec,
573 750 650 816 licet
670 753 856 817 auctoribus
880 752 1024 838 perditis,
1040 752 1219 817 excitatum
1239 753 1283 816 ad

179 831 299 896 scelera
313 833 424 918 vulgus
446 835 553 920 potuit
574 838 755 924 ”recorrigi
771 846 870 923 atque
891 839 934 903 ed
955 837 1193 923 simplicitatem
1207 838 1282 902 fidei

179 922 214 979 et
228 918 374 983 caritatis
389 941 460 1005 quae
475 928 525 986 est
539 922 572 986 in
588 922 725 1002 Christo,
741 923 894 990 revocari.

124 1063 168 1148 85
632 1084 740 1150 eAP.
767 1085 829 1150 vl.

182 1181 221 1237 U!
242 1193 383 1260 correptae
404 1187 438 1242 ab
458 1188 578 1262 apostolo
599 1190 685 1246 Petro
707 1189 1116 1247 numerosissimarum
1136 1208 1226 1266 regem
1246 1193 1283 1248 od

195 1291 198 1297 ·
223 1262 360 1322 Christum
371 1270 546 1403 {anement
562 1271 608 1344 qni
624 1289 686 1327 mor
698 1271 840 1328 Mellitum
855 1279 883 1327 et
897 1271 1011 1328 Justum
1029 1273 1065 1327 ad
1078 1273 1282 1346 predicendum

221 1363 397 1404 revocavere.

155 1450 169 1499 s
224 1438 297 1503 Onu
313 1463 388 1505 vero
406 1449 439 1508 et
461 1443 653 1510 Laurentius
668 1445 829 1511 Mellitum
843 1446 867 1509 J
869 1453 1038 1530 ustumque
1057 1453 1223 1510 secuturus
1242 1469 1280 1510 ac

180 1523 374 1590 Brittaniam
393 1535 478 1594 esset
499 1530 675 1608 relicturae,
695 1531 792 1616 jussit
813 1532 884 1617 ipsa
903 1531 964 1596 sibi
983 1539 1078 1596 nocte
1098 1531 1132 1594 in
1150 1532 1280 1597 ecclesia

178 1611 347 1676 beatorum
366 1615 583 1699 apostolorum
602 1616 694 1681 Petri
714 1624 748 1681 et
771 1618 864 1682 Pauli
878 1619 919 1682 de
934 1640 998 1702 qua
1010 1618 1194 1701 frequenter
1210 1618 1279 1703 jam

179 1695 326 1778 diximus,
345 1705 484 1764 stratum
500 1702 616 1785 parari,
640 1703 673 1764 in
696 1726 759 1787 quo
782 1725 854 1768 cum
875 1710 950 1789 post
970 1703 1088 1766 multas
1109 1725 1220 1788 preces
1239 1726 1278 1768 ac

177 1786 333 1868 lacrymas
355 1785 397 1850 ad
423 1786 617 1850 ²Dominum
639 1810 699 1873 pro
722 1795 812 1854 statu
833 1789 973 1853 ecclesiae
995 1790 1090 1866 fusos,
1112 1788 1155 1852 ed
1177 1788 1280 1888 onies-

178 1870 314 1935 cendum
339 1871 482 1936 membra
510 1873 668 1956 posuisset
697 1880 795 1960 etque
824 1875 1045 1952 obdormisset,
1071 1881 1222 1959 apparuit
1249 1876 1279 1940 ei

138 1980 169 2014 10
177 1955 380 2022 beatissimus
406 1959 622 2043 apostolorum
650 1961 808 2045 princeps,
833 1967 867 2024 et
895 1961 996 2024 multo
1024 1959 1112 2024 illum
1135 1966 1280 2044 tempore

177 2049 310 2106 secretae
327 2043 431 2132 noctis
445 2044 576 2129 flagellis
591 2045 782 2110 'artioribus
794 2045 944 2122 afficiens,
960 2045 1187 2110 sciscitabatur
1203 2068 1279 2131 apo-
1298 2090 1302 2096 -

177 2128 291 2192 stolica
308 2128 518 2205 districtione,
535 2152 632 2214 quare
654 2153 783 2217 gregem
804 2153 898 2216 quem
917 2131 978 2195 sibi
998 2131 1066 2216 ipse
1088 2131 1277 2211 crediderat,

176 2214 379 2299 relinqueret,
395 2216 444 2280 vel
463 2215 515 2279 cui
535 2221 700 2301 pastorum
720 2239 794 2281 oves
810 2217 930 2281 Christi
953 2217 986 2280 in
1003 2217 1109 2280 medio
1131 2217 1279 2302 luporum

176 2300 303 2402 positas
323 2301 447 2402 fugiens
469 2300 536 2386 ipse
560 2301 771 2404 bdimitteret.
815 2307 870 2366 An
891 2305 966 2404 mei,
985 2301 1228 2404 ipqdit‘fldmm
1249 2325 1279 2368 es

135 2556 275 2641 ¹5c’psam
290 2568 439 2643 postrano
460 2570 594 2635 mortem,
609 2570 733 2624 mortem
753 2570 855 2624 cunm
873 2560 980 2633 merie,
1002 2557 1040 2624 ab
1057 2557 1228 2641 inficiabitur
1248 2570 1278 2624 et

174 2642 310 2708 inimicis
342 2645 456 2709 Otmbtc'
484 2646 547 2729 ipre
576 2667 644 2709 cnm
669 2645 787 2709 Otrtcto
815 2646 1004 2709 armandae
1023 2644 1169 2729 penali?
1214 2644 1276 2709 His
1381 2712 1387 2723 ‚

174 2729 262 2794 beati
289 2730 380 2795 Petri
405 2730 537 2816 flagellis
560 2730 652 2794 simul
676 2736 710 2795 et
739 2731 1014 2795 exhortationibus
1041 2730 1201 2794 animatus
1230 2731 1277 2794 fa·

173 2814 278 2878 mulus
294 2816 413 2881 Christi
429 2816 629 2893 Laurentius,
645 2839 720 2880 mox
739 2838 833 2881 mane
852 2817 938 2880 fecto
952 2816 1039 2880 venit
1053 2816 1095 2879 ed
1109 2838 1225 2900 regem,
1241 2822 1276 2880 et

174 2913 189 2945 ⁶
193 2908 316 2967 retecto
327 2902 517 2966 vestimento
529 2902 656 2986 quantis
668 2908 752 2966 esset
763 2902 945 2967 verberibus
955 2902 1113 2965 laceratus
1123 2901 1273 2965 ostendit.

175 2987 237 3068 Qui
252 2989 387 3053 multum
406 2988 550 3065 miratus,
566 2994 599 3051 et
619 2988 780 3073 inquirens
794 2988 865 3072 quis
882 2994 976 3052 tanto
992 2988 1060 3052 viro
1077 2987 1158 3052 tales
1178 3008 1275 3050 ausus

131 3081 260 3138 noesset
288 3074 399 3159 plagas
428 3072 589 3158 infligere:
625 3080 663 3137 ut
691 3074 813 3138 audivit
839 3073 914 3158 quia
943 3094 1008 3138 suae
1037 3094 1134 3137 causa
1162 3072 1274 3137 salutis

173 3160 338 3245 episcopus
353 3160 394 3224 ab
409 3159 554 3244 apostolo
569 3159 688 3223 Christi
702 3166 798 3225 tanta
817 3165 901 3224 esset
920 3165 1082 3225 tormenta
1101 3158 1273 3244 plagasque

172 3244 1273 3396 butte?tertettssssssbtbsssrimtttmbtuteie
1308 3330 1312 3336 ·

173 3404 303 3495 Christi,
318 3423 353 3481 et
367 3380 557 3501 baptizatus,
571 3416 708 3481 ecclesiae
722 3418 818 3481 rebus
833 3351 1159 3501 qffintum’valuitffin
1174 3414 1272 3480 omni·

172 3503 233 3565 bus
257 3502 418 3567 consulere
441 3524 479 3565 ae
501 3501 607 3565 favere
632 3502 763 3568 curavit.
811 3502 903 3565 Misit
928 3502 1026 3566 etiam
1048 3501 1216 3578 dGalliam,
1239 3506 1274 3564 et

172 3587 333 3653 revocavit
349 3586 508 3652 Mellitum
522 3609 559 3653 ec
573 3588 598 3651 J
599 3594 715 3666 ustum,
732 3610 847 3672 eosque
862 3588 905 3652 ad
925 3609 999 3652 suas
1016 3587 1163 3651 ecclesias
1176 3587 1273 3650 libere

207 3752 283 3806 ¹port
294 3751 401 3805 tempore
463 3758 537 3804 reges
545 3744 589 3805 qut
600 3743 630 3791 V.
642 3758 715 3804 reges
726 3743 756 3791 G.
822 3743 833 3781 t
844 3743 991 3803 depulerant
1000 3740 1030 3788 V.
1109 3751 1126 3779 ¹1
1137 3741 1231 3800 corrigi
1242 3738 1273 3787 V.

173 3815 187 3843 ¹
198 3824 255 3857 vero
266 3809 373 3857 Laur-
385 3808 415 3855 V.
547 3819 563 3857 r
575 3808 736 3856 Eadbaldum
748 3807 810 3856 V.G.
822 3806 893 3856 Cous.
907 3821 960 3867 sup.
972 3817 995 3868 5.
1030 3804 1079 3853 Sed
1089 3805 1233 3853 varietatem
1246 3803 1272 3851 iu

172 3874 247 3923 modo
264 3872 384 3922 scribendi
398 3888 453 3935 quae
468 3871 494 3920 in
511 3886 557 3920 usu
575 3872 648 3920 fuisse
664 3872 769 3933 videtur,
786 3887 841 3920 cum
860 3872 886 3919 S.
903 3877 929 3919 et
945 3872 980 3918 st.
997 3869 1096 3917 retinui.
1130 3869 1272 3917 Notandum

169 3946 257 3989 rumen
275 3938 335 3987 cod.
353 3937 545 3987 Dunelmensern
560 3937 701 3985 varietatem
720 3936 784 3985 hunc
802 3951 852 3985 non
867 3935 1006 3993 admittere,
1017 3936 1059 3982 sed
1071 3934 1175 3981 formum
1189 3932 1270 3981 naut.

172 4017 278 4053 servare.
311 4002 401 4049 Verum
418 4002 492 4058 aliam
510 4016 606 4063 quoque
620 4002 724 4049 formam
737 4002 792 4049 ride
808 4002 874 4049 infre
884 4000 908 4047 8.
921 4000 967 4047 &c
978 3999 1005 4047 iu
1021 3998 1131 4061 epistolis
1142 3996 1271 4045 Bonifucii.

172 4068 281 4115 ¹Deum
292 4066 323 4115 V.
404 4076 420 4107 α
430 4066 565 4114 artior-ibus
577 4066 646 4113 MSS.
659 4072 727 4129 vett,
737 4063 936 4113 ccrioriburalii.
1012 4062 1217 4111 eremitteret&
1229 4077 1273 4124 per

171 4146 220 4179 err.
233 4139 284 4195 typ.
383 4130 496 4191 crejeca
508 4129 537 4177 V.
638 4128 687 4177 ‘ia
703 4130 813 4177 Gallium
824 4129 888 4178 V.G.

204 4267 246 4328 46.
260 4268 428 4331 Gouusmm]
444 4268 518 4317 Aliud
525 4282 622 4330 quoque
632 4268 723 4317 bellum
736 4268 784 4317 fuit
793 4267 826 4316 A.
833 4268 866 4317 D.
874 4265 995 4315 brtinter
1006 4265 1178 4315 AErhelfridum
1187 4279 1269 4328 mem

171 4334 394 4397 Nortbymbrorum
406 4340 431 4382 et
442 4333 594 4381 Redraldum
606 4348 688 4395 regem
701 4333 865 4381 Orientalium
878 4332 1023 4395 Anglorum.
1034 4331 1125 4380 chron.
1137 4331 1196 4378 Su.

208 4399 245 4447 18.
258 4398 397 4445 venatus
407 4398 543 4459 moeretur]
560 4398 653 4445 Similis
664 4398 714 4445 fere
725 4398 787 4446 visio
799 4406 912 4445 narretur
925 4397 967 4460 (ab
978 4391 1112 4459 anonymo)
1126 4396 1156 4443 de
1167 4394 1269 4443 Natalio

171 4463 198 4511 in
211 4462 299 4510 Euscb.
313 4462 378 4510 Hist
392 4462 459 4511 Eccl.
471 4478 496 4510 v.
506 4462 545 4510 28.
557 4463 580 4511 8.
614 4462 782 4512 Tertullianus
790 4477 886 4524 quoque
901 4463 954 4511 ait:
971 4460 1029 4509 sce
1039 4460 1155 4523 fratrem
1166 4475 1216 4521 per
1231 4460 1268 4505 m*-

170 4530 263 4575 n'onem
274 4528 359 4574 eadem
369 4534 441 4576 nocte
450 4529 604 4587 metientem
614 4528 737 4587 mrim.
771 4528 810 4576 De
823 4527 910 4577 idolol.
921 4537 959 4589 15.
971 4541 994 4588 p.
1006 4536 1061 4588 170.
