3100 5125
260 251 326 317 204
598 243 835 314 HISTORIAE
859 247 1037 314 Edonus,
1279 246 1448 331 IV.13-

263 399 413 477 Eanheri
428 423 483 484 qm
473 399 599 500 ambq
612 420 694 464 oum
714 422 773 464 suo
792 401 909 486 populo
925 400 1098 466 Christiani
1118 401 1215 464 luera
1260 397 1442 482 Crete-156

262 507 342 561 rum,
366 491 439 550 tota
438 485 620 585 'provincia
641 486 842 550 Australlum
864 486 1027 552 Saxonum
1049 485 1146 552 divini
1170 483 1308 550 nominis
1332 490 1368 547 et

262 571 337 634 fidei
351 571 445 635 erat
436 593 557 656 rgnara.

307 656 390 721 Erat
405 664 514 720 eutem
533 655 577 720 ibi
598 657 772 721 monachus
797 656 926 756 quidam
947 657 987 721 de
1010 655 1141 722 natione
1165 655 1364 732 Scottorum,

125 747 131 762 '
175 781 182 795 ·
262 742 415 842 vocabulo
437 742 541 819 Dioul,
560 743 681 807 babens
698 741 978 842 monasteriolum
999 741 1245 827 permodicum'
1236 763 1270 806 ιιι
1292 741 1365 804 loeo

262 827 317 912 qui
332 834 465 891 vocatur
479 827 702 928 Bosanhamm
718 827 802 892 silvis
817 834 851 891 et
870 828 951 891 mari
971 827 1210 904 circumdatum.
1226 827 1308 890 etur
1324 848 1388 896 eos

263 915 379 976 fratres
399 913 536 999 quinque
559 913 626 976 sive
644 932 709 989 sex,
732 914 765 976 in
788 913 896 976 humili
920 920 954 978 et
976 935 1114 998 paupere
1136 913 1202 977 vita
1222 912 1365 976 Domino

160 998 167 1012 '
201 1006 206 1014 ’
263 999 462 1062 famulantes.
507 999 570 1063 Sed
589 999 827 1084 provincialium
846 999 950 1062 nullus
964 1021 1073 1064 eorum
1087 999 1136 1064 vel
1151 999 1250 1064 vitam
1263 1019 1364 1062 aemu-

262 1085 331 1159 lari,
347 1085 396 1148 vel
410 1084 667 1168 pradicationem
682 1087 817 1150 curabat
831 1085 989 1149 audire.

281 1171 536 1256 Evangelizans
549 1177 658 1234 autem
671 1170 760 1256 genti
773 1171 941 1256 episcopus
954 1170 1080 1246 Villrid,
1096 1191 1160 1232 non
1174 1170 1276 1233 solum
1291 1191 1365 1234 eam

263 1258 305 1320 ab
319 1278 461 1320 aerumna
475 1264 636 1341 perpetuae
659 1256 882 1332 damnationis,
898 1278 1008 1320 verum
1022 1263 1056 1320 et
1070 1279 1090 1320 a
1105 1255 1194 1318 olade
1209 1255 1364 1318 Ζιιιιιιιιιιι

262 1342 446 1426 temporalis
468 1342 617 1406 interitus
617 1341 761 1442 'eripuit
809 1342 972 1426 Siquidem
991 1341 1094 1405 tribus
1109 1341 1200 1404 annis
1214 1347 1292 1404 ante
1306 1341 1364 1404 ad·
1376 1363 1407 1400 ιο

263 1436 393 1492 ventum
408 1429 475 1512 ejus
490 1428 523 1490 ιιι
537 1427 742 1527 provinciam,
758 1428 844 1491 nulla
859 1427 942 1491 illis
933 1449 966 1489 ιιι
980 1427 1056 1490 loeis
1071 1426 1176 1527 pluvia
1191 1426 1363 1502 ceciderat,

263 1514 347 1577 unde
368 1520 401 1578 et
419 1514 520 1577 fames
539 1513 742 1577 acerbissima
760 1514 885 1598 plebem
908 1511 1090 1576 invadens
1082 1512 1179 1612 impia
1195 1534 1271 1576 nece
1289 1534 1364 1595 pro-

263 1600 388 1664 stravit.
433 1599 577 1684 Denique
601 1600 726 1663 alerrmt
749 1599 838 1683 quia
844 1621 928 1682 saepe
952 1597 1165 1682 quadraginta
1186 1597 1279 1660 simul
1303 1605 1365 1661 aut

263 1685 494 1770 quinquaginta
513 1685 654 1748 homines
674 1684 780 1749 inedia
799 1685 951 1748 macerati
970 1684 1179 1768 procederent
1195 1683 1238 1747 ed
1251 1684 1364 1767 praeei·

263 1771 377 1856 pitium
398 1771 572 1857 aliquod
547 1793 612 1834 srve
633 1771 736 1870 ripam
755 1771 861 1846 marie,
878 1776 911 1834 et
930 1769 1049 1854 junctis
1069 1769 1182 1832 misere
1203 1768 1362 1846 manibus,

263 1857 385 1941 pariter
408 1879 517 1919 omnes
541 1863 599 1920 aut
623 1856 716 1918 ruina
740 1855 883 1940 perituri
908 1862 966 1920 aut
994 1855 1144 1919 fluetibus
1169 1853 1364 1918 absorbendi

265 1943 455 2006 deciderent
501 1941 647 2005 Verum
638 1963 706 2025 rpso
721 1941 781 2018 die,
799 1964 861 2025 quo
875 1941 1035 2040 baptisma
1049 1941 1123 2015 fidei
1142 1961 1221 2025 gens
1236 1941 1363 2004 bsusee-
1376 1962 1402 2010 ιε

264 2027 313 2112 pit
333 2028 394 2104 illa,
411 2027 574 2091 descendit
594 2026 710 2126 pluvia⁸
718 2049 830 2091 serena
845 2027 919 2090 csed
941 2026 1078 2110 copiosa,
1096 2026 1241 2090 refloruit
1261 2031 1361 2102 terra,

264 2113 383 2176 drediit
407 2112 617 2176 viridantibus
645 2112 730 2175 arvis
754 2135 856 2177 annus
879 2113 972 2176 laetus
996 2119 1029 2176 et
1052 2111 1191 2196 frugifer.
1246 2111 1363 2194 Sioque

263 2199 391 2287 abjecta
407 2197 512 2282 prisca
532 2198 765 2282 superstitione,
782 2199 950 2262 exsufflata
969 2197 1126 2272 idolatria,
1143 2219 1199 2260 cor
1220 2196 1363 2259 omnium

263 2290 298 2347 et
318 2305 392 2347 caro
412 2283 551 2346 omnium
571 2283 822 2347 exultaverunt
814 2305 846 2346 ιιι
869 2283 1020 2346 Deum
992 2305 1114 2347 ιιιιιιιιε
1137 2281 1362 2380 intelligentes,

264 2391 336 2432 eum
351 2368 404 2452 qui
418 2389 511 2432 verus
526 2375 576 2432 est
591 2368 688 2441 Deus
703 2375 738 2432 et
756 2369 959 2433 interioribus
980 2391 1014 2432 se
1033 2367 1124 2432 bonis
1144 2374 1178 2431 et
1196 2367 1363 2430 exteriori-

263 2456 323 2517 bus
338 2453 456 2518 caelesti
471 2454 578 2539 gratia
596 2454 724 2517 ditasse
769 2455 853 2518 Nam
876 2461 909 2519 et
928 2453 1063 2518 antistes
1084 2475 1157 2517 oum
1171 2451 1337 2516 venisset
1328 2474 1362 2514 ιιι

263 2539 468 2625 provinciam,
490 2545 678 2625 tantamque
695 2540 738 2603 ibi
755 2540 848 2604 famis
871 2561 1000 2625 poenam
1020 2539 1150 2617 videret,
1173 2538 1284 2603 docuit
1306 2559 1362 2601 eos
1371 2566 1404 2601 ιο

262 2627 414 2711 piscando
433 2626 552 2690 vietum
572 2648 722 2711 quaerere.
768 2626 913 2726 Namque
936 2648 1024 2689 mare
1047 2632 1081 2689 et
1100 2625 1231 2688 flumina
1250 2646 1362 2688 eorum

262 2712 404 2797 piscibus
417 2712 644 2787 abundabant3
670 2713 726 2775 sed
744 2711 890 2862 piscandi
910 2712 1025 2796 peritia
1039 2710 1129 2797 genti
1144 2710 1274 2775 nulla
1242 2731 1304 2773 nrsr
1294 2709 1363 2774 ad

262 2799 417 2883 anguillas
438 2805 565 2862 tantum
586 2798 699 2862 inerat
771 2798 873 2861 olleo
849 2804 891 2861 trs
910 2818 986 2882 ergo
1006 2798 1223 2881 undeoumque
1237 2796 1362 2859 retibus

263 2884 498 2985 anguillaribus,
520 2883 662 2949 homines
678 2882 833 2946 antistitis
855 2882 1035 2946 miserunt
1026 2906 1060 2945 ιιι
1081 2904 1177 2958 mare,
1198 2888 1232 2945 et
1254 2882 1362 2945 divina

264 2992 298 3032 se
309 2970 442 3067 juvante
455 2969 561 3053 gratia
575 2990 651 3034 mox
665 2990 775 3053 cepere
791 2968 892 3053 pisoes
908 2967 1022 3033 diversi
1036 2968 1160 3053 generis
1175 2974 1359 3031 trecentos:

265 3055 408 3138 quibust
395 3053 550 3117 trifariam
565 3053 680 3130 divisis,
696 3061 824 3117 eentum
838 3054 1029 3152 pauperibus
1050 3054 1215 3130 dederunt,
1232 3061 1360 3116 centum
1371 3076 1401 3127 ις

263 3139 314 3202 his
328 3162 348 3203 a
364 3140 477 3222 quibus
491 3138 573 3202 retia
587 3147 785 3237 acceperant
802 3146 930 3203 centum
950 3138 983 3201 in
1001 3160 1075 3202 suos
1092 3160 1167 3201 usus
1187 3102 1360 3203 habebant.

265 3225 335 3306 Quo
349 3223 501 3292 beneficio
515 3225 650 3288 multum
664 3224 799 3288 antistes
821 3246 875 3287 cor
897 3224 1036 3289 omnium
1050 3224 1084 3287 in
1099 3246 1189 3287 suum
1204 3224 1362 3287 convertit

264 3332 413 3382 amorem,
437 3317 470 3373 et
495 3309 643 3373 libentius
666 3332 703 3373 eo
729 3310 923 3408 praedioante
946 3310 1083 3375 caelestia
1107 3332 1236 3394 sperare
1258 3332 1363 3394 coepo-

264 3402 349 3472 runt,
366 3396 456 3479 eujus
469 3394 644 3459 ministerio
659 3395 847 3490 temporalia
861 3396 945 3461 bona
960 3402 1171 3483 sumpserunt.

297 3554 500 3620 rmonorlerium
512 3572 542 3619 V.
633 3572 771 3635 tnesanda
782 3574 812 3619 V.
907 3584 921 3612 ι
927 3574 1014 3634 fertur
1026 3572 1055 3619 V.
1154 3574 1362 3634 banormum,

264 3639 306 3684 illo
316 3636 347 3685 V.
446 3644 495 3684 oet
507 3636 539 3685 V.
639 3638 787 3699 credatque
799 3638 829 3684 V.

227 3844 229 3847 ,
299 3808 322 3855 3.
335 3792 423 3853 Dicul]
444 3792 557 3841 Dicullus
567 3792 723 3855 presbyteros
734 3791 818 3839 Fursei
830 3807 912 3839 comes
923 3798 948 3839 et
964 3799 1044 3840 rector
1056 3792 1197 3841 monasterii
1211 3798 1365 3840 memoratus

265 3865 303 3907 est
313 3874 395 3919 supra,
406 3857 441 3904 iii.
453 3872 491 3917 19.

298 3939 322 3983 4.
334 3923 475 3970 Boeenhum
487 3928 511 3969 et
519 3920 636 3980 Selaeseu]
656 3922 694 3969 Ex
707 3920 744 3967 bis
756 3920 911 3969 monasteriis
920 3936 973 3981 quaa
982 3921 1060 3968 adhuc
1071 3920 1145 3969 situm
1156 3936 1226 3969 arrum
1235 3929 1260 3969 et
1272 3936 1363 3968 nomen

265 3989 381 4043 retinent,
393 3985 500 4033 surrexit
511 3986 688 4040 Cissancoestir,
700 3985 772 4032 hodie
784 3985 933 4042 Chicbcstcr,
946 4000 1000 4031 cum
1014 3986 1082 4033 sedes
1092 3986 1242 4047 episcopales
1253 3986 1283 4033 ab
1292 3985 1364 4047 iguo-

265 4052 355 4099 bllibus
365 4058 391 4098 et
401 4051 634 4098 incommodioribus
648 4050 710 4097 locis
724 4051 754 4097 nd
772 4052 844 4097 urbes
861 4050 1058 4097 transferrentur.
1094 4052 1203 4098 Ecclesia
1218 4051 1291 4110 paulo
1308 4055 1364 4110 post

266 4117 365 4163 condita
377 4133 391 4162 n
402 4115 530 4175 liudulpho
547 4114 670 4175 episcopo,
681 4125 706 4162 ct
718 4121 773 4175 post
788 4114 892 4161 subitam
908 4114 1125 4173 conflagrationem
1137 4115 1167 4163 nb
1179 4116 1263 4161 codem
1276 4128 1363 4161 recou-

266 4182 318 4227 ditn
335 4195 389 4227 cum
408 4179 501 4227 ιιιιίΙιο
517 4187 543 4226 et
558 4180 726 4226 munificentie
746 4178 847 4225 Henrloi
865 4178 937 4237 primi
956 4179 1030 4239 regis,
1049 4180 1174 4239 pulchram
1196 4178 1363 4237 spectantibus
1465 4232 1468 4238 ι

265 4245 352 4291 faciem
365 4244 468 4292 exbibet
495 4244 592 4291 Nomen
605 4244 653 4291 loci
665 4260 679 4291 a
691 4245 761 4291 cissa
773 4243 845 4290 AEllae
858 4242 908 4289 lilio
919 4243 961 4303 qui
972 4244 1066 4303 primus
1077 4244 1111 4291 ibi
1123 4246 1246 4292 Saxonum
1259 4257 1363 4304 regnum

265 4308 384 4367 fundarit,
401 4308 490 4367 regulis
506 4308 676 4370 etymologicis
690 4323 739 4355 ιιοιι
755 4308 821 4355 male
836 4309 959 4363 convenit,
971 4308 1013 4354 sed
1031 4308 1052 4353 si
1065 4322 1146 4356 verum
1164 4315 1202 4356 est
1218 4308 1283 4369 quod
1300 4306 1363 4353 nuti.

265 4372 345 4432 querit
357 4374 451 4430 volunt,
463 4372 590 4420 Brittones
600 4373 635 4419 ibi
651 4374 755 4433 positam
767 4372 881 4419 babuisse
893 4387 960 4419 sunm
974 4372 1079 4431 Caersei,
1091 4379 1172 4421 sctum
1184 4372 1231 4421 erit
1242 4373 1272 4420 de
1283 4370 1364 4431 Cissa,

265 4436 383 4500 altiorque
394 4437 520 4500 apparebit
530 4436 655 4487 Cicestria
664 4437 742 4499 origo.
763 4437 790 4484 S.
824 4436 948 4486 Cambden
961 4451 984 4497 p.
998 4448 1051 4502 197.
