3100 5125
491 345 656 415 curris
678 347 950 415 ANGLORUM.
1203 352 1268 418 cot

170 490 341 557 confinium
354 514 454 577 usque
469 496 623 579 Hymbrae
637 498 785 575 fluminis,
801 520 873 563 eum
887 499 952 565 suis
966 505 1115 585 tqumque
1129 499 1267 584 regibus,

172 576 366 641 Meroiorum
394 580 463 665 rogi
486 582 675 647 AEdilbaldo
704 585 856 668 subjectae
886 591 970 649 sunt.
1014 584 1064 649 At
1092 605 1167 649 vero
1195 606 1267 669 pro-

147 659 281 725 svinciae
303 662 649 749 Nordnnhymbrorum
672 668 722 731 eui
743 691 801 732 rex
823 670 969 734 Oeoluulf
985 676 1111 753 preest,
1130 677 1268 752 quatuor

170 767 255 809 nunc
282 746 422 832 episcopi
449 752 655 833 praesulatum
683 759 815 828 tenent3
855 753 973 818 Vilfrid
1006 755 1057 819 in,
1074 752 1268 817 Eboracensi

171 831 311 908 ecclesia,
328 830 477 898 Ediluald
496 836 530 899 in
546 836 825 915 Lindisiaronensi‚
841 839 954 905 ¹¹Acca
967 839 1001 902 in
1017 837 1267 924 Hagustaldensi

172 912 337 987 Pecthelm
351 918 385 981 in
399 940 437 983 ea
452 942 522 1003 quae
537 922 682 989 Candida
696 923 780 988 (lasa
793 931 936 1000 vocatur,
952 946 1022 1008 quae
1042 945 1143 1007 nuper
1161 921 1268 989 multiss

171 1000 297 1099 plicatis
313 1001 454 1069 fidelium
470 1006 624 1105 plebibus,
639 1008 673 1071 in
687 1008 793 1107 sedem
808 1010 1011 1093 pontificatus
1029 1008 1149 1107 addita,
1165 1008 1269 1091 ipsum

170 1086 1269 1263 intumescentes

133 1275 163 1309 ιο
172 1255 260 1338 pacis
280 1267 337 1321 vao
353 1258 499 1323 veritatis
520 1283 593 1324 cum
614 1262 781 1327 universali
800 1263 931 1328 ecclesia
952 1263 1112 1348 particeps
1132 1262 1269 1326 existere

169 1341 300 1423 gaudet.
345 1342 448 1408 Scotti
463 1345 518 1429 qui
532 1346 726 1413 Brittaniam
744 1348 886 1413 incolunt
908 1349 972 1411 suis
995 1347 1138 1413 contenti
1152 1346 1269 1411 finibus

171 1424 334 1490 nilcontra
342 1431 654 1516 gentemAnglorum
661 1432 847 1498 insidiarum
855 1434 1028 1499 moliuntur
1035 1438 1093 1497 aut
1100 1432 1268 1497 fraudium.

172 1509 347 1589 Brittones,
363 1514 505 1597 quemvis
526 1524 561 1579 et
581 1518 721 1582 maxims
742 1540 782 1581 ex
803 1526 896 1603 parte
918 1518 1091 1582 domestico
1113 1516 1174 1581 sibi
1196 1516 1269 1583 odio

170 1601 301 1679 gentem
315 1597 502 1683 Anglorum,
512 1608 546 1664 et
560 1602 660 1666 totius
671 1602 834 1667 catholicae
847 1603 986 1669 ecclesiae
998 1608 1140 1667 ¹stetum
1152 1602 1270 1686 pascha

171 1680 276 1742 minus
296 1689 384 1745 recte
406 1684 608 1770 moribusque
628 1686 780 1771 improbis
803 1687 1007 1773 impugnent3
1039 1694 1148 1751 tamen
1169 1692 1204 1750 et
1225 1686 1270 1748 di-

132 1782 163 1830 ¹5
173 1764 247 1828 vina
260 1766 320 1829 sibi
334 1773 369 1831 et
382 1767 522 1833 humana
535 1791 664 1855 prorsus
677 1772 847 1837 resistente
861 1773 989 1849 virtute,
1005 1772 1039 1835 in
1053 1778 1167 1835 neutro
1182 1769 1269 1854 cupi·

173 1856 243 1913 tum
265 1860 399 1935 possunt
421 1853 566 1918 obtinere
590 1856 808 1940 propositum:
837 1857 959 1943 quippe
985 1856 1038 1941 qui
1065 1855 1207 1940 quamvis
1230 1878 1271 1919 ex

205 2028 321 2092 tqnoque
332 2030 362 2077 V.
428 2034 645 2090 aestimasse
655 2033 717 2081 V.G.
783 2034 906 2081 rervm.
972 2039 1122 2081 xeratntnm
1133 2032 1270 2093 V.G.qnod

174 2108 230 2141 cum
242 2101 328 2141 notare
339 2094 450 2143 omiserit
462 2096 487 2144 S.
500 2096 582 2145 nescio
593 2112 625 2144 an
637 2096 663 2144 in
675 2096 741 2161 typis
752 2102 859 2145 erratum
871 2096 940 2145 sitin
952 2104 1054 2144 statum.

174 2246 240 2293 inter
250 2246 393 2308 Liccidfeld‚
406 2248 541 2311 Leogcrau,
552 2249 603 2313 (vel
614 2248 810 2314 legecestram)
821 2257 847 2299 et
859 2250 1014 2297 Dorcestram
1027 2247 1131 2297 divisam
1146 2262 1200 2295 esse
1216 2254 1272 2308 post

175 2317 279 2358 mortem
290 2312 409 2361 Aldrrini.
431 2314 499 2362 Gest.
510 2315 581 2361 Pont.
590 2314 623 2362 iv.
634 2330 659 2376 p.
668 2315 725 2363 288.

208 2390 231 2433 4.
243 2376 394 2437 AEddtaldo]
410 2378 460 2425 Hic
471 2390 511 2425 an.
520 2378 567 2442 7ι6
578 2378 788 2441 incepitregaare.
800 2392 840 2425 an.
852 2388 897 2439 733
910 2376 1060 2438 expugnavit
1075 2376 1219 2425 Sumurtuu.
1231 2390 1271 2422 an.

176 2448 224 2499 740
235 2453 278 2499 per
288 2439 388 2500 impiam
400 2440 510 2489 fraudem
520 2442 631 2490 vastabat
642 2450 734 2502 partem
743 2442 1012 2503 Nordanhymbrorum.
1027 2440 1095 2502 [infr.
1104 2440 1204 2487 Contin.
1214 2440 1272 2487 Chr.

174 2506 201 2551 “et
213 2504 305 2549 Bromt
317 2518 340 2564 p.
351 2504 417 2567 795.]
448 2508 497 2553 Au.
509 2507 618 2568 sequenti
630 2506 767 2553 Cuthredus
779 2520 822 2553 rex
834 2504 894 2553 Orc.
906 2506 963 2552 Sar.
976 2504 1064 2551 acriter
1074 2504 1100 2551 iu
1112 2518 1167 2551 eum
1181 2503 1272 2550 bellum

175 2571 258 2628 gessit.
291 2569 338 2616 An.
352 2579 406 2630 743.
417 2570 456 2618 bic
467 2577 492 2618 et
503 2571 641 2618 Cutbrcdus
652 2571 795 2632 pugnabant
808 2570 1037 2618 contra-Brittones.
1072 2568 1118 2615 An.
1132 2579 1187 2630 749.
1198 2568 1273 2628 privi-

175 2631 266 2692 legium
279 2632 429 2680 Merciorum
440 2634 548 2683 ecclesiis
559 2642 585 2682 ct
596 2633 750 2682 monasteriis
759 2634 886 2682 concessit.
920 2637 967 2680 An.
981 2643 1036 2694 757.
1050 2631 1117 2692 [756.
1131 2633 1188 2679 Chr.
1200 2631 1268 2692 San]

174 2696 270 2743 occisus
281 2704 319 2744 cst
328 2697 355 2742 in
366 2698 522 2745 &mendane
533 2713 547 2745 a
558 2698 610 2745 suis
619 2697 741 2746 tutoribus
756 2705 835 2744 morte
851 2697 1013 2753 fraudulenta,
1026 2704 1051 2743 et
1068 2697 1176 2756 sepultus
1192 2701 1231 2742 est
1246 2697 1272 2742 in

175 2758 366 2819 Hrcopandune.
383 2761 504 2808 Boniiacii
515 2761 642 2822 epistolam
654 2763 684 2809 ad
695 2775 751 2808 eum
764 2760 818 2808 ride
829 2761 918 2822 Spelur.
932 2761 992 2808 Con.
1005 2759 1021 2806 i.
1035 2772 1090 2818 ²32·
1108 2759 1132 2806 S.

209 2837 233 2884 5.
245 2823 353 2886 Vrtsridl
381 2825 504 2873 Successit
514 2840 534 2873 s.
545 2825 653 2872 dohanni
664 2841 689 2872 v.
700 2823 723 2872 6.
733 2825 845 2885 seditque
861 2839 900 2872 an.
913 2835 951 2885 ις.
984 2824 1023 2870 De
1039 2829 1148 2883 tompore
1164 2837 1213 2884 quo
1229 2823 1272 2870 de·

177 2888 277 2935 iunctus
292 2894 339 2946 cst,
351 2890 446 2936 cariam
459 2890 596 2950 scriptores.
630 2889 794 2938 continuator
806 2888 872 2950 Epit.
885 2889 957 2936 Beda
972 2885 1024 2946 ejus
1038 2887 1134 2936 obitum
1150 2886 1224 2934 refert
1241 2887 1272 2934 sd
1365 2918 1368 2923 -

178 2951 217 2998 an.
232 2963 286 3014 745.
299 2951 356 2999 chr.
369 2953 426 3000 Sax.
442 2953 480 3014 [et
490 2953 554 3001 Flor.
564 2953 632 3015 vig]
645 2954 677 3000 ad
688 2969 728 3000 an.
742 2962 796 3013 744.
805 2952 909 3000 Westm.
922 2952 952 3000 ud
965 2967 1004 2998 an·
1019 2962 1074 3012 743.
1107 2951 1171 2998 Tho.
1183 2949 1271 2998 Stubbs

179 3015 209 3062 ad
221 3031 260 3062 an.
271 3014 325 3078 736.
345 3017 478 3064 SimDnn.
489 3018 520 3065 sd
531 3031 571 3064 an.
581 3028 634 3080 735.
670 3017 801 3078 Epitomen
810 3025 836 3064 et
846 3015 937 3064 chron.
949 3016 1005 3062 Sex.
1019 3014 1191 3062 authoritatem
1204 3015 1272 3076 sequi

178 3088 276 3140 propter
286 3091 369 3127 comm
379 3081 547 3142 antiquitatem
553 3080 718 3128 venerabilem
729 3079 836 3128 maxime
846 3079 945 3134 arridet,
954 3093 1003 3126 non
1012 3077 1195 3139 obstantequod
1207 3078 1274 3138 prior

174 3149 219 3190 an.
233 3153 290 3204 732,
301 3151 326 3192 et
337 3143 457 3204 posterius
468 3161 508 3193 an.
520 3155 575 3208 734.
608 3145 769 3206 Ecgberctum
782 3145 922 3206 episcopum
933 3144 1025 3190 sactum
1042 3142 1132 3203 prodit
1165 3141 1272 3190 vilfrido

178 3221 212 3253 se.
224 3222 274 3254 non
286 3209 364 3255 adhuc
374 3209 498 3267 defuncto,
511 3210 553 3257 sed
569 3208 650 3271 potius
661 3209 742 3257 sedem
758 3208 823 3255 idtro
840 3208 998 3269 relinquente.
1033 3207 1081 3254 Sed
1098 3207 1221 3267 sequenda
1236 3212 1274 3254 est

178 3271 261 3318 forsan
272 3272 364 3333 opinio,
375 3289 449 3334 quam
461 3272 521 3334 Pagi
532 3289 573 3320 an.
585 3283 629 3333 731
642 3272 762 3320 debuere
774 3271 878 3333 scripsit.
910 3271 1053 3319 Arbitratur
1063 3270 1129 3318 enim
1142 3270 1273 3316 Vilfridum

179 3335 253 3382 Ebur.
264 3336 405 3384 defunctum
418 3351 458 3384 an.
472 3348 526 3398 732.
538 3337 671 3384 meandum
680 3337 738 3396 epit.
751 3336 835 3391 Bedsn
846 3343 870 3384 et
882 3343 993 3384 auctores
1003 3349 1053 3392 eos,
1065 3333 1106 3395 qui
1119 3333 1217 3381 Vilfridi
1228 3334 1273 3380 bu·

176 3397 218 3459 jus
235 3407 339 3448 mortem
355 3416 396 3448 an.
409 3412 454 3462 743
465 3402 504 3449 vel
516 3415 582 3462 seqq.
593 3401 700 3462 illigent,
717 3414 798 3448 errare
814 3399 949 3460 existimat,
966 3400 1022 3447 idco
1041 3399 1135 3446 scilicet
1151 3399 1273 3457 deceptos,

177 3462 238 3523 quia
256 3464 407 3530 interpretati
425 3472 484 3513 sunt
499 3467 570 3513 Beda
587 3465 652 3524 Epit
666 3464 867 3512 continuatorem
885 3466 916 3511 ad
932 3479 970 3512 an.
987 3474 1031 3524 745
1043 3464 1072 3510 de
1087 3461 1189 3509 Vilfrido
1201 3462 1275 3509 Ebor.

179 3541 234 3573 cum
252 3527 333 3588 potius
348 3527 805 3588 interpretandusvideturdeVilfrido
817 3527 930 3590 episcopo
947 3528 1114 3575 Huicciorum.
1148 3525 1274 3573 Lirinen-

179 3592 299 3639 triradilir
309 3593 376 3640 inter
389 3594 580 3641 cantuarienses
590 3601 615 3640 et
626 3592 733 3640 Eborac.
746 3598 870 3647 versatur,
879 3592 944 3652 qnod
953 3593 1038 3638 dicant
1047 3591 1240 3639 Cantaurienses
1249 3604 1275 3638 rc

179 3654 317 3716 Vdsrr'dum
328 3659 448 3704 amtorem
463 3659 562 3713 tuine,
575 3663 664 3705 contro
675 3657 843 3704 Edornccrrccr
859 3657 1008 3704 contendant
1024 3657 1092 3702 tnnc
1107 3657 1227 3701 minorem
1243 3655 1274 3700 ud

179 3721 359 3782 archiepiscopo
374 3720 457 3767 Orione
469 3722 587 3769 Cantium
599 3722 756 3768 translatum.
780 3719 879 3767 Malms.
889 3719 959 3768 Pont.
971 3719 1005 3767 iii.
1017 3733 1038 3764 1.
1060 3719 1084 3766 S.
1121 3719 1167 3766 Sed
1184 3719 1213 3764 de
1229 3717 1275 3766 bac

180 3795 206 3829 re
218 3782 459 3831 animadvertendum
470 3792 509 3832 est
518 3784 631 3832 Annales
641 3783 707 3831 Eccl.
721 3783 777 3844 Vig.
792 3783 878 3845 (Angl.
890 3783 958 3830 Sacr.
969 3782 987 3830 i.
998 3797 1021 3842 p.
1032 3781 1090 3842 47ο]
1105 3789 1208 3829 mortem
1220 3781 1274 3828 Vil-

180 3845 238 3893 fridi
256 3847 362 3909 episcopi
380 3848 540 3897 Huicciorum
556 3848 646 3896 reterre
657 3847 690 3894 A.
701 3847 733 3894 Ι).
748 3856 804 3907 744,
822 3845 972 3894 Florentium
984 3845 1068 3907 Vigor.
1081 3845 1113 3892 A.
1123 3846 1155 3892 D.
1165 3856 1210 3906 743
1222 3863 1227 3890 :
1250 3851 1275 3893 et

181 3910 329 3959 florentium
337 3911 435 3972 quidem
446 3912 573 3960 amborum
582 3912 677 3960 obitum
690 3925 836 3968 memorare,
843 3909 914 3971 hujus
921 3910 953 3956 A.
961 3909 992 3956 D.
1004 3921 1033 3972 74
1036 3923 1058 3970 3,
1067 3909 1134 3957 illius
1140 3909 1172 3956 A.
1179 3909 1212 3956 D.
1219 3919 1274 3968 744.

214 3972 238 4022 6.
249 3976 329 4036 Acen]
349 3976 388 4023 De
399 3976 445 4023 hoc
455 3977 544 4025 vider.
559 3989 598 4023 co.
615 3976 639 4022 S.
675 3974 751 4032 ilinc,
762 3981 788 4022 et
801 3991 817 4022 s
833 3973 934 4022 nomine
944 3973 1077 4036 cyniberct
1092 3973 1205 4035 episcopo
1217 3973 1276 4020 Lin-

180 4037 336 4100 disiarorum,
348 4039 431 4101 colligi
443 4046 523 4100 potest
533 4040 625 4087 Bedam
642 4053 741 4086 manum
753 4039 884 4086 secundam
897 4037 987 4098 scripto
999 4037 1066 4098 operi
1078 4038 1180 4084 minime
1191 4037 1275 4084 admo-

181 4101 251 4150 visse.
276 4103 341 4150 Nam
350 4102 414 4151 Acca
422 4117 452 4150 eo
461 4103 515 4164 ipso
525 4106 554 4150 A.
562 4103 595 4151 D.
607 4113 650 4164 731
661 4102 753 4164 ejectus
760 4109 805 4162 est,
814 4102 945 4151 secundum
954 4103 1096 4151 Continuat.
1105 4102 1194 4149 chron.
1202 4099 1275 4148 inira.

182 4165 281 4214 Simeon
288 4165 356 4214 Dun.
364 4167 399 4214 eit
405 4166 499 4214 Accam
510 4181 577 4213 asna
586 4167 643 4214 sede
654 4167 761 4227 pulsum,
769 4173 794 4214 et
804 4166 936 4228 Cyniberct
945 4172 1069 4212 mortuum
1077 4180 1130 4213 esse
1138 4167 1168 4211 A.
1178 4165 1210 4212 D.
1220 4174 1232 4226 7
1236 4177 1275 4225 3²·

182 4230 272 4278 Cbmn.
285 4231 344 4278 Sar.
355 4237 381 4278 et
393 4229 530 4278 Florentius
536 4230 592 4291 Vig.
603 4229 677 4278 Acts
688 4230 772 4291 fugem
784 4230 816 4278 A.
826 4231 859 4278 D.
870 4243 916 4291 733
929 4229 1043 4278 referunt.

214 4294 247 4341 ib.
261 4291 400 4356 Pectirelm]
432 4296 458 4342 S.
469 4293 594 4341 Aldhelmi
611 4293 690 4356 primo
707 4293 905 4342 Scireburnensis
923 4293 1029 4354 episcopi
1049 4291 1176 4340 diaconus.
1197 4307 1221 4338 v.
1239 4290 1276 4338 18.

181 4356 251 4406 obiit.
263 4373 303 4405 en.
317 4369 371 4420 735.
394 4359 459 4406 Flor.
477 4358 503 4404 S.
1022 4401 1025 4407 .

213 4422 237 4470 8.
244 4421 366 4484 mum]
386 4422 481 4471 Primus
491 4421 588 4484 quidem
601 4420 648 4469 fuit
663 4435 735 4470 nora
751 4420 890 4475 erectionis,
902 4422 944 4468 sed
955 4419 1045 4468 Ninica
1055 4419 1113 4468 olim
1126 4419 1160 4467 ibi
1171 4418 1218 4467 fuit
1229 4418 1278 4479 epi·

181 4499 270 4547 scopus
281 4486 317 4533 iii.
328 4503 351 4546 4.
368 4488 394 4534 S.

685 4570 705 4609 n
718 4568 736 4608 r
750 4550 771 4609 2
