3100 5125
269 348 353 417 ¹820
651 344 870 409 HISTORIA
896 340 1123 408 ABBATUM

287 502 358 559 tum
368 496 463 580 juxta
477 496 618 581 regulam
636 497 872 574 monasterium,
888 497 1083 581 proiectione
1096 498 1262 581 completa,
1279 492 1390 562 multia

287 580 415 665 pliciore
432 604 528 665 quam
549 582 637 666 prius
658 582 869 681 spiritualium
890 582 1041 645 mercium
1062 583 1182 646 foenore
1204 584 1390 647 cumulatus

287 666 391 765 rediit.
437 666 546 730 Primo
568 668 654 766 quod
677 668 937 732 innumerabilem
958 668 1111 767 librorum
1133 668 1233 731 omnis
1259 669 1389 753 generis

287 753 1387 925 bltdtltdhldblttl⁰tll¹lt⁸dmgltttffltt

288 922 466 1007 Auglorum
479 923 619 987 ecclesiis
633 925 832 1009 profuturam
846 924 993 988 advexit:
1020 924 1129 987 Tertio
1140 924 1225 1009 quod
1240 924 1386 989 ordinem

287 1008 448 1085 cantandi,
463 1010 617 1093 psallendi
631 1016 728 1093 atque
743 1010 775 1072 in
791 1010 921 1074 ecclesia
935 1008 1134 1073 ministrandi
1153 1009 1248 1092 juxta
1262 1032 1385 1073 morem
1395 1034 1424 1084 ²⁵

288 1093 441 1157 Romanae
467 1094 677 1159 institutionis
700 1118 758 1159 suo
781 1095 974 1158 monasterio
996 1095 1197 1170 contradidit,
1220 1096 1385 1179 postulato

287 1178 432 1243 videlicet
445 1187 543 1264 atque
556 1188 687 1265 accepto
701 1182 743 1245 ab
759 1181 930 1265 Agathone
952 1203 1035 1265 papa
1054 1181 1273 1245 archicantore
1288 1182 1385 1245 eccle-

287 1264 341 1329 siae
363 1265 451 1329 beati
472 1266 607 1350 apostoli
629 1266 719 1329 Petri
738 1273 773 1329 et
794 1268 912 1330 abbate
933 1266 1116 1330 monasterii
1137 1265 1223 1329 beati
1248 1267 1385 1329 Martini

125 1356 261 1423 suanum,
287 1350 311 1412 J
312 1350 446 1426 ohanne,
462 1374 556 1435 quem
570 1352 617 1414 sui
631 1352 774 1415 futurum
791 1374 844 1415 ma
867 1352 980 1415 'strum
996 1351 1178 1415 monasterii
1194 1352 1383 1428 Brittanias,

287 1435 466 1499 Romanum
480 1437 594 1521 Anglis
610 1437 792 1500 adduceret.
868 1437 899 1500 ui
921 1438 974 1499 illo
994 1437 1187 1521 perveniens,
1202 1458 1266 1499 non
1280 1438 1384 1500 solum
1400 1474 1406 1478 -

286 1520 357 1585 viva
369 1543 445 1585 voce
459 1544 530 1606 quae
542 1523 652 1587 Romae
667 1521 779 1586 didicit
794 1522 1003 1587 ecclesiastica
1018 1522 1210 1586 discentibus
1224 1523 1381 1597 tradidit;
1394 1548 1426 1596 30

286 1607 342 1669 sed
356 1615 391 1671 et
404 1628 468 1670 non
482 1630 584 1692 pauca
598 1608 696 1672 etiam
710 1607 811 1672 literis
825 1608 978 1672 mandata
992 1607 1127 1692 reliquit,
1143 1630 1213 1691 quae
1228 1608 1383 1671 hactenus

286 1692 319 1754 in
334 1693 474 1777 ejusdem
487 1694 671 1757 monasterii
690 1694 883 1758 bibliotheca
902 1693 1060 1757 memoriae
1080 1693 1185 1777 gratia
1204 1700 1381 1757 servantur.

287 1777 453 1857 Quartum,
470 1779 661 1843 Benedictus
675 1802 739 1843 uon
753 1780 813 1843 vile
832 1801 946 1843 munus
967 1779 1086 1856 attulit,
1102 1778 1268 1862 epistolam
1287 1778 1382 1863 privi-

285 1862 358 1949 legii
373 1887 394 1927 a
408 1865 578 1928 venerabili
597 1888 681 1951 papa
696 1866 869 1950 Agathone
883 1887 956 1928 cum
969 1864 1105 1941 licentia,
1121 1886 1284 1941 consensu,
1300 1864 1382 1927 desi-
1400 1888 1403 1895 ’

286 1949 383 2025 derio,
398 1956 432 2013 et
454 1950 585 2014 hortatu
607 1951 750 2036 Ecglridi
771 1951 856 2036 regis
879 1957 1131 2036 acceptamque
1152 1950 1402 2014 monasterium-

285 2036 372 2120 quod
385 2034 460 2099 fecit
473 2037 515 2099 ab
531 2036 617 2101 omni
637 2058 767 2121 prorsus
786 2038 964 2101 extrinseca
985 2036 1159 2120 irruptione
1181 2042 1289 2099 tutum
1309 2058 1380 2119 per-

284 2128 382 2203 petuo
404 2122 592 2186 redderetur
612 2145 651 2187 ac
670 2122 815 2187 liberum.
860 2122 1021 2203 Quintum,
1044 2121 1185 2206 picturas
1207 2120 1380 2206 imaginum
1390 2138 1422 2189 35

285 2215 468 2269 sanctarum
482 2229 562 2292 quas
575 2208 617 2271 ad
635 2209 829 2272 tornandum
848 2208 1011 2271 ecclesiam
1030 2206 1116 2270 beati
1133 2205 1223 2269 Petri
1243 2207 1380 2290 apostoli

284 2312 380 2373 quam
404 2299 628 2357 construxerat
652 2294 788 2368 detulit3
827 2292 995 2392 imaginem
1019 2292 1163 2356 videlicet
1188 2293 1292 2355 beatae
1318 2292 1380 2355 Dei

283 2374 453 2459 genetricis
474 2399 659 2462 semperque
674 2378 803 2464 virginis
820 2379 942 2451 Maria,
958 2377 1050 2441 simul
1067 2384 1101 2441 ct
1115 2377 1282 2467 duodech
1303 2398 1379 2460 apo

283 2460 446 2534 stolomm,
462 2462 576 2547 quibus
590 2464 727 2528 mediam
747 2465 887 2549 ejusdem
907 2462 1044 2527 ecclesiae
1063 2463 1265 2538 testudinem,
1282 2463 1379 2526 ducto

283 2569 304 2611 a
318 2547 440 2632 pariete
461 2549 504 2614 ad
522 2549 677 2635 parietem
698 2550 844 2614 tabulato
865 2548 1094 2634 praecingeret;
1119 2548 1270 2634 imagines
1284 2571 1377 2612 evan-

282 2633 390 2718 gelicae
405 2634 545 2699 historiae
557 2636 670 2720 quibus
684 2637 857 2700 australem
868 2635 1005 2700 ecclesia
1020 2635 1175 2718 parietem
1190 2636 1355 2698 decoraret
1365 2661 1374 2708 ς
1386 2662 1422 2707 40

282 2719 435 2805 imagines
449 2721 602 2785 visionum
622 2722 818 2807 apocalypsis
832 2722 919 2785 beati
934 2721 958 2783 J
960 2721 1102 2797 ohannis,
1117 2720 1231 2804 quibus
1253 2726 1377 2803 septen-

282 2805 451 2870 trionalem
475 2829 565 2892 aeque
587 2809 741 2892 parietem
764 2813 903 2883 ornaret,
922 2813 1079 2892 quatenus
1101 2806 1260 2869 intrantes
1282 2806 1377 2868 eccle-

282 2890 362 2954 siam
386 2914 494 2955 omnes
518 2893 615 2957 etiam
638 2892 802 2957 literarum
828 2891 938 2978 ignari,
959 2913 1212 2978 quaquaversum
1235 2891 1378 2954 intende-

282 2984 363 3051 rent,
379 2979 428 3041 vel
441 3001 566 3063 semper
579 2980 746 3043 amabilem
758 2978 876 3042 Christi
892 2986 1135 3061 sanctorumque
1146 2978 1223 3060 ejus,
1236 2977 1378 3060 quamvis

282 3060 315 3122 iu
335 3060 481 3146 imagine,
496 3065 787 3149 contemplarentur
807 3071 988 3148 aspectum3
1017 3063 1065 3126 vel
1081 3062 1254 3125 Dominicae
1276 3062 1378 3125 incar-

282 3145 421 3209 nationis
441 3151 580 3233 gratiam
600 3150 798 3235 vigilantiore
823 3158 929 3213 mente
951 3147 1144 3222 recolerent;
1173 3146 1221 3211 vel
1243 3148 1377 3210 extremi
1387 3173 1418 3222 45

282 3230 448 3294 discrimen
471 3234 632 3312 examinis,
651 3235 742 3320 quasi
763 3257 871 3299 eoram
894 3234 991 3298 oeulis
1016 3234 1179 3310 habentes,
1203 3232 1378 3296 districtius

281 3338 315 3380 se
329 3317 389 3402 ipsi
405 3319 585 3383 examinare
599 3321 824 3384 meminissent.

123 3419 270 3481 [A.1).682.]
326 3403 430 3489 Igitur
449 3405 635 3469 venerabilis
649 3406 815 3470 Benedicti
836 3405 962 3482 virtute,
979 3404 1135 3468 industria
1156 3425 1193 3468 ac
1216 3402 1272 3466 reli
1296 3403 1376 3480 'one,

120 3485 273 3546 Gymuieme
281 3510 338 3551 rex
354 3489 522 3575 Ecgfridus
536 3514 600 3555 non
615 3492 779 3555 minimum
799 3492 983 3567 delectatus,
1000 3499 1120 3554 terram
1134 3511 1229 3574 quam
1247 3513 1267 3552 a
1303 3510 1377 3551 con-

119 3557 243 3623 monaste-

118 3627 191 3661 rium.

281 3575 467 3638 struendum
488 3577 715 3640 monasterium
737 3578 766 3639 ei
790 3576 972 3652 donaverat,
989 3575 1063 3660 quia
1081 3577 1161 3638 bene
1181 3597 1215 3638 se
1235 3597 1272 3638 ac
1292 3575 1376 3638 fruc-

279 3666 371 3723 tuose
393 3662 527 3726 donasse
547 3662 719 3747 conspexit,
737 3662 949 3746 quadraginta
966 3661 1069 3725 adhuc
1089 3661 1277 3724 familiarum
1297 3661 1377 3724 data

278 3746 483 3830 possessione,
514 3755 721 3833 augmentare
750 3747 895 3820 curavit;
937 3746 992 3810 ubi
1022 3753 1096 3830 post
1124 3768 1243 3809 annum
1272 3745 1377 3808 missis
1385 3770 1419 3819 50

277 3832 439 3895 monachis
462 3855 592 3896 numero
613 3835 711 3897 ferme
734 3833 843 3896 decem
865 3838 898 3896 et
921 3838 1051 3916 septem,
1071 3839 1104 3895 et
1125 3831 1299 3917 praeposito
1321 3832 1377 3894 ab·

723 4000 885 4048 tornantem
897 4002 927 4048 V.

277 4170 325 4202 nou
344 4164 400 4204 ante
417 4171 457 4204 au.
474 4155 531 4219 678.
548 4157 578 4204 ad
595 4156 618 4204 b.
638 4156 703 4203 Petri
720 4157 857 4204 cathedram
875 4163 974 4203 evectus
995 4163 1041 4214 cst,
1060 4155 1099 4203 hic
1119 4169 1201 4203 annus
1216 4154 1297 4216 potius
1314 4154 1375 4201 mihi

275 4219 372 4268 videtur
386 4220 520 4282 eligendus.
553 4222 591 4269 De
602 4222 648 4268 hoc
659 4221 746 4268 itinere
757 4221 832 4267 latius
844 4221 919 4268 Bada
931 4221 963 4267 iv.
977 4220 1014 4268 18.
1033 4222 1057 4268 S.

309 4298 348 4345 24.
360 4287 470 4333 ordinm
481 4285 612 4346 comedi]
632 4286 695 4345 Hoc,
704 4300 759 4332 cum
772 4285 856 4333 multis
868 4286 932 4343 aliis,
942 4284 1043 4333 ecclesia
1053 4283 1311 4332 Nordauhumbrorum
1321 4282 1373 4343 jam

275 4356 408 4409 acceperat,
420 4352 552 4398 secuudum
565 4365 657 4398 morem
672 4351 820 4406 Romanum,
833 4350 954 4406 aCautia,
965 4365 1019 4411 qurc
1032 4363 1075 4410 per
1086 4349 1181 4410 aliquot
1191 4347 1376 4408 anuosAnglo·

273 4427 326 4458 rum
344 4414 399 4460 sous
415 4414 549 4475 disciplina
565 4415 735 4463 ecclesiastica
751 4422 813 4464 erat.
850 4415 898 4462 Sed
915 4414 941 4460 id
958 4428 1049 4462 nevum
1061 4413 1169 4460 instituit
1179 4413 1336 4468 Benedictus,
1347 4419 1376 4459 ut

273 4476 325 4537 ipse
336 4477 382 4524 sibi
398 4485 424 4524 et
439 4494 489 4526 sua
505 4480 613 4528 ecclesia
630 4493 730 4542 peregre
747 4479 882 4528 doctrinam
900 4487 926 4528 et
941 4478 1068 4527 literarum
1087 4485 1159 4540 atque
1176 4479 1267 4525 rituum
1285 4477 1374 4525 deeora

273 4541 435 4603 conquireret.
1248 4573 1250 4576 -
