3100 5125
216 332 690 400 UUIREMUTHENSIUM
713 336 771 399 ET
795 336 1154 403 GYRUUENSIUM.
1195 340 1260 403 828

162 485 249 551 sicut
277 508 401 571 semper
428 486 711 551 ecclesiasticorum
740 488 831 552 donis
860 491 1097 554 commodorum
1125 489 1261 574 locuple-

124 578 255 636 ¹0tatus
269 572 383 646 rediit3
408 594 524 656 magua
538 572 665 657 quidem
679 574 773 657 copia
787 574 978 638 voluminum
1000 596 1181 649 sacrorum
1205 575 1262 639 sed

163 678 230 720 non
243 656 358 721 minori
374 657 457 721 sicut
475 663 510 721 et
530 657 617 741 prius
636 665 820 723 sanctarum
840 659 1015 744 imaginum
1036 680 1165 723 munere
1180 660 1261 724 dita·

164 748 228 805 tus.
272 742 357 807 Nam
371 749 405 807 ct
419 749 495 805 tuuc
510 742 684 807 Dominioae
704 744 845 807 historiae
865 744 1007 829 picturas
1025 744 1139 828 quibus
1157 752 1264 808 totam

165 828 269 893 beatae
294 828 355 892 Dei
377 827 557 912 genetricis,
583 850 679 912 quam
707 828 741 891 in
765 829 958 895 monasterio
986 830 1107 913 majore
1131 830 1260 906 fecerat,

166 913 332 977 ecclesiam
349 913 384 975 in
403 935 481 997 gyro
500 920 687 987 coronaret;
711 913 865 999 imagines
885 936 1009 998 quoque
1023 915 1065 978 ad
1085 914 1263 979 ornandum

164 999 394 1062 monasterium
413 997 638 1083 ecclesiamque
657 1000 744 1062 beati
759 999 852 1063 Pauli
868 1000 1017 1083 sepostoli
1037 1000 1077 1063 de
1095 998 1263 1063 concordia

166 1084 282 1147 veteris
304 1091 337 1148 et
358 1083 431 1147 novi
454 1082 650 1147 Testamenti
672 1106 795 1147 summa
816 1084 941 1148 ratione
963 1086 1154 1168 compositas
1176 1083 1263 1148 exhi·

127 1192 156 1240 15
166 1168 255 1232 buit:
287 1168 375 1232 verbi
398 1168 514 1253 gratia,
538 1169 630 1232 Isaac
651 1168 738 1253 ligna
759 1169 874 1253 quibus
896 1169 1113 1235 immolaretur
1133 1174 1263 1253 portan-

164 1260 243 1330 tem,
257 1261 293 1318 et
307 1254 479 1317 Dominum
498 1274 623 1317 crucem
641 1253 676 1316 iu
697 1276 761 1337 qua
782 1261 948 1339 pateretur
966 1278 1056 1339 aequc
1070 1259 1262 1338 portantem,

166 1338 313 1423 proxima
340 1359 437 1422 super
463 1338 597 1401 invicem
624 1339 763 1424 regione,
792 1340 919 1424 pictura
947 1340 1120 1424 conjunxit.
1180 1339 1264 1403 Item

258 1424 308 1489 nti
321 1423 355 1487 in
369 1424 497 1487 heremo
511 1445 533 1486 a
548 1424 661 1507 Moyse
675 1424 827 1503 exaltato,
844 1425 962 1488 Filium
975 1424 1109 1489 hominis
1122 1423 1156 1486 in
1171 1444 1264 1488 cruce

166 1532 186 1573 c
238 1515 345 1573 tatum
359 1507 565 1593 comparavit.
607 1509 731 1573 Attulit
745 1510 830 1573 inter
843 1510 915 1587 alia,
932 1517 965 1575 et
978 1510 1074 1594 pallia
1088 1510 1151 1571 duo
1166 1509 1264 1572 olose-

164 1594 236 1658 rica
260 1593 498 1678 incomparandi
523 1593 636 1677 operis,
663 1595 777 1678 quibus
806 1601 919 1678 postea
945 1597 987 1660 ab
1013 1594 1161 1659 Aldlrido
1189 1612 1264 1677 rege

127 1679 298 1763 majusque
312 1678 508 1756 consiliariis,
524 1700 660 1762 namque
676 1679 1066 1827 Ecgfridumglpostquam
1084 1678 1181 1742 rediit
1197 1678 1265 1762 jam

166 1764 370 1828 interfectum
393 1763 523 1847 reperit,
546 1769 667 1828 terram
695 1771 794 1828 trium
822 1765 855 1829 fa
890 1764 1013 1829 ‘'arum
1041 1765 1084 1829 ad
1107 1764 1265 1827 Austmm

168 1848 263 1911 Vuiri
276 1848 423 1925 fluminis,
435 1850 530 1933 juxta
544 1849 663 1912 ostium
676 1849 881 1934 comparavit.

211 1934 335 1997 Verum
348 1933 434 1997 inter
446 1934 522 1997 laeta
536 1954 608 2016 quae
621 1935 749 1998 veniens
762 1935 884 2011 attulit,
899 1933 1007 1999 tristia
1025 1933 1111 1999 domi
1126 1930 1262 2019 reperit:
1274 1946 1374 2009 aigfriat

166 2018 379 2083 venerabilem
399 2018 545 2082 videlicet
565 2021 787 2104 presbyterum
802 2020 1029 2083 Easteruinum
1049 2040 1144 2105 quem
1162 2011 1416 2123 abitu-Qum

166 2125 223 2167 rus
243 2105 396 2168 abbatem
417 2102 639 2181 constituerat,
656 2104 748 2167 simul
769 2111 803 2168 et
824 2105 960 2167 fratrum
979 2104 1009 2168 ei
1027 2104 1266 2167 commissorum
1274 2090 1317 2137 pm
1335 2091 1349 2124 ³

126 2209 159 2259 ²⁵
167 2196 329 2253 catervam
346 2210 412 2251 non
432 2210 578 2272 paucam
592 2211 650 2272 per
671 2196 787 2253 crmcta
807 2195 974 2274 grassante
995 2187 1186 2273 pestilentia,
1198 2189 1266 2271 jam

167 2274 320 2358 migrasse
346 2273 386 2336 de
410 2273 525 2337 seculo.
577 2273 641 2337 Sed
664 2275 777 2338 aderat
803 2280 836 2338 ct
862 2274 1010 2350 solamen,
1038 2274 1113 2357 quia
1137 2273 1171 2335 in
1196 2272 1266 2336 loco

169 2358 353 2423 Easteruini
375 2358 479 2421 virum
502 2380 592 2441 aeque
617 2358 905 2439 reverentissimum
933 2380 971 2422 ac
999 2358 1202 2422 mitissimum
1227 2358 1267 2419 de

168 2443 362 2507 monasterio
391 2444 511 2519 eodem,
537 2442 712 2527 sigfridum
733 2444 879 2507 videlicet
909 2444 1088 2519 diaconum,
1115 2441 1267 2505 electione

168 2530 305 2594 fratrum
326 2549 456 2614 suorum
475 2528 570 2592 simul
591 2535 626 2592 et
646 2528 811 2593 coabbatis
833 2528 900 2613 ejus
919 2528 1077 2605 (leufridi,
1098 2548 1173 2591 mox
1195 2526 1266 2590 sub

168 2615 321 2679 stitutum
335 2615 502 2698 cognovit;
526 2614 627 2678 virum
646 2613 778 2677 scientia
798 2613 925 2696 quidem
940 2613 1170 2696 scripturarum
1184 2611 1267 2674 suffi-

169 2700 291 2764 cienter
318 2700 519 2776 instructum,
545 2698 687 2762 moribus
715 2698 844 2782 optimis
873 2706 1030 2774 ornatum,
1060 2697 1142 2760 mira
1169 2696 1268 2760 absti-

128 2810 164 2858 ³0
172 2785 294 2884 nentiaeo
310 2784 430 2884 virtute
440 2784 631 2882 praeditum,
647 2784 704 2882 sed
724 2783 768 2847 ad
790 2783 968 2847 custodiam
986 2783 1141 2912 pittutum
1160 2780 1267 2856 animi,

171 2870 754 3019 ttttfflttdtttttt
778 2867 1060 3016 diffidat&
1083 2886 1270 3034 {tfttt

171 3039 250 3103 vitio
263 3039 472 3102 laborantem.

216 3144 246 3206 9.
271 3123 337 3187 Nec
362 3123 463 3186 multo
491 3128 565 3206 post
594 3123 693 3187 etiam
717 3121 909 3186 Benedictus
938 3121 1005 3220 ipse
1033 3119 1145 3184 morbo
1172 3118 1422 3208 ooepitAEgrouns,

131 3204 1306 3367 ..enutriant*antumant.littra”t
1317 3213 1343 3246 ‘⁰
1354 3204 1424 3259 Μ’

166 3377 277 3461 pietas
295 3315 473 3462 ptbmporali
501 3315 690 3462 aegritudibe
712 3314 886 3461 prosiravit
910 3376 943 3439 in
965 3376 1104 3448 lectum;
1136 3381 1173 3438 ut
1209 3312 1270 3437 ist

172 3463 396 3548 aegritudinem
410 3469 513 3526 morte
527 3462 685 3526 devictam
703 3483 744 3547 pe
801 3468 859 3526 tua
878 3481 1023 3559 supernae
1040 3459 1127 3544 pacis
1145 3465 1179 3523 et
1192 3397 1270 3521 licis

174 3547 282 3631 quiete
296 3548 462 3611 refoveret.
507 3547 592 3611 Nam
605 3555 639 3611 et
655 3547 751 3646 Sigln'
773 3569 820 3624 us,
836 3553 873 3610 ut
891 3546 1037 3622 diximus,
1053 3544 1148 3629 longa
1162 3541 1271 3606 interi-

174 3654 266 3696 orum
290 3632 436 3696 molestia
463 3632 638 3717 castigatus
668 3633 751 3695 diem
780 3631 924 3716 pervenit
946 3630 990 3694 ad
1015 3630 1172 3693 ultimum.
1226 3627 1271 3691 Et

174 3716 367 3781 Benedictus
380 3739 439 3801 per
451 3717 623 3780 triennium
636 3717 788 3800 languore
799 3715 953 3800 paulatim
967 3719 1167 3778 accrescente
1178 3718 1272 3776 tanta

175 3802 313 3887 paralysi
326 3802 498 3866 dissolutus
517 3809 576 3878 ost,
591 3809 629 3866 ut
648 3803 690 3864 ab
712 3801 798 3862 omni
819 3820 948 3885 prorsus
971 3798 1154 3861 inferiorum
1175 3817 1271 3858 mem-

134 3914 168 3959 40
175 3888 305 3950 brorum
319 3887 423 3950 factus
437 3887 482 3951 sit
501 3894 593 3971 parte
612 3890 833 3970 praemortuus,
851 3883 1064 3968 superion'bus
1085 3882 1186 3945 solum
1206 3881 1272 3944 sine

284 4012 386 4060 ‘Pauli
396 4015 475 4060 nostri
487 4014 516 4060 de
526 4013 556 4060 V.
655 4023 671 4061 t
685 4015 834 4074 priusquam
846 4012 875 4059 V.
974 4011 1043 4056 haed
1052 4009 1088 4056 ad
1098 4010 1127 4056 V.

176 4129 234 4164 vero
245 4123 301 4178 post
314 4130 423 4164 mensem
440 4115 502 4163 Maii
513 4119 543 4164 Λ.
552 4117 584 4164 Ι).
595 4113 653 4178 685,
665 4131 713 4178 quo
729 4116 824 4162 occisus
835 4121 874 4162 est
885 4114 1024 4176 Ecglridus,
1036 4129 1060 4160 v.
1071 4111 1119 4172 263
1135 4112 1212 4158 immo
1224 4124 1274 4157 non

176 4178 309 4292 midi&
326 4181 368 4227 sed
380 4181 437 4227 binc
448 4181 551 4228 sonasse
562 4181 655 4228 factum
671 4187 709 4228 est
721 4179 871 4227 Florentium
888 4185 984 4239 tempus
994 4177 1080 4224 mortis
1092 4174 1231 4224 Easteruini
1243 4175 1275 4222 ad

166 4246 210 4292 A.
245 4278 252 4291 .
295 4257 308 4306 5
322 4244 411 4294 fixisse.

213 4323 249 4370 19.
261 4306 391 4369 Aldsn'dc]
409 4307 497 4356 Obiter
509 4309 548 4356 bic
560 4308 695 4355 notandum
711 4313 750 4355 est
765 4307 860 4354 codices
877 4306 1033 4353 manifestum
1051 4304 1182 4351 discrimen
1194 4303 1274 4349 facere

177 4374 242 4420 inter
249 4371 402 4419 Alcbfridum
411 4372 479 4418 illum
489 4372 645 4432 subregulum
653 4371 753 4418 Vilfridi
761 4370 980 4428 amicum,ethunc
996 4368 1131 4415 dldfridum
1142 4366 1277 4414 Northum-

176 4437 236 4484 brioe
253 4450 343 4496 regem.
377 4437 437 4482 Cod.
452 4436 482 4483 B.
494 4436 568 4483 Fairf.
585 4435 689 4496 priorem
702 4434 873 4496 Alchfridum,
892 4433 995 4480 alterum
1008 4432 1163 4494 Aldfia'dum
1180 4429 1234 4477 cod.
1246 4431 1274 4477 B.

177 4501 251 4562 Digb.
264 4499 410 4561 Alhsrc'dum
422 4506 447 4547 et
458 4499 603 4561 Aldsrc'dcm
615 4499 734 4546 nominat
752 4498 823 4546 Cous.
835 4512 889 4558 quea
902 4497 1035 4545 dictasunt
1047 4511 1129 4556 supra,
1142 4496 1172 4542 ad
1184 4495 1216 4542 iv.
1225 4493 1263 4542 ab.

686 4565 769 4623 aaa
