3100 5125
208 365 681 435 UUIREMUTHENSIUM
704 370 762 433 ET
786 369 1143 435 GYRUUENSIUM.
1191 372 1252 434 acl

163 518 306 583 tentione
317 542 380 603 qua
391 521 526 585 Romam
540 521 587 584 ire
600 521 828 595 desiderarant,
842 522 969 584 domum
983 519 1158 605 magisque
1172 521 1255 582 hunc

163 604 322 687 sepultum
339 606 526 669 nunciarent
546 606 681 681 reverti3
706 605 826 690 partim
840 607 882 669 ad
896 606 1041 669 tumbam
1055 604 1194 668 defuncti
1210 604 1255 666 in·

163 693 283 753 tereos
297 712 431 773 quorum
444 713 502 753 nec
513 691 652 777 linguam
666 698 829 769 noverant,
840 712 898 775 pro
909 689 1140 776 inextinguibili
1155 689 1256 774 patris

163 772 280 837 affectu
294 776 442 840 residere.

211 865 259 921 16.
283 860 367 926 Erat
379 867 488 925 autem
497 862 623 946 quando
636 860 717 925 obiit
730 882 886 925 annorum
901 861 1104 945 septuaginta
1112 865 1258 943 quatuor,

123 967 156 1015 2⁵
164 946 352 1028 presbyterii
372 948 475 1031 gradu
495 947 624 1011 functus
645 947 736 1011 aunis
752 946 965 1031 quadraginta
987 951 1117 1030 septem,
1133 943 1260 1007 abbatis

164 1028 303 1092 officium
327 1031 511 1096 ministrans
532 1033 623 1096 annis
645 1032 777 1131 triginta
801 1031 947 1116 quinque,
971 1030 1020 1094 vel
1042 1029 1147 1114 potius
1169 1028 1260 1092 annis

166 1114 399 1201 ¹‘quadraginta
412 1117 525 1194 tribus,
541 1118 616 1201 quia
635 1117 754 1181 scilrcet
768 1140 789 1181 a
806 1116 908 1202 primo
926 1123 1068 1199 tempore
1084 1136 1147 1198 quo
1162 1114 1260 1177 Bene-

166 1199 269 1263 dictus
284 1201 316 1263 in
331 1202 451 1265 honore
465 1202 639 1265 beatissimi
654 1203 870 1286 apostolorum
891 1200 1041 1285 principis
1057 1221 1147 1262 suum
1162 1198 1262 1282 coepit

166 1285 302 1349 condere
316 1287 553 1363 monasterium,
568 1288 635 1372 ipsc
649 1288 692 1351 illi
707 1308 812 1350 comes
826 1286 1013 1361 individuus,
1026 1290 1214 1369 cooperator
1229 1289 1263 1347 et

169 1370 282 1433 doctor
302 1372 455 1456 regularis
476 1379 510 1436 et
534 1373 718 1436 monasticae
744 1372 954 1435 institutionis
975 1371 1097 1434 aderat.
1142 1368 1201 1433 Oui
1222 1389 1262 1431 ne

169 1455 264 1539 prisci
286 1478 405 1520 morem
426 1457 549 1541 rigoris,
570 1459 618 1521 vel
638 1457 755 1534 aetatis,
779 1459 826 1520 vel
848 1456 1052 1533 infirmitatis,
1070 1455 1119 1517 vel
1141 1453 1263 1517 itineris

127 1562 309 1624 3ounquam
323 1542 479 1608 minueret
493 1543 638 1616 occasi03
661 1566 700 1606 ex
715 1542 765 1605 die
781 1564 843 1625 quo
858 1543 898 1604 de
912 1540 1105 1604 monasterio
1120 1560 1178 1602 suo
1191 1560 1263 1622 pro

168 1625 273 1690 iectus
293 1627 374 1691 abiit
394 1622 494 1712 usque
515 1630 558 1691 ad
575 1628 659 1691 diem
673 1650 736 1711 quo
750 1627 917 1691 defunctus
932 1633 990 1702 cst,
1006 1626 1113 1701 idest,
1129 1648 1149 1688 a
1163 1624 1264 1707 pridie

168 1732 271 1775 nonas
280 1714 305 1775 J
305 1714 397 1777 unias
411 1714 563 1797 usquead
574 1713 743 1798 septimum
755 1713 962 1777 kalendarum
972 1711 1159 1775 Octobrium
1171 1708 1263 1783 diem,

169 1818 229 1881 per
242 1798 309 1860 dies
324 1798 405 1876 cxiv,
421 1799 560 1883 exceptis
575 1798 733 1863 canonicis
749 1798 929 1861 orationum
951 1797 1046 1874 horis,
1058 1795 1199 1879 quotidie
1216 1794 1266 1857 bis

170 1882 355 1967 psalterium
365 1906 405 1946 ex
415 1884 525 1947 ordine
537 1886 706 1949 decanam
717 1882 859 1956 curavit;
880 1881 991 1946 ¹ctiam
1003 1903 1074 1945 oum
1086 1881 1128 1945 ad
1139 1880 1199 1943 hoc
1210 1900 1267 1964 per

171 1968 390 2033 infirmitatem
412 1969 581 2045 deveniret,
596 1976 635 2034 ut
648 1970 792 2052 equitare
814 1989 877 2031 non
895 1969 1001 2031 valens
1022 1968 1140 2031 feretro
1162 1965 1267 2029 cabal-

132 2065 162 2116 35
171 2054 251 2117 lario
268 2055 444 2132 veheretur,
460 2054 601 2139 quotidie
624 2054 720 2118 missa
741 2060 873 2118 cantata
896 2052 1043 2117 salutaris
1064 2051 1176 2115 hostiae
1197 2050 1268 2113 Deo

171 2160 286 2202 munus
300 2139 437 2216 offerret,
453 2147 588 2225 excepto
602 2160 675 2214 uno,
686 2162 749 2225 quo
760 2161 912 2203 occanum
926 2138 1106 2223 navigabat,
1116 2143 1151 2200 et
1165 2135 1268 2199 tribus

171 2231 247 2288 ante
262 2224 383 2288 exitum
397 2224 516 2289 diebus.

216 2310 306 2374 Obiit
326 2317 434 2373 autem
455 2310 591 2409 septimo
611 2311 818 2375 kalendarum
833 2308 1019 2373 Octobrium
1040 2307 1100 2384 die,
1121 2328 1205 2371 anuo
1227 2307 1269 2369 ab
1279 2313 1400 2373 Septemb.
1408 2312 1432 2359 d·

174 2394 393 2459 incarnatione
402 2395 532 2459 Dommi
545 2396 826 2481 septingentesimo
841 2394 1063 2470 sextodecimo,
1073 2392 1153 2457 feria
1168 2398 1268 2467 sexta,
1280 2380 1358 2491 Ὗ·
1367 2378 1400 2426 ⁰·

174 2487 248 2566 post
262 2480 375 2545 horam
388 2503 515 2557 nonam,
531 2482 564 2566 in
578 2482 680 2567 pratis
695 2486 880 2545 memoratae
895 2479 1052 2543 civitatis:
1078 2478 1220 2561 sepultus
1237 2476 1270 2537 in
1281 2456 1308 2505 ⁷¹
1329 2476 1336 2491 ‘

132 2596 167 2643 40
176 2567 349 2631 crastinum
363 2568 406 2631 ad
419 2574 565 2632 austrum
579 2568 719 2651 ejusdem
734 2566 874 2630 civitatis
891 2564 1025 2628 miliario
1038 2564 1142 2649 primo
1156 2563 1189 2626 in
1205 2583 1271 2624 mo·

175 2652 315 2716 nasterio
337 2653 552 2730 Geminorum,
574 2659 702 2717 astante
722 2674 761 2716 ac
783 2652 920 2736 psalmos
940 2655 1110 2712 resonante
1131 2647 1404 2724 exercitu‘Sepetttur

176 2759 240 2802 uon
261 2760 360 2822 parvo
382 2745 450 2802 tam
464 2739 643 2824 Anglorum
658 2737 712 2821 qui
729 2759 802 2800 cum
816 2759 854 2800 co
868 2737 1074 2812 advenerant,
1090 2755 1185 2816 quam
1207 2728 1306 2794 mo-lfl
1320 2741 1421 2802 ΨΜ

177 2823 307 2887 nasterii
321 2824 463 2908 ejusdem
476 2825 525 2889 vel
540 2823 678 2888 civitatis
697 2823 880 2885 incolarum.
926 2821 1008 2884 Sunt
1022 2826 1131 2883 autem
1146 2817 1273 2880 Gemini
1282 2791 1436 2902 {mem

177 2916 333 2993 martyres
344 2909 377 2971 in
390 2932 524 2993 quorum
538 2908 732 2973 monasterio
747 2914 782 2970 ct
797 2905 929 2970 ecclesia
943 2904 1089 2968 conditus
1104 2909 1162 2979 est,
1177 2904 1274 2986 Speu-

178 2994 294 3079 sippus,
311 2995 510 3079 Eleusippus‚
533 2993 748 3078 Meleusippus
762 2991 826 3077 qui,
849 3011 913 3054 uno
934 2997 1031 3075 partu
1052 2989 1165 3054 matris
1187 2987 1273 3064 editi,

178 3080 290 3144 eadem
309 3079 446 3142 ecclesiae
468 3079 532 3142 tide
553 3079 666 3154 renati,
682 3078 774 3142 simul
789 3099 861 3140 cum
878 3077 950 3140 avia
969 3097 1027 3138 sua
1042 3074 1192 3149 Leonilla,
1209 3072 1275 3156 dig-

137 3189 170 3240 ⁴5
179 3187 254 3228 nam
267 3165 337 3228 loco
351 3165 395 3228 illi
410 3165 458 3228 sui
472 3165 617 3248 martyrii
630 3163 783 3248 reliquere
801 3161 994 3238 memoriam,
1011 3161 1063 3244 qui
1078 3159 1164 3244 piam
1179 3156 1275 3222 etiam

179 3250 271 3314 nobis
289 3249 426 3349 indignis
447 3256 481 3313 et
503 3256 613 3315 nostro
632 3248 758 3334 parenti
780 3269 873 3333 opem
898 3268 963 3310 suae
989 3243 1221 3310 intercessionis
1243 3250 1276 3307 et

179 3335 385 3420 protectioms
399 3335 593 3418 impendant.

450 3481 552 3528 kannt
563 3480 642 3526 tribua
652 3478 684 3525 V.
800 3477 896 3523 letiam
908 3483 968 3523 tunc
980 3474 1009 3522 V.

216 3598 255 3649 26.
267 3600 428 3661 Benedictus]
445 3598 527 3660 Huius
537 3613 625 3659 corpus
637 3612 727 3659 magno
738 3603 878 3656 coemptum
891 3596 969 3656 pretio
980 3594 1145 3642 Adiluualdus
1154 3591 1278 3639 Wiutcui-

183 3666 249 3744 ensis
259 3665 394 3726 episcopus,
407 3671 518 3711 mortuus
528 3679 594 3710 nunc
605 3664 663 3725 984,
673 3662 821 3710 Thorueiarn
830 3659 967 3708 transtulit.
992 3659 1048 3706 Gul.
1061 3661 1086 3704 M
1089 3659 1158 3706 alms.
1168 3659 1198 3704 de
1208 3657 1277 3703 Pcut.

183 3731 261 3854 wig:
273 3793 443 3853 Gentiatorum]
469 3792 533 3839 lllud
550 3791 722 3838 monasterium
739 3803 804 3835 nunc
815 3793 853 3834 cst
868 3787 988 3847 prioratus
1000 3785 1167 3834 conventualis
1179 3783 1278 3830 canoni·

184 3874 267 3906 eorum
285 3858 433 3919 regularium
450 3857 501 3903 ord.
520 3872 538 3903 s.
555 3857 661 3917 August.
674 3850 854 3914 sesquimilliari
871 3851 966 3898 Gallico
986 3867 999 3897 a
1017 3851 1155 3912 Lingonum
1173 3848 1278 3894 civitate.

186 3924 252 3970 Hinc
270 3922 379 3982 reliquia
398 3921 489 3968 centnm
502 3921 617 3968 Ceolfridi
636 3917 810 3980 posterioribus
825 3915 897 3962 aunis
913 3917 943 3962 ad
961 3915 1134 3963 inonastarium
1148 3913 1280 3960 Unircmu-

184 3989 280 4064 thencet
291 3987 379 4034 deiude
387 3986 488 4034 Danicae
497 3984 641 4032 vastationis
654 3980 923 4044 tsnrporcGlastoniam
937 3981 1042 4027 advecta
1054 3987 1118 4026 suut.
1143 3977 1242 4024 Malms.
1252 3978 1281 4024 de

186 4051 432 4177 Rapsufflffl]
470 4114 504 4160 Hi
522 4113 676 4173 patiebantur
693 4110 837 4174 martyrium
856 4115 964 4170 tempore
974 4108 1101 4156 Aureliani
1118 4105 1280 4169 imperatoris,

186 4181 226 4228 die
237 4179 332 4228 decimo
343 4181 447 4240 septimo
457 4176 579 4226 sanant
597 4177 623 4226 S.
952 4189 955 4192 ·
