3100 5125
80 287 179 333 -20.
482 270 648 337 GBNTIS
669 270 940 337 ANGLOBUM.
1216 274 1259 339 85

161 419 360 503 praeparatis,
386 420 538 485 Germani
563 422 677 505 pedem
704 421 811 505 lapsus
839 421 1002 487 occasione
1027 419 1186 497 contrivit,
1213 420 1259 505 ig·

161 525 288 583 norans,
303 506 420 570 merita
437 505 530 585 illius,
545 506 628 570 sicut
640 508 664 570 J
666 508 708 570 ob
727 507 911 584 beatissimi,
929 505 1099 571 afflictione
1119 506 1259 589 eorporis

160 591 387 689 propaganda:
433 597 468 656 et
496 591 573 656 dum
600 588 783 674 aliquandiu
812 614 875 657 uno
904 591 938 654 in
965 591 1034 655 loeo
1064 590 1258 656 infirmitatis

124 696 154 731 ιο
162 682 351 740 necessitate
373 682 547 752 teneretur,
571 676 604 739 iu
627 676 814 761 vicinaque
835 678 986 743 manebat
1008 676 1115 741 casula
1138 678 1258 741 exarsit

161 759 365 825 incendium:
386 762 471 846 quod
506 762 700 846 consumptis
735 762 882 825 domibus
918 784 988 845 quae
1025 761 1086 825 illie
1122 762 1257 846 palustri

161 844 338 909 harundine
363 847 564 945 tegebantur,
590 848 634 910 ad
658 858 753 909 teum
777 846 993 911 habitaculum
1022 847 1055 909 in
1080 869 1143 930 quo
1173 847 1257 911 idem

157 930 297 1014 jacebat,
317 932 426 995 flabris
446 931 683 996 stimulantibus
703 932 875 996 ferebatur.
918 933 1096 996 Concursus
1117 932 1257 997 omnium

161 1015 205 1079 ad
224 1015 406 1079 antistitem
427 1017 612 1091 convolavit,
629 1024 666 1080 ut
681 1016 807 1081 zelatus
826 1017 971 1080 manibus
984 1017 1157 1101 perieulum
1172 1020 1256 1102 quod

162 1100 349 1166 imminebat
367 1102 537 1166 evaderet:
561 1102 675 1185 quibus
694 1100 872 1185 increpatis,
888 1103 1006 1167 moveri
1026 1125 1069 1179 se,
1085 1103 1159 1165 fidei
1177 1102 1273 1187 prae·'

124 1186 342 1270 resumptione
355 1209 419 1249 non
432 1209 545 1271 passus
559 1194 618 1250 est.
664 1186 712 1249 At
725 1187 898 1251 multitudo
917 1188 1019 1251 omnis
1038 1188 1257 1272 desperatione

162 1271 343 1355 perterrita,
372 1272 498 1336 obviam
527 1272 627 1335 currit
654 1272 809 1335 incendio.
854 1273 917 1335 Sed
953 1279 990 1336 ut
1020 1272 1081 1337 Dei
1113 1275 1258 1357 potentia

162 1356 359 1420 manifestior
381 1364 560 1441 appareret,
584 1356 737 1441 quidquid
762 1356 921 1421 custodire
944 1364 1127 1422 tentaverat
1152 1360 1256 1437 turba,

161 1441 376 1515 eonsumitur;
401 1442 486 1525 qued
510 1464 586 1505 vero
608 1443 717 1525 jacens
743 1448 778 1505 et
803 1442 945 1505 infirmus
969 1443 1162 1520 defenderat,
1187 1458 1257 1508 are

162 1532 270 1590 serato
297 1526 436 1611 hospitio
465 1528 568 1591 sancti
593 1527 660 1603 viri,
686 1549 897 1611 expavescens
921 1529 1049 1591 flamma
1078 1528 1256 1603 transilivit,

162 1612 249 1675 ultra
263 1611 406 1696 citraque
420 1612 601 1689 desaeviens,
616 1619 650 1676 et
669 1612 755 1676 inter
772 1612 883 1695 globos
901 1614 1094 1678 flammantis
1112 1613 1257 1691 incendii,

162 1696 317 1761 incolume
345 1699 585 1762 tabernaculum
614 1698 700 1782 quod
727 1696 892 1761 habitator
927 1697 1064 1762 inclusus
1101 1700 1257 1775 servabat,

123 1804 155 1841 ιο
163 1782 300 1845 emicuit.
344 1782 481 1846 Exultat
502 1784 599 1849 turba
624 1782 784 1858 miracula,
809 1788 842 1845 et
865 1783 981 1846 victam
1005 1805 1038 1846 se
1062 1783 1174 1847 divinis
1199 1784 1257 1846 vir·

162 1867 288 1933 tutibus
318 1868 507 1954 gratulatur.
553 1868 744 1931 Excubabat
781 1868 892 1930 diebus
927 1890 965 1931 ac
1001 1868 1146 1932 noctibus
1182 1876 1258 1933 ante

161 1952 324 2037 bigrrrium
390 1952 497 2037 aperis
520 1954 633 2037 vulgus
657 1952 724 2032 sirie
749 1974 900 2025 uumero;
935 1953 968 2015 hi
997 1952 1119 2017 animas
1148 1976 1258 2018 curare

161 2037 333 2120 cupientes,
373 2038 539 2121 ‘corpora
584 2037 708 2101 Referri
722 2044 883 2121 nequeunt
898 2059 968 2120 quae
985 2038 1129 2101 Christus
1149 2061 1257 2123 opera-

160 2122 258 2185 batur
273 2123 307 2185 in
326 2122 453 2198 famulo,
470 2123 523 2206 qui
540 2122 675 2187 virtutes
695 2122 833 2187 faciebat
852 2121 1014 2185 infirmus:
1038 2128 1158 2187 etcum
1173 2124 1257 2187 debi-

160 2206 246 2272 litati
274 2229 340 2271 suae
368 2208 445 2271 nihil
474 2207 605 2273 remedii
630 2214 797 2291 pateretur
821 2207 974 2284 adhiberi,
1001 2208 1139 2290 quadam
1164 2215 1258 2272 nocte

161 2292 351 2356 candentem
375 2293 473 2356 niveis
496 2293 636 2357 vestibus
660 2292 739 2355 vidit
761 2292 822 2355 sibi
847 2292 958 2355 adesse
983 2314 1160 2375 personam,
1187 2316 1257 2377 quae

121 2403 151 2452 ²5
161 2398 256 2440 manu
271 2386 404 2441 extensa
416 2378 575 2462 jacentem
589 2378 751 2441 videretur
763 2376 927 2453 adtollere,
939 2398 1072 2460 eumque
1087 2378 1258 2443 consistere

160 2461 260 2525 firmis
278 2462 419 2547 vestigiis
438 2462 633 2563 imperabat:
656 2468 731 2545 post
750 2484 846 2546 quam
866 2463 979 2526 horam
999 2463 1045 2525 ita
1065 2463 1183 2547 fugatis
1202 2463 1256 2525 do-

160 2545 279 2612 loribus
303 2547 423 2647 recepit
445 2548 613 2647 pristinam
638 2547 819 2624 sanitatem,
845 2553 883 2612 ut
907 2547 959 2612 die
983 2548 1109 2612 reddito
1135 2548 1256 2613 itineris

159 2631 302 2696 laborem
315 2635 437 2697 subrret
450 2633 635 2718 intrepidus.
689 2672 692 2679 ‹

163 2835 202 2893 Ut
215 2837 294 2893 iidem
307 2838 425 2913 episcopi
437 2837 608 2894 Brittoaibus
625 2840 654 2894 in
667 2857 760 2913 pwac
773 2837 902 2894 cnsilium
916 2838 1019 2894 sceleste
1032 2839 1151 2903 tulerint,
1166 2839 1257 2915 sicque

117 2924 153 2970 30
561 2919 665 2973 domm
679 2918 781 2973 reuersi
793 2919 857 2973 siat.

204 2992 341 3055 laruam
374 2994 525 3069 Saxones,
557 2993 702 3077 Piotique
738 2993 855 3057 bellum
891 2995 1056 3059 adversum
1093 2995 1256 3060 Brittones
1267 3011 1349 3070 Pugna
1362 3011 1403 3056 at.

156 3077 277 3160 juretis
296 3078 415 3142 riribus
437 3084 650 3163 susceperunt,
670 3100 749 3162 quos
770 3079 882 3142 eadem
904 3079 1074 3144 necessitas
1096 3081 1128 3142 in
1150 3075 1395 3145 natatoria·

159 3167 383 3227 contraxerat:
407 3170 442 3227 et
465 3185 537 3226 cum
557 3163 675 3247 trepidi
696 3170 805 3247 partes
828 3186 901 3228 suas
923 3185 1002 3248 pene
1024 3165 1150 3248 inpares
1172 3166 1254 3249 judi·

289 3290 378 3338 riusa
385 3290 414 3336 V.
423 3290 453 3336 G.
628 3293 725 3338 zelaris
735 3291 765 3338 V.
935 3297 1083 3338 aremare
1095 3292 1124 3339 V.

191 3407 233 3453 ³¹·
245 3392 368 3453 Mona]
383 3395 454 3454 Quod
464 3381 574 3442 Saxinae
583 3395 610 3440 in
621 3395 741 3443 Brittania
752 3395 846 3442 tuerint
855 3395 972 3454 inprime
982 3409 1001 3442 s.
1012 3395 1128 3444 Germani
1141 3397 1253 3458 adventu,

158 3456 260 3504 eruditis
271 3457 334 3504 haud
346 3472 431 3517 parum
443 3458 534 3518 negoti
546 3459 620 3506 dedit.
647 3458 755 3520 Quidam
768 3459 881 3507 Surenas
891 3459 930 3506 hic
942 3474 985 3520 pro
998 3459 1089 3507 Scottis
1101 3463 1157 3520 poni
1169 3463 1255 3510 volunt

158 3534 241 3568 errore
251 3520 369 3568 librorum
382 3522 520 3569 Cousmntii
531 3531 557 3569 et
567 3523 651 3577 Beda;
668 3523 711 3570 alii
721 3538 828 3571 ermrem
839 3531 952 3584 quarunt
963 3525 987 3570 in
1001 3525 1110 3583 Prosperi
1124 3526 1253 3586 Chmnico,

159 3583 202 3644 qui
213 3600 228 3632 e
240 3585 307 3632 Beda
317 3592 344 3632 et
356 3586 500 3634 Constante
511 3587 600 3646 corrigi
612 3587 715 3646 debeat3
731 3587 773 3634 alii
785 3602 843 3634 varo
854 3587 964 3635 Saxones
979 3587 1049 3634 aiant
1064 3597 1123 3636 tanc
1139 3591 1254 3650 temporis

158 3648 286 3696 drenime
298 3663 347 3695 uon
358 3649 390 3695 ad
402 3649 476 3696 fixam
488 3649 662 3698 habitationem
674 3651 716 3698 sed
728 3651 882 3712 expeditione
899 3659 994 3698 tantum
1012 3651 1111 3700 militari
1123 3669 1154 3700 ex
1166 3654 1254 3702 foedere

159 3726 215 3759 cum
239 3712 314 3759 Pictis
337 3713 407 3761 inito.
441 3713 537 3760 Harum
557 3715 718 3773 solutionum,
740 3716 819 3776 prima
840 3731 871 3762 ex
893 3715 1008 3762 omnibus
1032 3716 1102 3763 MSS.
1127 3718 1252 3775 refutatur,

159 3777 290 3824 secundm
302 3777 412 3837 Pmsperi
423 3777 500 3836 ipsias
516 3778 647 3838 explicatio
663 3787 749 3826 contra
761 3779 909 3828 collatorem
927 3778 1050 3826 convellit.
1089 3780 1181 3828 Ulu'ma
1197 3797 1254 3828 suas

159 3838 256 3899 quidem
268 3840 341 3888 habet
351 3841 514 3898 difficultates,
526 3842 569 3889 sed
585 3842 692 3890 rationes
705 3843 779 3890 etiam
794 3858 851 3889 suas
865 3857 920 3903 qua
937 3842 1045 3890 maxima
1060 3851 1170 3903 exparte
1181 3846 1253 3904 aqui·

160 3902 260 3951 librium
271 3903 367 3952 tollant.
381 3905 406 3951 S.
425 3905 545 3952 Ultimum
557 3906 705 3954 sententiam
715 3907 870 3967 amplectitur
879 3906 1002 3964 Usserius,
1014 3907 1056 3967 qui
1068 3917 1252 3967 commonstrat,

158 3967 225 4027 quod
237 3975 331 4014 certum
345 3975 392 4021 est.
406 3969 541 4017 Britannia
556 3985 613 4017 oras
628 3985 691 4028 sape
708 3969 872 4016 aSaxonibus
889 3971 1015 4018 infestatae
1032 3971 1106 4019 irrisae
1123 3980 1251 4032 antequam

159 4029 196 4077 illi
209 4047 225 4078 a
238 4030 363 4080 Britannis
372 4032 398 4079 in
411 4033 552 4081 acanum
565 4035 653 4094 recepti
665 4034 762 4081 fuerim.
798 4033 853 4081 Vid.
868 4034 928 4082 Brit.
942 4035 1009 4082 Eccl.
1022 4035 1105 4096 Autiq.
1118 4037 1150 4082 xi.
1164 4051 1186 4096 p.
1198 4036 1252 4086 181.

158 4095 194 4142 Et
203 4094 312 4154 proferto
322 4109 377 4144 eum
391 4097 505 4144 Britanni
517 4099 627 4145 Saxones
637 4098 662 4144 iu
675 4104 755 4157 partes
769 4113 827 4144 suas
843 4113 967 4159 uunquam
979 4100 1133 4146 vocavissent
1143 4100 1190 4147 uisi
1203 4101 1252 4148 vim

156 4164 183 4206 et
191 4157 305 4206 virtutem
314 4174 398 4208 eorum
410 4162 484 4221 probe
495 4161 618 4223 cognitam
627 4162 752 4213 habereut.
762 4161 895 4210 verisimile
904 4169 942 4210 est
952 4163 1002 4210 haec
1013 4163 1066 4223 ipso
1078 4178 1121 4210 usa
1130 4173 1156 4212 st
1165 4165 1253 4225 sapias

156 4228 243 4270 maes
254 4237 297 4271 eos
308 4225 438 4285 pugnando
449 4234 561 4287 expertos
572 4241 632 4273 esse.
645 4225 814 4287 lappenberg.
826 4241 850 4286 p.
862 4225 893 4287 63
910 4225 1039 4289 (Thema)
1053 4227 1099 4274 huc
1114 4229 1188 4276 refert
1204 4230 1253 4276 cai-

154 4285 226 4334 enlos
236 4287 354 4346 quosdam
367 4289 484 4348 temporis
494 4291 536 4351 qui
548 4291 673 4337 Saxonum
691 4289 822 4336 sdvemum
840 4292 885 4337 sub
900 4294 929 4338 Α.
940 4291 970 4338 l).
981 4292 1028 4352 428
1041 4292 1078 4339 vel
1091 4305 1140 4354 ⁴²⁹
1152 4300 1252 4353 penum,

154 4349 249 4398 scilicet
263 4350 365 4409 Nennii,
386 4353 464 4400 Felice
481 4360 505 4401 et
522 4355 605 4401 Tauro
619 4353 765 4409 memfibos,
781 4353 822 4415 qai
839 4353 907 4402 tuere
920 4357 949 4402 A.
959 4355 990 4403 D.
1003 4355 1061 4415 428,
1078 4357 1160 4404 Neue.
1175 4355 1216 4415 66.
1229 4364 1254 4405 et

155 4413 251 4475 wiligit
261 4414 369 4464 moues
380 4431 410 4464 eo
421 4432 487 4463 anno
497 4417 621 4464 incursum
634 4416 659 4462 in
672 4417 826 4465 Britanniam
839 4417 932 4468 fecisse.

685 4482 738 4541 ra
