3100 5125
292 310 334 371 42
622 304 858 370 HISTORIAE
881 304 1057 371 EOGLES.
1338 300 1366 363 Ι.
1384 318 1470 378 24-

706 542 764 608 ΟΛ
772 542 810 605 Ρ.
834 541 972 605 XXIV.
1398 534 1442 595 60

347 660 386 716 Ut
399 662 555 719 Arelatensi
568 664 708 738 erpinopo
721 664 860 738 epistolam
870 681 923 737 pro
937 680 1026 719 somne
1039 662 1205 737 susceptione
1219 658 1331 715 micuit.

336 770 432 833 Mrsrr
448 771 637 837 etiamtunc
653 772 772 837 ‘isdem
787 775 984 838 venerandus
1003 771 1147 857 pontifex
1160 772 1204 835 ad
1219 767 1389 833 Eiherium

292 855 514 921 Arelatensem
542 856 751 943 aepiscopum,
782 865 820 922 ni
848 858 1064 945 Augustinnm
1094 855 1289 921 Brittaniam
1317 875 1387 937 per-

290 948 418 1025 gentem
433 941 567 1027 benigne
577 944 760 1028 susciperet,
775 944 894 1020 literas,
912 966 1046 1029 qnorum
1060 943 1122 1007 iste
1137 948 1186 1005 cat
1200 946 1328 1005 textus:
1347 969 1350 973 ·
1399 956 1413 1002 5

335 1027 584 1092 Reverentissirno
604 1040 633 1092 et
653 1031 837 1093 monnone
851 1030 956 1114 seotri
976 1029 1101 1093 Etieric
1121 1028 1296 1111 coepiscopo,
1315 1026 1391 1087 Gro-

288 1111 392 1195 norins
404 1133 505 1175 conns
518 1134 670 1177 soeoornen
683 1116 753 1177 Dei.
799 1115 884 1178 licet
898 1116 986 1199 epod
996 1114 1159 1177 sacerdotes
1172 1110 1310 1175 lenientes
1324 1111 1391 1173 Deo

285 1195 438 1281 placitone
463 1197 618 1261 meitotem
641 1200 774 1285 religiosi
797 1201 860 1263 oiri
887 1200 1003 1265 nnllios
1031 1197 1279 1263 commendatione
1308 1195 1391 1259 indi·

289 1290 401 1381 9cnnt3·
428 1282 504 1365 quio
525 1293 623 1347 tanen
643 1295 748 1369 optmn
769 1284 969 1349 scribendine
990 1294 1104 1368 tempos
1124 1282 1256 1369 ingessit,
1270 1281 1392 1363 froter-

291 1376 386 1429 nntoto
413 1377 519 1431 senece
546 1379 649 1432 nostro
676 1372 790 1433 mettere
817 1370 932 1455 accepto
961 1370 1154 1433 curavimus:
1191 1368 1390 1440 insinuantes,

293 1449 424 1514 tutores
443 1455 642 1536 prcesentinns
666 1457 872 1539 Anpnstinnrn
899 1476 1018 1518 seronem
1040 1455 1115 1530 Dei,
1139 1454 1175 1517 de
1203 1451 1288 1535 cennos
1316 1449 1391 1513 certi
1404 1477 1436 1511 10

291 1556 394 1599 menos
410 1538 522 1613 atomo,
543 1561 610 1601 comt
629 1540 703 1603 niis
721 1541 815 1603 servis
830 1540 901 1614 Dei,
922 1540 1000 1603 *tolle
1020 1561 1072 1601 nos
1086 1560 1148 1623 pro
1170 1537 1301 1601 utilitate
1321 1536 1391 1599 oni-

292 1642 423 1699 mconnn,
438 1623 607 1687 omilionte
621 1626 762 1700 Domino,
777 1624 941 1688 diocense:
965 1646 1049 1709 qoem
1063 1645 1172 1687 necesse
1186 1632 1227 1685 est
1241 1632 1275 1685 nt
1293 1642 1391 1685 socer·

291 1706 390 1770 dotali
403 1709 502 1771 modio
515 1711 660 1773 sanctitas
674 1720 772 1773 oestro
793 1710 950 1793 odjnoore,
966 1720 993 1773 et
1010 1731 1066 1773 ano
1083 1710 1111 1771 oi
1129 1708 1239 1771 cointio
1253 1704 1392 1791 praebere

282 1792 419 1874 festinet.
465 1794 524 1856 cot
551 1795 652 1870 etiam,
677 1805 713 1859 nt
730 1796 932 1893 promptiores
953 1795 998 1857 od
1016 1793 1247 1879 snffiraponcionn
1268 1790 1392 1876 possitne

291 1877 419 1953 metere,
442 1898 565 1941 consono
587 1878 666 1943 coins
687 1882 876 1962 inymmimos
896 1878 1046 1943 anitiiter
1066 1880 1215 1942 indicano.
1261 1877 1392 1939 Scientes

291 1961 372 2045 qnod
391 1984 428 2025 eo
448 1963 577 2048 cognito,
595 1974 656 2028 toto
678 1988 727 2028 eos
740 1976 869 2049 propter
882 1967 982 2028 Domo
995 1964 1144 2027 deuotione
1161 1963 1206 2026 od
1221 1962 1390 2025 ksoloco'an
1404 1986 1434 2033 15

292 2045 376 2119 dnm,
392 2048 466 2131 quio
483 2069 531 2111 res
549 2050 652 2134 eripit,
666 2050 859 2114 commodetis.
908 2050 1082 2113 carmem
1095 2058 1250 2133 pretereo
1265 2044 1390 2131 precip-

292 2141 399 2203 tennrn,
415 2154 594 2197 communem
607 2135 723 2216 silimn,
739 2157 826 2219 qoem
848 2136 893 2199 od
909 2134 1151 2219 gehennationem
1171 2130 1393 2217 ¹paltimonioli

293 2215 424 2280 cmlesioe
445 2229 555 2282 nostrce
576 2220 809 2297 trorosmisirnns,
833 2220 959 2283 coritoti
980 2229 1088 2285 nestore
1107 2220 1142 2282 in
1161 2217 1295 2281 ommibus
1316 2238 1392 2279 coos·

292 2302 476 2365 mmodomns.
521 2306 606 2367 Dens
624 2316 652 2369 te
670 2306 846 2369 incolumem.
858 2306 1015 2381 custodiet,
1030 2304 1262 2368 reverentissime
1275 2304 1390 2387 frater.

336 2388 425 2451 Doto
441 2388 492 2452 dio
511 2390 628 2455 decimo
642 2390 845 2455 lehumnum
858 2394 1077 2475 Aopmternm,
1093 2390 1260 2474 imperanto
1275 2387 1393 2451 domino

325 2582 339 2610 ο
350 2575 529 2635 archiepiscopo
541 2574 570 2621 V.
652 2574 738 2622 ‘idern
750 2575 780 2622 G.
866 2577 1102 2638 torciiepiscepnm
1115 2574 1177 2622 V.G.
1260 2571 1276 2612 h
1288 2574 1392 2619 interm

293 2635 354 2683 V.G.
368 2633 412 2684 Ed.
426 2637 518 2685 Bened.
641 2639 720 2687 iillasc
730 2639 792 2688 V.(i.
916 2641 932 2680 k
944 2641 1110 2687 solatiandum
1123 2639 1159 2686 St.
1172 2639 1202 2684 G.
1220 2637 1348 2684 solandum
1361 2634 1391 2682 V.

292 2701 483 2762 mammon
494 2701 524 2749 v.

327 2883 350 2930 3.
361 2869 497 2918 Etierinm
509 2871 691 2932 Arelatenseno]
708 2872 755 2918 Pro
772 2886 888 2920 concesso
905 2872 1007 2920 habemr
1021 2885 1127 2920 errorem
1142 2870 1181 2917 bic
1192 2885 1252 2929 esse,
1264 2867 1391 2916 Etheriam

295 2933 353 2994 poni
364 2948 409 2993 pro
419 2934 533 2996 Virgilio,
544 2949 600 2983 cnm
613 2935 728 2982 Ethesim
738 2944 798 2984 tnnc
809 2937 926 2998 temporis
937 2935 1108 2996 Lugdunensis
1118 2935 1247 2996 episcopus
1257 2933 1311 2982 init.
1345 2931 1392 2981 &d

293 3012 325 3044 sn
337 2997 363 3044 in
374 3012 405 3044 eo
416 2999 534 3046 consistat
544 3012 612 3046 error
623 2998 694 3047 valde
703 2999 864 3048 dnbitundnm
876 3007 922 3048 est.
944 3000 1025 3047 Primo
1036 2999 1101 3046 enim
1113 2998 1216 3059 epistola
1224 3013 1277 3059 quse
1287 2997 1313 3044 in
1326 2997 1393 3044 Beda

293 3068 332 3110 eat
341 3061 373 3108 ad
384 3061 509 3110 Etherinm
522 3063 700 3119 Arelatensem,
713 3077 762 3109 non
775 3063 899 3110 invenitur
909 3078 938 3111 co
950 3065 1022 3111 titulo
1033 3063 1059 3110 in
1072 3063 1184 3125 Gregorii
1196 3063 1306 3123 registro.
1340 3061 1392 3108 De·

293 3126 352 3174 inde
361 3126 464 3174 habetur
473 3125 500 3174 in
512 3125 676 3188 registrn'alia
686 3126 790 3188 epistole
801 3129 831 3174 ad
843 3128 973 3190 Virgilium
987 3130 1163 3185 Arelatensem,
1174 3127 1282 3187 ejnsdem
1294 3125 1392 3186 quidem

294 3189 396 3247 tenoris,
416 3191 459 3238 sed
476 3191 577 3238 ulterius
592 3191 685 3238 torma.
719 3191 815 3240 Exinde
831 3193 930 3253 colligo,
947 3199 1054 3242 erratum
1072 3192 1153 3252 potins
1169 3206 1222 3240 esse
1238 3191 1265 3238 in
1282 3189 1392 3249 epistole,

293 3268 366 3315 qnam
377 3255 403 3301 in
416 3255 523 3303 nomine.
559 3255 697 3316 Augustino
710 3255 815 3304 abeam
828 3257 962 3318 Gregorius
972 3257 1052 3316 plnres
1065 3256 1182 3316 epistolas
1196 3255 1293 3316 scripsit
1307 3255 1393 3301 rodem

293 3319 342 3374 die,
354 3332 437 3366 earnm
448 3318 580 3381 originales
587 3319 614 3366 in
624 3319 715 3367 sonnio
723 3320 856 3380 apostolico
866 3321 938 3368 simul
947 3319 1057 3380 jacentes
1066 3320 1212 3367 Nothelmns
1220 3318 1393 3377 transscripsit,

293 3389 319 3430 et
328 3382 413 3444 quidni
425 3384 504 3444 pontit
514 3398 589 3431 unam
602 3398 646 3444 pro
658 3383 707 3430 alia
717 3399 822 3441 sumere,
833 3391 858 3432 et
875 3384 942 3432 illum
953 3400 1007 3446 qnae
1022 3386 1053 3433 ad
1067 3384 1191 3432 Etherinm
1206 3384 1392 3445 Lugdunensem

294 3447 385 3506 scripta
396 3447 451 3508 init,
462 3448 516 3495 loco
527 3447 580 3509 ejus
591 3463 644 3508 qum
661 3449 691 3494 ad
703 3448 834 3509 Virgilium
850 3449 1025 3504 Arelatensem,
1039 3448 1179 3496 nominibus
1190 3456 1215 3495 et
1228 3447 1307 3496 titulis
1322 3447 1393 3506 lapsu

293 3511 457 3571 transpositis,
470 3513 500 3559 ad
513 3512 605 3560 Bedam
617 3512 719 3560 mlierre.
736 3513 761 3561 S.
786 3513 896 3573 Epistola
907 3513 957 3560 haec
968 3513 1070 3561 habetur
1081 3513 1106 3559 in
1120 3512 1240 3574 segieno,
1252 3511 1295 3558 lib.
1306 3511 1340 3558 vi.
1352 3522 1392 3572 52,

293 3575 336 3623 md
352 3576 442 3636 scripta
459 3576 488 3623 ad
505 3577 631 3638 episcopos
645 3576 771 3638 Pelagium
785 3578 815 3624 de
825 3577 916 3625 annis
931 3584 956 3624 et
972 3577 1089 3626 Serenum
1106 3578 1136 3624 de
1153 3577 1274 3625 Massilia.
1307 3575 1393 3635 Itaque

293 3640 403 3688 clausula
412 3640 456 3687 illu
467 3640 498 3688 ad
509 3641 583 3688 finem
594 3641 671 3696 abest,
683 3655 780 3702 nempe,
790 3641 862 3690 Dens
873 3648 897 3688 te
905 3644 1050 3688 incolumem
1059 3641 1393 3697 cesstodiat‚rroen·entissisne

287 3704 383 3765 frater.
418 3705 532 3752 Errorem
545 3719 603 3754 vero
620 3705 645 3752 in
663 3706 763 3752 nomine
783 3705 875 3753 Etherii
892 3719 936 3766 pro
948 3705 1051 3766 Virgilio
1060 3706 1148 3754 diserte
1162 3704 1249 3765 repetit
1266 3703 1334 3751 Beda
1347 3703 1391 3750 ini.

293 3783 342 3816 on
360 3801 369 3816 .

329 3779 366 3893 ιζ.
380 3833 552 3895 patrimonioli
569 3834 684 3895 ecclesio]
708 3832 886 3880 Patrimonium
906 3848 924 3880 s.
943 3833 1016 3882 Petri.
1059 3834 1097 3880 lte
1113 3831 1270 3896 appellebant
1285 3830 1393 3879 ecclesie

294 3900 411 3944 &manre
428 3898 527 3957 predia,
539 3897 655 3955 ditiones,
667 3898 706 3944 rel
723 3912 810 3944 census
828 3897 853 3944 in
874 3897 1015 3958 provinciis.
1049 3897 1091 3944 Dn
1108 3897 1191 3959 Gange
1208 3897 1234 3943 in
1252 3911 1273 3942 r.
1307 3895 1347 3943 De
1363 3909 1393 3942 eo

295 3962 387 4009 mentio
401 3976 464 4022 steps
475 3962 540 4009 fecta
551 3968 589 4009 est
599 3962 624 4007 in
636 3961 747 4021 epistolis
757 3962 877 4023 Gregorii.
911 3961 977 4010 Cnrs
991 3963 1044 4023 ejus
1058 3962 1200 4023 plerumque
1215 3959 1309 4009 clericis
1325 3973 1393 4007 com-

295 4026 370 4073 missa
385 4034 432 4082 est,
443 4026 508 4074 sieut
523 4026 562 4074 hic
578 4025 689 4073 Candido
705 4026 855 4088 presbytero,
873 4026 922 4073 vid.
935 4027 1009 4090 Greg.
1022 4027 1099 4088 Epist.
1109 4027 1143 4074 ix.
1155 4026 1195 4087 65,
1212 4032 1238 4073 et
1254 4024 1351 4072 videtur
1367 4023 1392 4069 in

295 4089 375 4136 Gallia
392 4097 450 4138 tnnc
468 4090 586 4152 temporis
604 4090 712 4137 maxima
733 4105 790 4150 pnrs
808 4091 859 4152 agri
878 4091 960 4146 fnisse,
977 4093 1026 4139 rid.
1046 4090 1123 4151 Epist.
1140 4107 1164 4136 v.
1181 4103 1222 4150 31.
1271 4089 1393 4136 Nonnun-

294 4166 367 4213 quam
384 4155 476 4202 reditns
492 4155 553 4215 ejns,
570 4154 610 4202 vel
630 4155 738 4202 collecte
757 4155 894 4216 pensiones,
911 4155 1039 4217 intercepti
1059 4163 1085 4202 et
1104 4155 1170 4202 ultra
1189 4161 1285 4215 tempos
1305 4151 1392 4200 retenti

295 4223 368 4264 snnt:
384 4220 448 4279 qnod
459 4219 615 4280 conqueritur
626 4220 759 4280 Gregorius
769 4219 908 4280 episcopum
918 4219 1021 4268 Arelntis
1032 4220 1232 4280 predecessorem
1242 4217 1339 4279 Virgilii
1351 4230 1393 4276 per

295 4280 387 4329 multos
403 4297 481 4330 annos
497 4283 592 4337 iecisse,
604 4289 629 4330 et
645 4283 755 4344 precipit
772 4283 876 4344 Virgilio
892 4291 920 4330 nt
933 4283 1042 4331 debitum
1057 4283 1168 4331 Candido
1184 4296 1250 4330 nnnc
1266 4281 1391 4329 reatitnuts

296 4346 374 4406 Epist.
385 4346 417 4393 vi.
431 4357 471 4407 53.
504 4347 600 4396 Partem
612 4347 673 4406 ejus,
682 4361 756 4408 qnam
767 4346 928 4407 'l'lreophanes
940 4348 970 4395 nd
982 4348 1030 4396 tn'a
1045 4347 1137 4394 talentu
1153 4354 1179 4394 et
1193 4346 1322 4394 dimidium
1339 4343 1391 4392 anri

295 4410 434 4468 estimavit,
443 4418 469 4458 et
478 4418 549 4459 vetus
558 4410 677 4458 tributum
686 4410 793 4458 ecclesiae
806 4412 922 4459 Romanae
932 4412 1008 4459 inisse
1019 4412 1090 4467 dixit,
1103 4413 1153 4460 Leo
1165 4411 1244 4458 dictm
1256 4409 1393 4458 lronoclas·

188 4489 193 4503 ¹
295 4475 370 4523 tesia
382 4475 468 4523 fiscum
480 4475 608 4523 convertit.
632 4473 688 4521 Vid.
698 4474 808 4536 l'heopb.
821 4476 850 4522 A.
862 4475 894 4522 D.
908 4485 963 4537 724,
979 4476 1060 4539 [731]
