<?xml version="1.0" encoding="UTF-8"?>
<!DOCTYPE html PUBLIC "-//W3C//DTD XHTML 1.0 Transitional//EN"
    "http://www.w3.org/TR/xhtml1/DTD/xhtml1-transitional.dtd">
<html xmlns="http://www.w3.org/1999/xhtml" xml:lang="en" lang="en">
 <head>
  <title>
</title>
<meta http-equiv="Content-Type" content="text/html;charset=utf-8" />
  <meta name='ocr-system' content='tesseract 3.04.00' />
  <meta name='ocr-capabilities' content='ocr_page ocr_carea ocr_par ocr_line ocrx_word'/>
</head>
<body>
  <div class='ocr_page' id='page_1' title='image "./historiaecclesi00hussgoog_0343.png"; bbox 0 0 3100 5125; ppageno 0'>
   <div class='ocr_carea' id='block_1_1' title="bbox 284 326 1072 396">
    <p class='ocr_par' dir='ltr' id='par_1_1' title="bbox 284 326 1072 396">
     <span class='ocr_line' id='line_1_1' title="bbox 284 326 1072 396; baseline -0.005 -1"><span class='ocrx_word' id='word_1_1' title='bbox 284 330 350 396; x_wconf 73' lang='lat'>824</span> <span class='ocrx_word' id='word_1_2' title='bbox 597 326 819 392; x_wconf 80' lang='lat' dir='ltr'>HISTORIA</span> <span class='ocrx_word' id='word_1_3' title='bbox 842 326 1072 393; x_wconf 85' lang='lat' dir='ltr'><strong>ABBATUM</strong></span> 
     </span>
    </p>
   </div>
   <div class='ocr_carea' id='block_1_2' title="bbox 284 476 1534 2602">
    <p class='ocr_par' dir='ltr' id='par_1_2' title="bbox 284 476 1391 659">
     <span class='ocr_line' id='line_1_2' title="bbox 284 476 1391 563; baseline -0.003 -21"><span class='ocrx_word' id='word_1_4' title='bbox 284 499 420 563; x_wconf 89' lang='lat' dir='ltr'>quorum</span> <span class='ocrx_word' id='word_1_5' title='bbox 433 478 500 542; x_wconf 84' lang='lat' dir='ltr'>vita</span> <span class='ocrx_word' id='word_1_6' title='bbox 513 478 618 542; x_wconf 82' lang='lat' dir='ltr'>vivere</span> <span class='ocrx_word' id='word_1_7' title='bbox 636 478 748 561; x_wconf 89' lang='lat' dir='ltr'>nequit</span> <span class='ocrx_word' id='word_1_8' title='bbox 766 478 871 553; x_wconf 88' lang='lat' dir='ltr'>home,</span> <span class='ocrx_word' id='word_1_9' title='bbox 887 477 929 541; x_wconf 88' lang='lat' dir='ltr'>ad</span> <span class='ocrx_word' id='word_1_10' title='bbox 949 476 1087 541; x_wconf 89' lang='lat' dir='ltr'>officium</span> <span class='ocrx_word' id='word_1_11' title='bbox 1104 478 1269 562; x_wconf 85' lang='lat' dir='ltr'>patientiae</span> <span class='ocrx_word' id='word_1_12' title='bbox 1285 478 1391 543; x_wconf 85' lang='lat' dir='ltr'>virtu·</span> 
     </span>
     <span class='ocr_line' id='line_1_3' title="bbox 284 561 1391 659; baseline -0.005 -30"><span class='ocrx_word' id='word_1_13' title='bbox 284 572 413 647; x_wconf 85' lang='lat' dir='ltr'>temque</span> <span class='ocrx_word' id='word_1_14' title='bbox 430 563 618 637; x_wconf 80' lang='lat' dir='ltr'>reservatis3</span> <span class='ocrx_word' id='word_1_15' title='bbox 642 563 816 627; x_wconf 72' lang='lat' dir='ltr'>studebant</span> <span class='ocrx_word' id='word_1_16' title='bbox 835 562 867 623; x_wconf 92' lang='lat' dir='ltr'>in</span> <span class='ocrx_word' id='word_1_17' title='bbox 888 561 996 625; x_wconf 89' lang='lat' dir='ltr'>dolore</span> <span class='ocrx_word' id='word_1_18' title='bbox 1015 584 1139 647; x_wconf 82' lang='lat' dir='ltr'>semper</span> <span class='ocrx_word' id='word_1_19' title='bbox 1153 562 1292 627; x_wconf 89' lang='lat' dir='ltr'>Auctori</span> <span class='ocrx_word' id='word_1_20' title='bbox 1311 584 1391 659; x_wconf 79' lang='lat' dir='ltr'>gra-</span> 
     </span>
    </p>

    <p class='ocr_par' dir='ltr' id='par_1_3' title="bbox 284 647 1534 2515">
     <span class='ocr_line' id='line_1_4' title="bbox 284 647 1391 725; baseline -0.003 -13"><span class='ocrx_word' id='word_1_21' title='bbox 284 648 349 713; x_wconf 85' lang='lat' dir='ltr'>tias</span> <span class='ocrx_word' id='word_1_22' title='bbox 382 647 509 725; x_wconf 86' lang='lat' dir='ltr'>referre,</span> <span class='ocrx_word' id='word_1_23' title='bbox 543 669 611 711; x_wconf 85' lang='lat' dir='ltr'>sem</span> <span class='ocrx_word' id='word_1_24' title='bbox 650 669 668 710; x_wconf 89' lang='lat' dir='ltr'>r</span> <span class='ocrx_word' id='word_1_25' title='bbox 701 648 764 711; x_wconf 90' lang='lat' dir='ltr'>Dei</span> <span class='ocrx_word' id='word_1_26' title='bbox 797 648 943 711; x_wconf 75' lang='lat' dir='ltr'><strong>laudibus</strong></span> <span class='ocrx_word' id='word_1_27' title='bbox 979 647 1165 711; x_wconf 74' lang='lat' dir='ltr'><strong>fraternisve</strong></span> <span class='ocrx_word' id='word_1_28' title='bbox 1199 647 1391 711; x_wconf 81' lang='lat' dir='ltr'>hortatibus</span> 
     </span>
     <span class='ocr_line' id='line_1_5' title="bbox 285 732 1389 819; baseline -0.002 -22"><span class='ocrx_word' id='word_1_29' title='bbox 285 755 409 797; x_wconf 84' lang='lat' dir='ltr'>vacare.</span> <span class='ocrx_word' id='word_1_30' title='bbox 453 732 584 817; x_wconf 84' lang='lat' dir='ltr'>Agebat</span> <span class='ocrx_word' id='word_1_31' title='bbox 656 733 800 797; x_wconf 77' lang='lat' dir='ltr'>nedictus</span> <span class='ocrx_word' id='word_1_32' title='bbox 823 732 1027 797; x_wconf 87' lang='lat' dir='ltr'>advenientes</span> <span class='ocrx_word' id='word_1_33' title='bbox 1051 732 1166 819; x_wconf 82' lang='lat' dir='ltr'>saepius</span> <span class='ocrx_word' id='word_1_34' title='bbox 1191 733 1233 795; x_wconf 82' lang='lat' dir='ltr'>ad</span> <span class='ocrx_word' id='word_1_35' title='bbox 1258 754 1294 795; x_wconf 88' lang='lat' dir='ltr'>se</span> <span class='ocrx_word' id='word_1_36' title='bbox 1320 732 1389 795; x_wconf 81' lang='lat' dir='ltr'>fra-</span> 
     </span>
     <span class='ocr_line' id='line_1_6' title="bbox 285 816 1390 901; baseline -0.002 -19"><span class='ocrx_word' id='word_1_37' title='bbox 285 825 353 882; x_wconf 88' lang='lat' dir='ltr'>tres</span> <span class='ocrx_word' id='word_1_38' title='bbox 374 817 415 881; x_wconf 92' lang='lat' dir='ltr'>de</span> <span class='ocrx_word' id='word_1_39' title='bbox 434 817 644 881; x_wconf 87' lang='lat' dir='ltr'>custodienda</span> <span class='ocrx_word' id='word_1_40' title='bbox 669 839 765 901; x_wconf 85' lang='lat' dir='ltr'>quam</span> <span class='ocrx_word' id='word_1_41' title='bbox 787 823 946 881; x_wconf 77' lang='lat' dir='ltr'>statuerat</span> <span class='ocrx_word' id='word_1_42' title='bbox 967 816 1077 901; x_wconf 86' lang='lat' dir='ltr'>regula</span> <span class='ocrx_word' id='word_1_43' title='bbox 1098 818 1245 881; x_wconf 85' lang='lat' dir='ltr'>firmare:</span> <span class='ocrx_word' id='word_1_44' title='bbox 1275 819 1390 901; x_wconf 86' lang='lat' dir='ltr'>Neque</span> 
     </span>
     <span class='ocr_line' id='line_1_7' title="bbox 284 900 1428 1071; baseline 0.004 -20"><span class='ocrx_word' id='word_1_45' title='bbox 284 900 757 1071; x_wconf 63' lang='lat' dir='ltr'>adamatur</span> <span class='ocrx_word' id='word_1_46' title='bbox 792 902 1167 1071; x_wconf 73' lang='grc' dir='ltr'><em>ΜΞΜΞΞΜΞΞΞΞΞ</em></span> <span class='ocrx_word' id='word_1_47' title='bbox 1187 900 1428 1071; x_wconf 73' lang='grc' dir='ltr'><em>ΜΞΞΞΞ,</em></span> 
     </span>
     <span class='ocr_line' id='line_1_8' title="bbox 284 1008 1388 1158; baseline -0.002 -22"><span class='ocrx_word' id='word_1_48' title='bbox 284 1073 473 1136; x_wconf 71' lang='lat' dir='ltr'>ammeta</span> <span class='ocrx_word' id='word_1_49' title='bbox 495 1095 565 1158; x_wconf 77' lang='lat' dir='ltr'>quae</span> <span class='ocrx_word' id='word_1_50' title='bbox 586 1073 667 1135; x_wconf 82' lang='lat' dir='ltr'>inter</span> <span class='ocrx_word' id='word_1_51' title='bbox 688 1072 786 1157; x_wconf 78' lang='lat' dir='ltr'>leupus</span> <span class='ocrx_word' id='word_1_52' title='bbox 810 1094 884 1135; x_wconf 74' lang='lat' dir='ltr'>nuce</span> <span class='ocrx_word' id='word_1_53' title='bbox 912 1071 1023 1137; x_wconf 76' lang='lat' dir='ltr'>crebra</span> <span class='ocrx_word' id='word_1_54' title='bbox 1039 1008 1297 1156; x_wconf 58' lang='lat' dir='ltr'>pereprtii&#39;iiiouis</span> <span class='ocrx_word' id='word_1_55' title='bbox 1321 1072 1388 1135; x_wconf 65' lang='lat' dir='ltr'>dss-</span> 
     </span>
     <span class='ocr_line' id='line_1_9' title="bbox 284 1155 1389 1325; baseline -0.003 -19"><span class='ocrx_word' id='word_1_56' title='bbox 284 1168 678 1307; x_wconf 55' lang='lat' dir='ltr'>mittet?</span> <span class='ocrx_word' id='word_1_57' title='bbox 693 1157 1057 1325; x_wconf 55' lang='lat' dir='ltr'>tramittit</span> <span class='ocrx_word' id='word_1_58' title='bbox 1070 1155 1389 1305; x_wconf 66' lang='lat' dir='ltr'>ttttttttt</span> 
     </span>
     <span class='ocr_line' id='line_1_10' title="bbox 285 1326 1387 1411; baseline 0 -20"><span class='ocrx_word' id='word_1_59' title='bbox 285 1326 398 1391; x_wconf 89' lang='lat' dir='ltr'>simam</span> <span class='ocrx_word' id='word_1_60' title='bbox 411 1327 720 1411; x_wconf 71' lang='lat' dir='ltr'>copiosissimamque</span> <span class='ocrx_word' id='word_1_61' title='bbox 732 1328 916 1404; x_wconf 86' lang='lat' dir='ltr'>advexerat,</span> <span class='ocrx_word' id='word_1_62' title='bbox 931 1328 974 1391; x_wconf 88' lang='lat' dir='ltr'>ad</span> <span class='ocrx_word' id='word_1_63' title='bbox 988 1326 1229 1391; x_wconf 75' lang='lat' dir='ltr'>instructionem</span> <span class='ocrx_word' id='word_1_64' title='bbox 1242 1326 1387 1399; x_wconf 82' lang='lat' dir='ltr'>ecclesiae</span> 
     </span>
     <span class='ocr_line' id='line_1_11' title="bbox 285 1411 1387 1497; baseline 0 -22"><span class='ocrx_word' id='word_1_65' title='bbox 285 1412 505 1489; x_wconf 79' lang='lat' dir='ltr'>necessariam,</span> <span class='ocrx_word' id='word_1_66' title='bbox 521 1412 653 1476; x_wconf 83' lang='lat' dir='ltr'>sollicite</span> <span class='ocrx_word' id='word_1_67' title='bbox 672 1412 791 1477; x_wconf 84' lang='lat' dir='ltr'>servari</span> <span class='ocrx_word' id='word_1_68' title='bbox 811 1412 977 1497; x_wconf 84' lang='lat' dir='ltr'>integram,</span> <span class='ocrx_word' id='word_1_69' title='bbox 998 1432 1056 1475; x_wconf 89' lang='lat' dir='ltr'>nec</span> <span class='ocrx_word' id='word_1_70' title='bbox 1075 1433 1133 1495; x_wconf 90' lang='lat' dir='ltr'>per</span> <span class='ocrx_word' id='word_1_71' title='bbox 1150 1411 1305 1474; x_wconf 86' lang='lat' dir='ltr'>incuriam</span> <span class='ocrx_word' id='word_1_72' title='bbox 1326 1412 1387 1475; x_wconf 85' lang='lat' dir='ltr'>foe-</span> 
     </span>
     <span class='ocr_line' id='line_1_12' title="bbox 286 1496 1429 1582; baseline -0.002 -21"><span class='ocrx_word' id='word_1_73' title='bbox 286 1498 365 1575; x_wconf 82' lang='lat' dir='ltr'>dari,</span> <span class='ocrx_word' id='word_1_74' title='bbox 388 1504 446 1561; x_wconf 88' lang='lat' dir='ltr'>aut</span> <span class='ocrx_word' id='word_1_75' title='bbox 469 1497 476 1541; x_wconf 65' lang='lat' dir='ltr'>i</span> <span class='ocrx_word' id='word_1_76' title='bbox 560 1497 603 1559; x_wconf 92' lang='lat' dir='ltr'>im</span> <span class='ocrx_word' id='word_1_77' title='bbox 628 1497 774 1582; x_wconf 87' lang='lat' dir='ltr'>dissipari</span> <span class='ocrx_word' id='word_1_78' title='bbox 800 1497 960 1582; x_wconf 84' lang='lat' dir='ltr'>praecepit.</span> <span class='ocrx_word' id='word_1_79' title='bbox 1015 1497 1078 1560; x_wconf 91' lang='lat' dir='ltr'>Sed</span> <span class='ocrx_word' id='word_1_80' title='bbox 1104 1503 1137 1559; x_wconf 92' lang='lat' dir='ltr'>et</span> <span class='ocrx_word' id='word_1_81' title='bbox 1166 1496 1225 1559; x_wconf 90' lang='lat' dir='ltr'>hoc</span> <span class='ocrx_word' id='word_1_82' title='bbox 1255 1497 1386 1559; x_wconf 88' lang='lat' dir='ltr'>sedulus</span> <span class='ocrx_word' id='word_1_83' title='bbox 1396 1518 1429 1567; x_wconf 83' lang='lat'>50</span> 
     </span>
     <span class='ocr_line' id='line_1_13' title="bbox 286 1580 1386 1665; baseline 0.001 -21"><span class='ocrx_word' id='word_1_84' title='bbox 286 1581 429 1645; x_wconf 73' lang='lat' dir='ltr'>¹‘eisdem</span> <span class='ocrx_word' id='word_1_85' title='bbox 446 1604 482 1645; x_wconf 93' lang='lat' dir='ltr'>so</span> <span class='ocrx_word' id='word_1_86' title='bbox 494 1583 570 1646; x_wconf 89' lang='lat' dir='ltr'>ebat</span> <span class='ocrx_word' id='word_1_87' title='bbox 588 1583 706 1646; x_wconf 86' lang='lat' dir='ltr'>iterare</span> <span class='ocrx_word' id='word_1_88' title='bbox 727 1583 923 1660; x_wconf 86' lang='lat' dir='ltr'>mandatum,</span> <span class='ocrx_word' id='word_1_89' title='bbox 943 1604 983 1645; x_wconf 91' lang='lat' dir='ltr'>ne</span> <span class='ocrx_word' id='word_1_90' title='bbox 1006 1581 1075 1665; x_wconf 89' lang='lat' dir='ltr'>quis</span> <span class='ocrx_word' id='word_1_91' title='bbox 1097 1580 1130 1643; x_wconf 92' lang='lat' dir='ltr'>in</span> <span class='ocrx_word' id='word_1_92' title='bbox 1152 1580 1305 1644; x_wconf 90' lang='lat' dir='ltr'>electione</span> <span class='ocrx_word' id='word_1_93' title='bbox 1328 1583 1386 1645; x_wconf 85' lang='lat' dir='ltr'>ab·</span> 
     </span>
     <span class='ocr_line' id='line_1_14' title="bbox 285 1666 1481 1753; baseline 0.001 -25"><span class='ocrx_word' id='word_1_94' title='bbox 285 1668 380 1743; x_wconf 87' lang='lat' dir='ltr'>batis,</span> <span class='ocrx_word' id='word_1_95' title='bbox 406 1668 530 1753; x_wconf 85' lang='lat' dir='ltr'>generis</span> <span class='ocrx_word' id='word_1_96' title='bbox 552 1667 741 1753; x_wconf 83' lang='lat' dir='ltr'>prosapiam,</span> <span class='ocrx_word' id='word_1_97' title='bbox 765 1673 800 1731; x_wconf 93' lang='lat' dir='ltr'>et</span> <span class='ocrx_word' id='word_1_98' title='bbox 829 1689 892 1730; x_wconf 90' lang='lat' dir='ltr'>non</span> <span class='ocrx_word' id='word_1_99' title='bbox 916 1666 1017 1752; x_wconf 84' lang='lat' dir='ltr'>magis</span> <span class='ocrx_word' id='word_1_100' title='bbox 1040 1666 1164 1731; x_wconf 81' lang='lat' dir='ltr'>vivendi</span> <span class='ocrx_word' id='word_1_101' title='bbox 1188 1666 1386 1751; x_wconf 81' lang='lat' dir='ltr'>docendique</span> <span class='ocrx_word' id='word_1_102' title='bbox 1475 1715 1481 1721; x_wconf 91' lang='lat'>.</span> 
     </span>
     <span class='ocr_line' id='line_1_15' title="bbox 285 1750 1387 1836; baseline 0.001 -23"><span class='ocrx_word' id='word_1_103' title='bbox 285 1753 479 1835; x_wconf 85' lang='lat' dir='ltr'>probitatem</span> <span class='ocrx_word' id='word_1_104' title='bbox 502 1759 631 1836; x_wconf 86' lang='lat' dir='ltr'>putaret</span> <span class='ocrx_word' id='word_1_105' title='bbox 654 1774 723 1815; x_wconf 87' lang='lat' dir='ltr'>esse</span> <span class='ocrx_word' id='word_1_106' title='bbox 749 1752 961 1835; x_wconf 83' lang='lat' dir='ltr'>quaereudam.</span> <span class='ocrx_word' id='word_1_107' title='bbox 1013 1753 1057 1816; x_wconf 79' lang='lat' dir='ltr'>Et</span> <span class='ocrx_word' id='word_1_108' title='bbox 1081 1772 1158 1827; x_wconf 86' lang='lat' dir='ltr'>uere,</span> <span class='ocrx_word' id='word_1_109' title='bbox 1179 1750 1291 1833; x_wconf 88' lang='lat' dir='ltr'>inquit,</span> <span class='ocrx_word' id='word_1_110' title='bbox 1315 1752 1387 1814; x_wconf 86' lang='lat' dir='ltr'>dica</span> 
     </span>
     <span class='ocr_line' id='line_1_16' title="bbox 285 1835 1534 1922; baseline 0 -23"><span class='ocrx_word' id='word_1_111' title='bbox 285 1836 375 1915; x_wconf 83' lang='lat' dir='ltr'>audis,</span> <span class='ocrx_word' id='word_1_112' title='bbox 390 1838 466 1922; x_wconf 89' lang='lat' dir='ltr'>quia</span> <span class='ocrx_word' id='word_1_113' title='bbox 486 1838 521 1901; x_wconf 89' lang='lat' dir='ltr'>in</span> <span class='ocrx_word' id='word_1_114' title='bbox 539 1838 760 1921; x_wconf 74' lang='lat' dir='ltr'>temporatim</span> <span class='ocrx_word' id='word_1_115' title='bbox 781 1837 911 1900; x_wconf 86' lang='lat' dir='ltr'>duorum</span> <span class='ocrx_word' id='word_1_116' title='bbox 933 1837 1090 1914; x_wconf 85' lang='lat' dir='ltr'>mulorum,</span> <span class='ocrx_word' id='word_1_117' title='bbox 1106 1835 1292 1900; x_wconf 67' lang='lat' dir='ltr'>aurantius</span> <span class='ocrx_word' id='word_1_118' title='bbox 1306 1836 1387 1899; x_wconf 79' lang='lat' dir='ltr'>milti</span> <span class='ocrx_word' id='word_1_119' title='bbox 1533 1874 1534 1879; x_wconf 22' lang='grc' dir='ltr'><strong><em>κ</em></strong></span> 
     </span>
     <span class='ocr_line' id='line_1_17' title="bbox 285 1921 1463 2006; baseline 0 -23"><span class='ocrx_word' id='word_1_120' title='bbox 285 1922 377 1985; x_wconf 84' lang='lat' dir='ltr'>muita</span> <span class='ocrx_word' id='word_1_121' title='bbox 391 1932 432 1986; x_wconf 85' lang='lat' dir='ltr'>est</span> <span class='ocrx_word' id='word_1_122' title='bbox 445 1931 537 1985; x_wconf 89' lang='lat' dir='ltr'>totum</span> <span class='ocrx_word' id='word_1_123' title='bbox 550 1922 628 1985; x_wconf 79' lang='lat' dir='ltr'>imre</span> <span class='ocrx_word' id='word_1_124' title='bbox 642 1922 786 1985; x_wconf 78' lang='lat' dir='ltr'>loemuiu</span> <span class='ocrx_word' id='word_1_125' title='bbox 800 1944 857 2006; x_wconf 84' lang='lat' dir='ltr'>quo</span> <span class='ocrx_word' id='word_1_126' title='bbox 876 1922 1086 1985; x_wconf 84' lang='lat' dir='ltr'>monasterium</span> <span class='ocrx_word' id='word_1_127' title='bbox 1099 1922 1176 2003; x_wconf 83' lang='lat' dir='ltr'>fem,</span> <span class='ocrx_word' id='word_1_128' title='bbox 1191 1942 1219 1983; x_wconf 83' lang='lat' dir='ltr'>m</span> <span class='ocrx_word' id='word_1_129' title='bbox 1237 1942 1281 1983; x_wconf 80' lang='lat' dir='ltr'>sic</span> <span class='ocrx_word' id='word_1_130' title='bbox 1293 1921 1386 2003; x_wconf 72' lang='lat' dir='ltr'>judu·</span> <span class='ocrx_word' id='word_1_131' title='bbox 1401 1922 1463 2003; x_wconf 83' lang='lat'>298</span> 
     </span>
     <span class='ocr_line' id='line_1_18' title="bbox 286 2005 1387 2091; baseline -0.002 -20"><span class='ocrx_word' id='word_1_132' title='bbox 286 2008 400 2071; x_wconf 82' lang='lat' dir='ltr'>canerit</span> <span class='ocrx_word' id='word_1_133' title='bbox 410 2005 517 2083; x_wconf 86' lang='lat' dir='ltr'>¹Deus,</span> <span class='ocrx_word' id='word_1_134' title='bbox 530 2008 563 2070; x_wconf 91' lang='lat' dir='ltr'>in</span> <span class='ocrx_word' id='word_1_135' title='bbox 575 2007 766 2071; x_wconf 74' lang='lat' dir='ltr'>solitudinem</span> <span class='ocrx_word' id='word_1_136' title='bbox 779 2008 991 2091; x_wconf 86' lang='lat' dir='ltr'>sempiternum</span> <span class='ocrx_word' id='word_1_137' title='bbox 1005 2006 1113 2090; x_wconf 81' lang='lat' dir='ltr'>redipi,</span> <span class='ocrx_word' id='word_1_138' title='bbox 1124 2027 1217 2089; x_wconf 87' lang='lat' dir='ltr'>quam</span> <span class='ocrx_word' id='word_1_139' title='bbox 1230 2015 1264 2068; x_wconf 93' lang='lat' dir='ltr'>ut</span> <span class='ocrx_word' id='word_1_140' title='bbox 1275 2006 1387 2087; x_wconf 84' lang='lat' dir='ltr'>frater</span> 
     </span>
     <span class='ocr_line' id='line_1_19' title="bbox 286 2090 1386 2176; baseline -0.001 -21"><span class='ocrx_word' id='word_1_141' title='bbox 286 2113 368 2155; x_wconf 86' lang='lat' dir='ltr'>meus</span> <span class='ocrx_word' id='word_1_142' title='bbox 381 2092 525 2168; x_wconf 70' lang='lat' dir='ltr'>remeatis</span> <span class='ocrx_word' id='word_1_143' title='bbox 541 2113 626 2176; x_wconf 85' lang='lat' dir='ltr'>quem</span> <span class='ocrx_word' id='word_1_144' title='bbox 640 2093 775 2155; x_wconf 83' lang='lat' dir='ltr'>nouimus</span> <span class='ocrx_word' id='word_1_145' title='bbox 790 2093 874 2155; x_wconf 89' lang='lat' dir='ltr'>uiam</span> <span class='ocrx_word' id='word_1_146' title='bbox 894 2092 1031 2155; x_wconf 86' lang='lat' dir='ltr'>ueritatis</span> <span class='ocrx_word' id='word_1_147' title='bbox 1049 2112 1108 2154; x_wconf 88' lang='lat' dir='ltr'>nau</span> <span class='ocrx_word' id='word_1_148' title='bbox 1125 2090 1254 2175; x_wconf 81' lang='lat' dir='ltr'>inpredi,</span> <span class='ocrx_word' id='word_1_149' title='bbox 1270 2092 1304 2151; x_wconf 88' lang='lat' dir='ltr'>in</span> <span class='ocrx_word' id='word_1_150' title='bbox 1319 2102 1386 2154; x_wconf 84' lang='lat' dir='ltr'>meo</span> 
     </span>
     <span class='ocr_line' id='line_1_20' title="bbox 285 2174 1386 2260; baseline 0 -22"><span class='ocrx_word' id='word_1_151' title='bbox 285 2177 412 2260; x_wconf 78' lang='lat' dir='ltr'>rependo</span> <span class='ocrx_word' id='word_1_152' title='bbox 434 2186 504 2260; x_wconf 85' lang='lat' dir='ltr'>past</span> <span class='ocrx_word' id='word_1_153' title='bbox 531 2198 577 2239; x_wconf 89' lang='lat' dir='ltr'>me</span> <span class='ocrx_word' id='word_1_154' title='bbox 606 2176 723 2241; x_wconf 82' lang='lat' dir='ltr'>addatis</span> <span class='ocrx_word' id='word_1_155' title='bbox 750 2177 867 2239; x_wconf 90' lang='lat' dir='ltr'>nomine</span> <span class='ocrx_word' id='word_1_156' title='bbox 894 2177 1039 2240; x_wconf 71' lang='lat' dir='ltr'>emordet.</span> <span class='ocrx_word' id='word_1_157' title='bbox 1099 2175 1228 2259; x_wconf 77' lang='lat' dir='ltr'>Ideoque</span> <span class='ocrx_word' id='word_1_158' title='bbox 1254 2174 1386 2238; x_wconf 86' lang='lat' dir='ltr'>muitum</span> 
     </span>
     <span class='ocr_line' id='line_1_21' title="bbox 284 2260 1387 2346; baseline -0.002 -23"><span class='ocrx_word' id='word_1_159' title='bbox 284 2270 411 2324; x_wconf 77' lang='lat' dir='ltr'>cavetote</span> <span class='ocrx_word' id='word_1_160' title='bbox 423 2262 544 2343; x_wconf 88' lang='lat' dir='ltr'>fratres</span> <span class='ocrx_word' id='word_1_161' title='bbox 564 2283 687 2346; x_wconf 78' lang='lat' dir='ltr'>semper,</span> <span class='ocrx_word' id='word_1_162' title='bbox 702 2284 739 2324; x_wconf 88' lang='lat' dir='ltr'>ue</span> <span class='ocrx_word' id='word_1_163' title='bbox 760 2262 922 2324; x_wconf 77' lang='lat' dir='ltr'>secumdum</span> <span class='ocrx_word' id='word_1_164' title='bbox 941 2282 1033 2345; x_wconf 80' lang='lat' dir='ltr'>penus</span> <span class='ocrx_word' id='word_1_165' title='bbox 1054 2281 1196 2345; x_wconf 88' lang='lat' dir='ltr'>unquam,</span> <span class='ocrx_word' id='word_1_166' title='bbox 1214 2280 1252 2321; x_wconf 89' lang='lat' dir='ltr'>ne</span> <span class='ocrx_word' id='word_1_167' title='bbox 1270 2260 1387 2341; x_wconf 85' lang='lat' dir='ltr'>deforis</span> 
     </span>
     <span class='ocr_line' id='line_1_22' title="bbox 284 2344 1412 2430; baseline -0.002 -23"><span class='ocrx_word' id='word_1_168' title='bbox 284 2345 417 2422; x_wconf 70' lang='lat' dir='ltr'>adimite,</span> <span class='ocrx_word' id='word_1_169' title='bbox 433 2345 514 2408; x_wconf 79' lang='lat' dir='ltr'>uobis</span> <span class='ocrx_word' id='word_1_170' title='bbox 528 2354 651 2430; x_wconf 77' lang='lat' dir='ltr'>patrea</span> <span class='ocrx_word' id='word_1_171' title='bbox 669 2346 825 2430; x_wconf 81' lang='lat' dir='ltr'>quaeratis.</span> <span class='ocrx_word' id='word_1_172' title='bbox 871 2346 932 2409; x_wconf 77' lang='lat' dir='ltr'>Sed</span> <span class='ocrx_word' id='word_1_173' title='bbox 944 2346 1038 2428; x_wconf 76' lang='lat' dir='ltr'>pisata</span> <span class='ocrx_word' id='word_1_174' title='bbox 1059 2345 1139 2429; x_wconf 85' lang='lat' dir='ltr'>quad</span> <span class='ocrx_word' id='word_1_175' title='bbox 1159 2344 1260 2429; x_wconf 77' lang='lat' dir='ltr'>reputa</span> <span class='ocrx_word' id='word_1_176' title='bbox 1280 2345 1412 2429; x_wconf 78' lang='lat' dir='ltr'>mapnis</span> 
     </span>
     <span class='ocr_line' id='line_1_23' title="bbox 284 2428 1386 2515; baseline -0.002 -22"><span class='ocrx_word' id='word_1_177' title='bbox 284 2430 438 2513; x_wconf 82' lang='lat' dir='ltr'>quendam</span> <span class='ocrx_word' id='word_1_178' title='bbox 459 2428 576 2494; x_wconf 79' lang='lat' dir='ltr'>addatis</span> <span class='ocrx_word' id='word_1_179' title='bbox 591 2432 758 2508; x_wconf 73' lang='lat' dir='ltr'>Benedicti,</span> <span class='ocrx_word' id='word_1_180' title='bbox 773 2431 866 2512; x_wconf 81' lang='lat' dir='ltr'>juuta</span> <span class='ocrx_word' id='word_1_181' title='bbox 889 2431 970 2515; x_wconf 86' lang='lat' dir='ltr'>quod</span> <span class='ocrx_word' id='word_1_182' title='bbox 982 2430 1144 2514; x_wconf 69' lang='lat' dir='ltr'>priuidpii</span> <span class='ocrx_word' id='word_1_183' title='bbox 1158 2430 1272 2491; x_wconf 76' lang='lat' dir='ltr'>¹²riustri</span> <span class='ocrx_word' id='word_1_184' title='bbox 1293 2429 1386 2493; x_wconf 83' lang='lat' dir='ltr'>cauti-</span> 
     </span>
    </p>

    <p class='ocr_par' dir='ltr' id='par_1_4' title="bbox 285 2514 1386 2602">
     <span class='ocr_line' id='line_1_24' title="bbox 285 2514 1386 2602; baseline -0.002 -22"><span class='ocrx_word' id='word_1_185' title='bbox 285 2525 356 2580; x_wconf 85' lang='lat' dir='ltr'>mm</span> <span class='ocrx_word' id='word_1_186' title='bbox 369 2515 496 2593; x_wconf 83' lang='lat' dir='ltr'>decreta,</span> <span class='ocrx_word' id='word_1_187' title='bbox 512 2516 546 2579; x_wconf 90' lang='lat' dir='ltr'>iu</span> <span class='ocrx_word' id='word_1_188' title='bbox 560 2525 702 2580; x_wconf 84' lang='lat' dir='ltr'>cmueutu</span> <span class='ocrx_word' id='word_1_189' title='bbox 719 2526 825 2580; x_wconf 78' lang='lat' dir='ltr'>oedroe</span> <span class='ocrx_word' id='word_1_190' title='bbox 842 2516 1075 2602; x_wconf 76' lang='lat' dir='ltr'>conpreputiouis</span> <span class='ocrx_word' id='word_1_191' title='bbox 1092 2515 1240 2578; x_wconf 84' lang='lat' dir='ltr'>communi</span> <span class='ocrx_word' id='word_1_192' title='bbox 1261 2514 1386 2578; x_wconf 71' lang='lat' dir='ltr'>enutio</span> 
     </span>
    </p>
   </div>
   <div class='ocr_carea' id='block_1_3' title="bbox 279 2600 1387 2750">
    <p class='ocr_par' dir='ltr' id='par_1_5' title="bbox 279 2600 1387 2750">
     <span class='ocr_line' id='line_1_25' title="bbox 279 2600 1387 2750; baseline -0.002 -87"><span class='ocrx_word' id='word_1_193' title='bbox 279 2602 479 2685; x_wconf 76' lang='lat' dir='ltr'>perquiratis,</span> <span class='ocrx_word' id='word_1_194' title='bbox 492 2601 719 2750; x_wconf 60' lang='lat' dir='ltr'>quiescendum</span> <span class='ocrx_word' id='word_1_195' title='bbox 736 2601 807 2664; x_wconf 81' lang='lat' dir='ltr'>uita</span> <span class='ocrx_word' id='word_1_196' title='bbox 828 2601 969 2664; x_wconf 87' lang='lat' dir='ltr'>meritum</span> <span class='ocrx_word' id='word_1_197' title='bbox 990 2611 1017 2664; x_wconf 91' lang='lat' dir='ltr'>et</span> <span class='ocrx_word' id='word_1_198' title='bbox 1037 2601 1196 2684; x_wconf 80' lang='lat' dir='ltr'>sapientire</span> <span class='ocrx_word' id='word_1_199' title='bbox 1215 2600 1387 2663; x_wconf 83' lang='lat' dir='ltr'>doctrirmm</span> 
     </span>
    </p>
   </div>
   <div class='ocr_carea' id='block_1_4' title="bbox 286 2683 1432 4296">
    <p class='ocr_par' dir='ltr' id='par_1_6' title="bbox 286 2683 1432 3701">
     <span class='ocr_line' id='line_1_26' title="bbox 286 2683 1387 2770; baseline 0 -22"><span class='ocrx_word' id='word_1_200' title='bbox 286 2687 389 2770; x_wconf 90' lang='lat' dir='ltr'>aptior</span> <span class='ocrx_word' id='word_1_201' title='bbox 401 2687 447 2749; x_wconf 87' lang='lat' dir='ltr'>ad</span> <span class='ocrx_word' id='word_1_202' title='bbox 459 2695 491 2750; x_wconf 92' lang='lat' dir='ltr'>ta</span> <span class='ocrx_word' id='word_1_203' title='bbox 538 2687 740 2750; x_wconf 79' lang='lat' dir='ltr'>ministerium</span> <span class='ocrx_word' id='word_1_204' title='bbox 754 2687 975 2769; x_wconf 73' lang='lat' dir='ltr'>perficiendmn</span> <span class='ocrx_word' id='word_1_205' title='bbox 995 2686 1172 2770; x_wconf 77' lang='lat' dir='ltr'>dipruiorque</span> <span class='ocrx_word' id='word_1_206' title='bbox 1187 2683 1342 2768; x_wconf 81' lang='lat' dir='ltr'>prodetur,</span> <span class='ocrx_word' id='word_1_207' title='bbox 1358 2695 1387 2748; x_wconf 87' lang='lat' dir='ltr'>et</span> 
     </span>
     <span class='ocr_line' id='line_1_27' title="bbox 286 2770 1386 2856; baseline -0.002 -22"><span class='ocrx_word' id='word_1_208' title='bbox 286 2792 485 2856; x_wconf 81' lang='lat' dir='ltr'>quemcunque</span> <span class='ocrx_word' id='word_1_209' title='bbox 498 2793 594 2834; x_wconf 87' lang='lat' dir='ltr'>omues</span> <span class='ocrx_word' id='word_1_210' title='bbox 607 2771 748 2835; x_wconf 81' lang='lat' dir='ltr'>smauirm</span> <span class='ocrx_word' id='word_1_211' title='bbox 769 2771 930 2834; x_wconf 72' lang='lat' dir='ltr'>eharitatis</span> <span class='ocrx_word' id='word_1_212' title='bbox 951 2771 1143 2855; x_wconf 75' lang='lat' dir='ltr'>inquisitione</span> <span class='ocrx_word' id='word_1_213' title='bbox 1162 2770 1305 2854; x_wconf 73' lang='lat' dir='ltr'>‹nrtimum</span> <span class='ocrx_word' id='word_1_214' title='bbox 1319 2791 1386 2853; x_wconf 78' lang='lat' dir='ltr'>cop-</span> 
     </span>
     <span class='ocr_line' id='line_1_28' title="bbox 287 2853 1432 2953; baseline -0.007 -34"><span class='ocrx_word' id='word_1_215' title='bbox 287 2866 433 2919; x_wconf 84' lang='lat' dir='ltr'>uosceutes</span> <span class='ocrx_word' id='word_1_216' title='bbox 452 2856 619 2940; x_wconf 59' lang='lat' dir='ltr'>edpmtim</span> <span class='ocrx_word' id='word_1_217' title='bbox 649 2855 728 2918; x_wconf 81' lang='lat' dir='ltr'>iuno</span> <span class='ocrx_word' id='word_1_218' title='bbox 750 2854 831 2918; x_wconf 78' lang='lat' dir='ltr'>uobis</span> <span class='ocrx_word' id='word_1_219' title='bbox 851 2857 947 2919; x_wconf 84' lang='lat' dir='ltr'>accito</span> <span class='ocrx_word' id='word_1_220' title='bbox 968 2856 1100 2940; x_wconf 70' lang='lat' dir='ltr'>episcopa</span> <span class='ocrx_word' id='word_1_221' title='bbox 1121 2855 1228 2953; x_wconf 74' lang='lat' dir='ltr'>repetis</span> <span class='ocrx_word' id='word_1_222' title='bbox 1251 2853 1386 2916; x_wconf 74' lang='lat' dir='ltr'>abbatum</span> <span class='ocrx_word' id='word_1_223' title='bbox 1401 2879 1432 2912; x_wconf 84' lang='grc' dir='ltr'>ιο</span> 
     </span>
     <span class='ocr_line' id='line_1_29' title="bbox 286 2939 1387 3024; baseline -0.002 -20"><span class='ocrx_word' id='word_1_224' title='bbox 286 2950 424 3004; x_wconf 79' lang='lat' dir='ltr'>musceta</span> <span class='ocrx_word' id='word_1_225' title='bbox 438 2939 633 3005; x_wconf 80' lang='lat' dir='ltr'>benedictione</span> <span class='ocrx_word' id='word_1_226' title='bbox 646 2941 793 3022; x_wconf 85' lang='lat' dir='ltr'>⁰Jirmari.</span> <span class='ocrx_word' id='word_1_227' title='bbox 831 2941 920 3002; x_wconf 89' lang='lat' dir='ltr'>Nam</span> <span class='ocrx_word' id='word_1_228' title='bbox 936 2941 990 3024; x_wconf 88' lang='lat' dir='ltr'>qui</span> <span class='ocrx_word' id='word_1_229' title='bbox 1004 2940 1134 3015; x_wconf 82' lang='lat' dir='ltr'>cernaii,</span> <span class='ocrx_word' id='word_1_230' title='bbox 1149 2939 1263 3023; x_wconf 81' lang='lat' dir='ltr'>inquit,</span> <span class='ocrx_word' id='word_1_231' title='bbox 1278 2939 1387 3002; x_wconf 86' lang='lat' dir='ltr'>ordine</span> 
     </span>
     <span class='ocr_line' id='line_1_30' title="bbox 287 3023 1385 3110; baseline -0.001 -23"><span class='ocrx_word' id='word_1_232' title='bbox 287 3025 424 3088; x_wconf 75' lang='lat' dir='ltr'>samuelus</span> <span class='ocrx_word' id='word_1_233' title='bbox 433 3026 519 3106; x_wconf 78' lang='lat' dir='ltr'>sities</span> <span class='ocrx_word' id='word_1_234' title='bbox 529 3036 681 3110; x_wconf 80' lang='lat' dir='ltr'>ponerent,</span> <span class='ocrx_word' id='word_1_235' title='bbox 697 3025 820 3088; x_wconf 81' lang='lat' dir='ltr'>camiaii</span> <span class='ocrx_word' id='word_1_236' title='bbox 838 3046 948 3088; x_wconf 77' lang='lat' dir='ltr'>moene</span> <span class='ocrx_word' id='word_1_237' title='bbox 964 3034 1006 3087; x_wconf 88' lang='lat' dir='ltr'>est</span> <span class='ocrx_word' id='word_1_238' title='bbox 1018 3046 1056 3088; x_wconf 88' lang='lat' dir='ltr'>ae</span> <span class='ocrx_word' id='word_1_239' title='bbox 1069 3035 1194 3088; x_wconf 75' lang='lat' dir='ltr'>terrena</span> <span class='ocrx_word' id='word_1_240' title='bbox 1207 3045 1271 3087; x_wconf 80' lang='lat' dir='ltr'>succ</span> <span class='ocrx_word' id='word_1_241' title='bbox 1288 3023 1385 3086; x_wconf 81' lang='lat' dir='ltr'>icare-</span> 
     </span>
     <span class='ocr_line' id='line_1_31' title="bbox 287 3109 1388 3194; baseline 0 -24"><span class='ocrx_word' id='word_1_242' title='bbox 287 3109 382 3171; x_wconf 86' lang='lat' dir='ltr'>ditati</span> <span class='ocrx_word' id='word_1_243' title='bbox 403 3110 539 3172; x_wconf 75' lang='lat' dir='ltr'>canicies</span> <span class='ocrx_word' id='word_1_244' title='bbox 559 3120 740 3194; x_wconf 84' lang='lat' dir='ltr'>terrenosque</span> <span class='ocrx_word' id='word_1_245' title='bbox 761 3120 902 3192; x_wconf 74' lang='lat' dir='ltr'>quarem</span> <span class='ocrx_word' id='word_1_246' title='bbox 923 3109 1073 3172; x_wconf 82' lang='lat' dir='ltr'>ioeredes:</span> <span class='ocrx_word' id='word_1_247' title='bbox 1096 3119 1130 3172; x_wconf 82' lang='lat' dir='ltr'>ut</span> <span class='ocrx_word' id='word_1_248' title='bbox 1144 3110 1197 3193; x_wconf 84' lang='lat' dir='ltr'>qui</span> <span class='ocrx_word' id='word_1_249' title='bbox 1253 3109 1388 3171; x_wconf 64' lang='lat' dir='ltr'>‘urceus</span> 
     </span>
     <span class='ocr_line' id='line_1_32' title="bbox 288 3131 1387 3278; baseline 0.003 -26"><span class='ocrx_word' id='word_1_250' title='bbox 288 3194 374 3255; x_wconf 75' lang='lat' dir='ltr'>PDeo</span> <span class='ocrx_word' id='word_1_251' title='bbox 386 3193 473 3273; x_wconf 80' lang='lat' dir='ltr'>filios</span> <span class='ocrx_word' id='word_1_252' title='bbox 490 3193 648 3276; x_wconf 83' lang='lat' dir='ltr'>spirituaii</span> <span class='ocrx_word' id='word_1_253' title='bbox 668 3195 778 3257; x_wconf 82' lang='lat' dir='ltr'>semine</span> <span class='ocrx_word' id='word_1_254' title='bbox 794 3193 877 3257; x_wconf 81' lang='lat' dir='ltr'>curbi</span> <span class='ocrx_word' id='word_1_255' title='bbox 889 3203 1067 3278; x_wconf 70' lang='lat' dir='ltr'>moereant,</span> <span class='ocrx_word' id='word_1_256' title='bbox 1080 3131 1260 3278; x_wconf 50' lang='lat' dir='ltr'>spirituaZci</span> <span class='ocrx_word' id='word_1_257' title='bbox 1274 3201 1387 3276; x_wconf 85' lang='lat' dir='ltr'>eportet</span> 
     </span>
     <span class='ocr_line' id='line_1_33' title="bbox 287 3277 1423 3362; baseline 0.001 -23"><span class='ocrx_word' id='word_1_258' title='bbox 287 3277 350 3340; x_wconf 89' lang='lat' dir='ltr'>sint</span> <span class='ocrx_word' id='word_1_259' title='bbox 365 3287 472 3340; x_wconf 87' lang='lat' dir='ltr'>cuneta</span> <span class='ocrx_word' id='word_1_260' title='bbox 485 3300 553 3361; x_wconf 79' lang='lat' dir='ltr'>qua</span> <span class='ocrx_word' id='word_1_261' title='bbox 567 3289 669 3362; x_wconf 77' lang='lat' dir='ltr'>apunt.</span> <span class='ocrx_word' id='word_1_262' title='bbox 713 3280 801 3342; x_wconf 86' lang='lat' dir='ltr'>Inter</span> <span class='ocrx_word' id='word_1_263' title='bbox 821 3278 995 3362; x_wconf 74' lang='lat' dir='ltr'>spirituales</span> <span class='ocrx_word' id='word_1_264' title='bbox 1013 3300 1079 3342; x_wconf 85' lang='lat' dir='ltr'>suos</span> <span class='ocrx_word' id='word_1_265' title='bbox 1093 3278 1199 3342; x_wconf 76' lang='lat' dir='ltr'>liberos</span> <span class='ocrx_word' id='word_1_266' title='bbox 1212 3300 1279 3342; x_wconf 90' lang='lat' dir='ltr'>eum</span> <span class='ocrx_word' id='word_1_267' title='bbox 1292 3277 1386 3360; x_wconf 72' lang='lat' dir='ltr'>mapi-</span> <span class='ocrx_word' id='word_1_268' title='bbox 1421 3325 1423 3331; x_wconf 82' lang='lat'><em>.</em></span> 
     </span>
     <span class='ocr_line' id='line_1_34' title="bbox 288 3362 1386 3448; baseline 0.002 -24"><span class='ocrx_word' id='word_1_269' title='bbox 288 3383 351 3424; x_wconf 77' lang='lat' dir='ltr'>ran</span> <span class='ocrx_word' id='word_1_270' title='bbox 364 3364 418 3446; x_wconf 87' lang='lat' dir='ltr'>qui</span> <span class='ocrx_word' id='word_1_271' title='bbox 432 3363 578 3446; x_wconf 83' lang='lat' dir='ltr'>ampliori</span> <span class='ocrx_word' id='word_1_272' title='bbox 589 3364 719 3445; x_wconf 88' lang='lat' dir='ltr'>spiritus</span> <span class='ocrx_word' id='word_1_273' title='bbox 727 3364 833 3448; x_wconf 81' lang='lat' dir='ltr'>pratia</span> <span class='ocrx_word' id='word_1_274' title='bbox 852 3364 892 3427; x_wconf 89' lang='lat' dir='ltr'>sit</span> <span class='ocrx_word' id='word_1_275' title='bbox 904 3363 1060 3447; x_wconf 71' lang='lat' dir='ltr'>preditus</span> <span class='ocrx_word' id='word_1_276' title='bbox 1074 3363 1228 3439; x_wconf 71' lang='lat' dir='ltr'>estiment,</span> <span class='ocrx_word' id='word_1_277' title='bbox 1244 3362 1386 3446; x_wconf 84' lang='lat' dir='ltr'>quomode</span> 
     </span>
     <span class='ocr_line' id='line_1_35' title="bbox 289 3447 1428 3533; baseline -0.002 -24"><span class='ocrx_word' id='word_1_278' title='bbox 289 3449 401 3510; x_wconf 87' lang='lat' dir='ltr'>terreni</span> <span class='ocrx_word' id='word_1_279' title='bbox 415 3460 559 3533; x_wconf 85' lang='lat' dir='ltr'>parentes</span> <span class='ocrx_word' id='word_1_280' title='bbox 579 3469 666 3532; x_wconf 85' lang='lat' dir='ltr'>quem</span> <span class='ocrx_word' id='word_1_281' title='bbox 680 3449 820 3532; x_wconf 72' lang='lat' dir='ltr'>primum</span> <span class='ocrx_word' id='word_1_282' title='bbox 834 3459 934 3533; x_wconf 89' lang='lat' dir='ltr'>partu</span> <span class='ocrx_word' id='word_1_283' title='bbox 946 3448 1103 3531; x_wconf 82' lang='lat' dir='ltr'>fuderint,</span> <span class='ocrx_word' id='word_1_284' title='bbox 1118 3469 1183 3512; x_wconf 88' lang='lat' dir='ltr'>eum</span> <span class='ocrx_word' id='word_1_285' title='bbox 1190 3447 1387 3532; x_wconf 80' lang='lat' dir='ltr'>principium</span> <span class='ocrx_word' id='word_1_286' title='bbox 1399 3473 1428 3523; x_wconf 84' lang='lat'>15</span> 
     </span>
     <span class='ocr_line' id='line_1_36' title="bbox 289 3530 1386 3618; baseline 0.003 -25"><span class='ocrx_word' id='word_1_287' title='bbox 289 3530 449 3595; x_wconf 78' lang='lat' dir='ltr'>literarium</span> <span class='ocrx_word' id='word_1_288' title='bbox 462 3554 583 3596; x_wconf 75' lang='lat' dir='ltr'>suerrum</span> <span class='ocrx_word' id='word_1_289' title='bbox 597 3555 773 3618; x_wconf 81' lang='lat' dir='ltr'>eopuoseere,</span> <span class='ocrx_word' id='word_1_290' title='bbox 789 3542 816 3596; x_wconf 88' lang='lat' dir='ltr'>et</span> <span class='ocrx_word' id='word_1_291' title='bbox 831 3534 945 3596; x_wconf 70' lang='lat' dir='ltr'>ceteris</span> <span class='ocrx_word' id='word_1_292' title='bbox 959 3534 992 3595; x_wconf 90' lang='lat' dir='ltr'>iu</span> <span class='ocrx_word' id='word_1_293' title='bbox 1000 3533 1169 3616; x_wconf 84' lang='lat' dir='ltr'>partienda</span> <span class='ocrx_word' id='word_1_294' title='bbox 1186 3554 1243 3595; x_wconf 83' lang='lat' dir='ltr'>suu</span> <span class='ocrx_word' id='word_1_295' title='bbox 1257 3532 1386 3596; x_wconf 73' lang='lat' dir='ltr'>decredi-</span> 
     </span>
     <span class='ocr_line' id='line_1_37' title="bbox 289 3618 821 3701; baseline 0.004 -23"><span class='ocrx_word' id='word_1_296' title='bbox 289 3625 349 3679; x_wconf 90' lang='lat' dir='ltr'>tate</span> <span class='ocrx_word' id='word_1_297' title='bbox 357 3618 587 3701; x_wconf 73' lang='lat' dir='ltr'>preferendum</span> <span class='ocrx_word' id='word_1_298' title='bbox 601 3618 707 3681; x_wconf 82' lang='lat' dir='ltr'>ducem</span> <span class='ocrx_word' id='word_1_299' title='bbox 720 3619 821 3681; x_wconf 84' lang='lat' dir='ltr'>soient.</span> 
     </span>
    </p>

    <p class='ocr_par' dir='ltr' id='par_1_7' title="bbox 290 3701 1430 4296">
     <span class='ocr_line' id='line_1_38' title="bbox 334 3701 1387 3786; baseline 0.001 -23"><span class='ocrx_word' id='word_1_300' title='bbox 334 3701 444 3786; x_wconf 86' lang='lat' dir='ltr'>Neque</span> <span class='ocrx_word' id='word_1_301' title='bbox 466 3702 526 3765; x_wconf 87' lang='lat' dir='ltr'>hoc</span> <span class='ocrx_word' id='word_1_302' title='bbox 548 3702 753 3780; x_wconf 88' lang='lat' dir='ltr'>reticendum,</span> <span class='ocrx_word' id='word_1_303' title='bbox 771 3703 856 3786; x_wconf 93' lang='lat' dir='ltr'>quod</span> <span class='ocrx_word' id='word_1_304' title='bbox 874 3702 1060 3768; x_wconf 87' lang='lat' dir='ltr'>venerabilis</span> <span class='ocrx_word' id='word_1_305' title='bbox 1079 3703 1179 3766; x_wconf 84' lang='lat' dir='ltr'>abbas</span> <span class='ocrx_word' id='word_1_306' title='bbox 1194 3701 1387 3766; x_wconf 87' lang='lat' dir='ltr'>Benedictus</span> 
     </span>
     <span class='ocr_line' id='line_1_39' title="bbox 290 3786 1387 3872; baseline -0.002 -22"><span class='ocrx_word' id='word_1_307' title='bbox 290 3787 333 3850; x_wconf 89' lang='lat' dir='ltr'>ad</span> <span class='ocrx_word' id='word_1_308' title='bbox 346 3787 588 3872; x_wconf 89' lang='lat' dir='ltr'>temperandum</span> <span class='ocrx_word' id='word_1_309' title='bbox 608 3809 692 3871; x_wconf 86' lang='lat' dir='ltr'>saepe</span> <span class='ocrx_word' id='word_1_310' title='bbox 710 3787 803 3872; x_wconf 86' lang='lat' dir='ltr'>longe</span> <span class='ocrx_word' id='word_1_311' title='bbox 824 3788 927 3850; x_wconf 89' lang='lat' dir='ltr'>noctis</span> <span class='ocrx_word' id='word_1_312' title='bbox 946 3787 1087 3863; x_wconf 82' lang='lat' dir='ltr'>taedium,</span> <span class='ocrx_word' id='word_1_313' title='bbox 1104 3808 1199 3871; x_wconf 90' lang='lat' dir='ltr'>quam</span> <span class='ocrx_word' id='word_1_314' title='bbox 1219 3809 1285 3872; x_wconf 84' lang='lat' dir='ltr'>prae</span> <span class='ocrx_word' id='word_1_315' title='bbox 1300 3786 1387 3848; x_wconf 90' lang='lat' dir='ltr'>infir-</span> 
     </span>
     <span class='ocr_line' id='line_1_40' title="bbox 290 3870 1430 3948; baseline -0.003 -13"><span class='ocrx_word' id='word_1_316' title='bbox 290 3870 412 3935; x_wconf 88' lang='lat' dir='ltr'>mitatis</span> <span class='ocrx_word' id='word_1_317' title='bbox 427 3892 521 3935; x_wconf 90' lang='lat' dir='ltr'>onere</span> <span class='ocrx_word' id='word_1_318' title='bbox 541 3871 679 3936; x_wconf 84' lang='lat' dir='ltr'>ducebat</span> <span class='ocrx_word' id='word_1_319' title='bbox 700 3873 884 3948; x_wconf 88' lang='lat' dir='ltr'>insomnem,</span> <span class='ocrx_word' id='word_1_320' title='bbox 900 3874 1055 3936; x_wconf 84' lang='lat' dir='ltr'>advocato</span> <span class='ocrx_word' id='word_1_321' title='bbox 1077 3872 1204 3948; x_wconf 90' lang='lat' dir='ltr'>lectore,</span> <span class='ocrx_word' id='word_1_322' title='bbox 1220 3873 1268 3935; x_wconf 86' lang='lat' dir='ltr'>vel</span> <span class='ocrx_word' id='word_1_323' title='bbox 1283 3893 1386 3934; x_wconf 87' lang='lat' dir='ltr'>exem·</span> <span class='ocrx_word' id='word_1_324' title='bbox 1397 3893 1430 3927; x_wconf 87' lang='lat'>20</span> 
     </span>
     <span class='ocr_line' id='line_1_41' title="bbox 290 3955 1387 4040; baseline 0.002 -22"><span class='ocrx_word' id='word_1_325' title='bbox 290 3955 360 4039; x_wconf 81' lang='lat' dir='ltr'>plur</span> <span class='ocrx_word' id='word_1_326' title='bbox 377 3955 541 4039; x_wconf 86' lang='lat' dir='ltr'>patientiae</span> <span class='ocrx_word' id='word_1_327' title='bbox 556 3956 580 4018; x_wconf 91' lang='lat' dir='ltr'><strong>J</strong></span> <span class='ocrx_word' id='word_1_328' title='bbox 582 3957 631 4032; x_wconf 87' lang='lat' dir='ltr'>ob,</span> <span class='ocrx_word' id='word_1_329' title='bbox 648 3955 696 4020; x_wconf 86' lang='lat' dir='ltr'>vel</span> <span class='ocrx_word' id='word_1_330' title='bbox 715 3957 803 4019; x_wconf 88' lang='lat' dir='ltr'>aliud</span> <span class='ocrx_word' id='word_1_331' title='bbox 823 3957 899 4038; x_wconf 91' lang='lat' dir='ltr'>quid</span> <span class='ocrx_word' id='word_1_332' title='bbox 920 3957 1151 4040; x_wconf 88' lang='lat' dir='ltr'>scripturarum</span> <span class='ocrx_word' id='word_1_333' title='bbox 1171 3978 1234 4040; x_wconf 91' lang='lat' dir='ltr'>quo</span> <span class='ocrx_word' id='word_1_334' title='bbox 1248 3957 1387 4020; x_wconf 84' lang='lat' dir='ltr'>consola-</span> 
     </span>
     <span class='ocr_line' id='line_1_42' title="bbox 291 4041 1389 4125; baseline 0.003 -24"><span class='ocrx_word' id='word_1_335' title='bbox 291 4046 381 4102; x_wconf 88' lang='lat' dir='ltr'>retur</span> <span class='ocrx_word' id='word_1_336' title='bbox 399 4047 547 4124; x_wconf 85' lang='lat' dir='ltr'>aegrotus,</span> <span class='ocrx_word' id='word_1_337' title='bbox 568 4062 631 4124; x_wconf 93' lang='lat' dir='ltr'>quo</span> <span class='ocrx_word' id='word_1_338' title='bbox 653 4041 819 4124; x_wconf 86' lang='lat' dir='ltr'>depressus</span> <span class='ocrx_word' id='word_1_339' title='bbox 839 4041 871 4103; x_wconf 91' lang='lat' dir='ltr'>in</span> <span class='ocrx_word' id='word_1_340' title='bbox 892 4041 1007 4105; x_wconf 88' lang='lat' dir='ltr'>infimis</span> <span class='ocrx_word' id='word_1_341' title='bbox 1026 4041 1165 4106; x_wconf 84' lang='lat' dir='ltr'>vivacius</span> <span class='ocrx_word' id='word_1_342' title='bbox 1188 4043 1230 4104; x_wconf 88' lang='lat' dir='ltr'>ad</span> <span class='ocrx_word' id='word_1_343' title='bbox 1254 4063 1389 4125; x_wconf 88' lang='lat' dir='ltr'>superna</span> 
     </span>
     <span class='ocr_line' id='line_1_43' title="bbox 293 4123 1390 4213; baseline -0.001 -24"><span class='ocrx_word' id='word_1_344' title='bbox 293 4123 475 4208; x_wconf 85' lang='lat' dir='ltr'>erigeretur,</span> <span class='ocrx_word' id='word_1_345' title='bbox 492 4146 599 4188; x_wconf 86' lang='lat' dir='ltr'>coram</span> <span class='ocrx_word' id='word_1_346' title='bbox 613 4147 648 4188; x_wconf 88' lang='lat' dir='ltr'>se</span> <span class='ocrx_word' id='word_1_347' title='bbox 662 4126 794 4191; x_wconf 87' lang='lat' dir='ltr'>recitari</span> <span class='ocrx_word' id='word_1_348' title='bbox 811 4127 955 4209; x_wconf 87' lang='lat' dir='ltr'>jubebat.</span> <span class='ocrx_word' id='word_1_349' title='bbox 1001 4127 1046 4190; x_wconf 86' lang='lat' dir='ltr'>Et</span> <span class='ocrx_word' id='word_1_350' title='bbox 1062 4126 1137 4213; x_wconf 88' lang='lat' dir='ltr'>quia</span> <span class='ocrx_word' id='word_1_351' title='bbox 1154 4126 1332 4190; x_wconf 89' lang='lat' dir='ltr'>nullatenus</span> <span class='ocrx_word' id='word_1_352' title='bbox 1347 4127 1390 4190; x_wconf 88' lang='lat' dir='ltr'>ad</span> 
     </span>
     <span class='ocr_line' id='line_1_44' title="bbox 292 4209 1388 4296; baseline 0.003 -26"><span class='ocrx_word' id='word_1_353' title='bbox 292 4209 447 4271; x_wconf 86' lang='lat' dir='ltr'>orandum</span> <span class='ocrx_word' id='word_1_354' title='bbox 463 4231 600 4294; x_wconf 88' lang='lat' dir='ltr'>surgere,</span> <span class='ocrx_word' id='word_1_355' title='bbox 617 4233 679 4273; x_wconf 91' lang='lat' dir='ltr'>non</span> <span class='ocrx_word' id='word_1_356' title='bbox 699 4211 789 4274; x_wconf 84' lang='lat' dir='ltr'>facile</span> <span class='ocrx_word' id='word_1_357' title='bbox 812 4211 853 4274; x_wconf 86' lang='lat' dir='ltr'>ad</span> <span class='ocrx_word' id='word_1_358' title='bbox 874 4212 1063 4296; x_wconf 87' lang='lat' dir='ltr'>explendum</span> <span class='ocrx_word' id='word_1_359' title='bbox 1085 4210 1186 4276; x_wconf 82' lang='lat' dir='ltr'>solitae</span> <span class='ocrx_word' id='word_1_360' title='bbox 1208 4211 1388 4295; x_wconf 85' lang='lat' dir='ltr'>psalmodiae</span> 
     </span>
    </p>
   </div>
   <div class='ocr_carea' id='block_1_5' title="bbox 296 4418 1390 4546">
    <p class='ocr_par' dir='ltr' id='par_1_8' title="bbox 296 4418 1390 4546">
     <span class='ocr_line' id='line_1_45' title="bbox 327 4418 1390 4528; baseline 0 -64"><span class='ocrx_word' id='word_1_361' title='bbox 327 4419 507 4528; x_wconf 56' lang='lat' dir='ltr'>*autscarsim</span> <span class='ocrx_word' id='word_1_362' title='bbox 518 4420 547 4466; x_wconf 90' lang='lat' dir='ltr'>V.</span> <span class='ocrx_word' id='word_1_363' title='bbox 632 4418 764 4480; x_wconf 73' lang='lat' dir='ltr'>kejusdem</span> <span class='ocrx_word' id='word_1_364' title='bbox 779 4423 806 4466; x_wconf 90' lang='lat' dir='ltr'>V.</span> <span class='ocrx_word' id='word_1_365' title='bbox 900 4421 1043 4468; x_wconf 83' lang='lat' dir='ltr'>lDoms&#39;nus</span> <span class='ocrx_word' id='word_1_366' title='bbox 1055 4421 1083 4467; x_wconf 92' lang='lat' dir='ltr'>V.</span> <span class='ocrx_word' id='word_1_367' title='bbox 1169 4432 1191 4460; x_wconf 84' lang='lat' dir='ltr'>m</span> <span class='ocrx_word' id='word_1_368' title='bbox 1205 4420 1348 4480; x_wconf 79' lang='lat' dir='ltr'>inregenda</span> <span class='ocrx_word' id='word_1_369' title='bbox 1361 4418 1390 4464; x_wconf 92' lang='lat' dir='ltr'>V.</span> 
     </span>
     <span class='ocr_line' id='line_1_46' title="bbox 296 4483 1084 4546; baseline 0.004 -19"><span class='ocrx_word' id='word_1_370' title='bbox 296 4492 311 4522; x_wconf 82' lang='lat' dir='ltr'>n</span> <span class='ocrx_word' id='word_1_371' title='bbox 324 4485 438 4529; x_wconf 83' lang='lat' dir='ltr'>uestri.</span> <span class='ocrx_word' id='word_1_372' title='bbox 539 4495 552 4523; x_wconf 88' lang='grc' dir='ltr'><strong>ο</strong></span> <span class='ocrx_word' id='word_1_373' title='bbox 555 4483 667 4543; x_wconf 81' lang='lat' dir='ltr'>firmare</span> <span class='ocrx_word' id='word_1_374' title='bbox 675 4485 705 4531; x_wconf 91' lang='lat' dir='ltr'>V.</span> <span class='ocrx_word' id='word_1_375' title='bbox 805 4485 969 4545; x_wconf 68' lang='lat' dir='ltr'>spirituales</span> <span class='ocrx_word' id='word_1_376' title='bbox 972 4485 1043 4546; x_wconf 80' lang='lat' dir='ltr'>fliius</span> <span class='ocrx_word' id='word_1_377' title='bbox 1055 4485 1084 4531; x_wconf 91' lang='lat' dir='ltr'>V.</span> 
     </span>
    </p>
   </div>
   <div class='ocr_carea' id='block_1_6' title="bbox 0 0 1559 5125">
    <p class='ocr_par' dir='ltr' id='par_1_9' title="bbox 0 0 1559 5125">
     <span class='ocr_line' id='line_1_47' title="bbox 0 0 1559 5125; baseline 0 0"><span class='ocrx_word' id='word_1_378' title='bbox 0 0 1559 5125; x_wconf 95' lang='lat' dir='ltr'> </span> 
     </span>
    </p>
   </div>
  </div>
 </body>
</html>
