3100 5125
118 367 217 433 -31.
525 344 689 409 GENTIS
711 343 983 410 ANGLORUM.
1235 344 1299 406 ale
1400 367 1406 380 ·

200 497 301 565 leatus
321 497 458 561 antistes
480 495 643 561 Eadberot
664 499 776 560 morbo
798 501 964 579 correptus
983 499 1034 569 est
1050 493 1174 569 aeerb0,
1190 515 1227 557 ae
1241 515 1299 576 per
1308 508 1429 557 sedwa

160 602 192 653 50
201 582 267 645 dies
282 589 443 648 oresoente
456 582 654 667 multumque
667 581 906 667 ingravescente
921 579 1035 643 ardore
1049 577 1218 662 languoris,
1234 599 1298 642 non
1307 574 1346 622 ⁰b·
1359 573 1421 622 Mai.

200 667 301 731 multo
316 674 401 752 post,
415 666 449 729 id
463 674 523 745 est,
539 667 641 751 pridie
655 688 756 730 nonas
773 665 879 729 Maias
894 663 992 728 etiam
1011 663 1079 746 ipse
1093 662 1242 748 migravit
1256 637 1330 726 add*
1343 635 1367 686 ⁶·

201 751 391 819 Dominum:
417 752 506 835 eujus
526 752 663 837 deorpus
686 751 719 814 in
742 750 885 834 sepulero
907 747 1067 812 benedieti
1090 746 1191 832 patris
1216 747 1298 812 Oud-

199 837 301 900 bereti
314 844 478 920 ponentes,
488 836 705 921 adposuerunt
720 837 855 919 desuper
869 856 976 898 aream
990 833 1023 894 in
1035 855 1098 916 qua
1113 833 1298 917 incorrupta

129 922 192 985 180
200 922 340 1006 ejusdem
361 921 463 1008 patris
484 923 628 986 membra
649 921 848 985 looaverant:
873 918 905 981 in
921 939 983 1002 quo
1001 917 1099 982 etiam
1120 917 1189 980 loeo
1207 916 1298 1002 signa

199 1007 373 1070 sanitatum
393 1006 561 1090 aliquoties
581 1008 676 1083 faeta,
691 1005 814 1069 meritis
837 1004 1003 1068 amborum
1020 1002 1237 1066 testimonium
1253 1002 1297 1066 ie-

198 1098 283 1168 runt,
298 1114 316 1155 e
332 1091 446 1175 quibus
461 1091 568 1176 alique
582 1091 616 1154 in
629 1092 710 1155 libro
726 1091 814 1154 Vitae
837 1089 919 1152 illius
937 1088 1012 1151 olim
1031 1087 1190 1152 memoriae
1208 1109 1296 1152 man-

198 1176 349 1240 davimus.
395 1177 459 1241 Sed
480 1184 514 1240 et
537 1176 571 1239 in
593 1177 654 1240 hae
676 1176 824 1240 Historia
839 1175 984 1260 quaedam
1006 1184 1094 1257 equea
1116 1194 1173 1238 nos
1196 1195 1297 1258 nuper

197 1261 323 1326 audisse
337 1261 481 1350 contigit,
497 1262 728 1346 superadjicere
743 1261 942 1324 commodum
958 1258 1114 1321 duximus.

172 1450 186 1497 ⁵
612 1420 719 1486 OAP.
743 1420 885 1483 XXXI.

361 1524 399 1582 Ut
412 1527 519 1601 quidam
532 1526 569 1580 ud
580 1525 697 1581 tumbam
710 1527 768 1598 ejas
782 1527 819 1583 sit
833 1545 849 1582 a
858 1525 985 1601 paralysi
999 1522 1131 1582 ferratas.

248 1633 338 1696 Esar
366 1634 399 1698 in
427 1635 540 1702 eodem
567 1633 761 1699 monasterio
790 1635 890 1698 frater
914 1635 1051 1718 quidam,
1078 1633 1204 1699 nomine
1233 1635 1295 1700 Ba
1306 1647 1446 1710 wadego.

196 1719 333 1804 dudegn,
351 1727 496 1804 tempore
517 1740 581 1786 non
602 1741 704 1804 pauoo
726 1719 889 1804 hospitum
903 1719 1086 1796 ministerio
1106 1719 1293 1798 deserviens,

197 1804 252 1888 qui
276 1827 361 1868 nano
387 1817 488 1889 usqne
510 1811 663 1889 superest,
687 1804 904 1868 testimonium
925 1805 1050 1868 babens
1075 1805 1116 1869 ab
1142 1804 1295 1868 universis

196 1889 348 1954 fratribus
374 1889 582 1977 teunotisque
611 1889 903 1975 supervenientibus
926 1889 1113 1974 hospitibus,
1137 1890 1222 1974 quod
1247 1890 1295 1954 vir
1351 1887 1354 1894 ’

159 1997 189 2032 ιο
197 1981 282 2038 esset
304 1975 413 2040 multae
436 1975 569 2060 pietatis
584 1997 622 2039 ae
639 1973 808 2059 religionis,
823 1974 966 2058 injuncto
988 1996 1028 2038 ue
1042 1974 1106 2037 sibi
1126 1974 1228 2038 offieio
1243 1997 1294 2038 su·

195 2081 303 2142 pernae
326 2067 455 2124 tantum
477 2059 632 2129 meroedis
653 2059 760 2144 gratia
779 2059 934 2124 subditas.
1015 2059 1043 2123 ie
1067 2081 1138 2122 eum
1156 2060 1295 2143 quadam

195 2145 248 2208 die
273 2145 361 2209 lenas
385 2144 450 2209 sive
480 2168 559 2230 saga
584 2145 698 2230 quibus
719 2144 752 2207 in
782 2144 938 2230 hospitale
968 2145 1128 2220 utebatur,
1155 2145 1187 2206 in
1213 2145 1294 2208 mari

195 2229 342 2307 lavasset,
372 2231 496 2294 rediens
525 2230 654 2294 domum
681 2230 848 2314 repentine
870 2229 980 2304 ,medio
1009 2229 1122 2292 itinere
1150 2229 1295 2296 molestia

196 2314 328 2379 hactus
348 2322 407 2392 est,
425 2314 472 2379 ita
493 2321 531 2379 ut
554 2336 704 2381 corruens
726 2315 759 2378 in
783 2322 903 2379 terram
923 2322 957 2378 et
973 2313 1157 2398 aliquandiu
1176 2337 1294 2398 pronus

192 2399 311 2482 jacens,
326 2399 379 2463 vix
396 2399 526 2464 tandem
547 2407 746 2486 resurgerem
771 2421 937 2485 resurgens
959 2406 1068 2464 autem
1089 2399 1187 2464 sensit
1205 2399 1293 2464 dimi-

157 2483 282 2552 ¹5diam
296 2485 437 2570 eorporis
458 2484 507 2547 sui
525 2493 651 2571 partem
671 2508 692 2549 a
711 2485 816 2571 eapite
837 2508 936 2570 usque
958 2486 1000 2549 ad
1012 2485 1118 2571 pedes
1139 2484 1293 2570 paralysis

194 2569 346 2655 languore
366 2572 565 2655 depressam:
589 2579 624 2637 et
644 2572 783 2635 maxime
807 2594 878 2635 oum
896 2572 1005 2636 labore
1023 2571 1135 2635 baeulo
1154 2570 1292 2635 innitens

196 2655 325 2717 domum
344 2656 497 2739 pervenit.
541 2657 711 2736 Oresoebat
736 2658 865 2719 morbus
889 2656 1051 2740 paulatim,
1073 2663 1107 2719 et
1129 2661 1223 2718 noete
1241 2678 1292 2719 su-

195 2740 398 2822 perveniente
418 2740 546 2826 gravior
567 2742 697 2805 effeetus
716 2748 775 2818 est,
791 2741 838 2805 ita
859 2749 896 2805 ut
914 2742 966 2804 die
985 2742 1138 2804 redeunte
1153 2739 1206 2803 vix
1224 2740 1292 2824 ipse

195 2846 252 2907 per
274 2847 308 2888 se
329 2847 499 2910 exsurgere
520 2834 578 2889 aut
599 2826 743 2890 incedere
765 2827 893 2889 valeret.
939 2827 1009 2906 Quo
1024 2825 1155 2889 effeetus
1175 2824 1291 2905 ineom-

195 2910 299 2985 modo,
320 2910 465 2995 eoneepit
483 2910 663 2974 iutillimum
685 2918 793 2975 mente
814 2911 986 2988 eonsilium,
1007 2917 1045 2974 ut
1067 2910 1110 2974 ad
1130 2908 1292 2973 eeclesiam

195 3016 322 3078 quoquo
339 2996 434 3058 modo
450 3004 559 3079 posset
573 2996 765 3079 perveniens,
782 2996 918 3059 intraret
933 2995 974 3059 ad
988 2996 1133 3060 tumbam
1146 3016 1290 3061 reveren·

154 3078 308 3142 notissimi
322 3080 424 3163 patris
436 3081 604 3156 Oudberot,
614 3080 721 3165 ibique
731 3082 864 3166 genibus
872 3081 962 3144 flexis
974 3081 1105 3165 supplex
1119 3102 1154 3143 su
1179 3102 1290 3143 ernam

193 3164 347 3248 pietatem
362 3187 398 3227 ro
439 3173 499 3242 ret,
518 3172 556 3229 nt
575 3165 623 3228 vel
644 3168 685 3229 ab
703 3166 920 3249 hujuscemodi
937 3165 1096 3251 languore,
1113 3164 1139 3228 si
1154 3103 1215 3229 lioe
1230 3165 1291 3230 sibi

193 3249 271 3312 utile
293 3256 386 3326 esset,
418 3250 614 3325 'berareturg
639 3252 688 3315 vel
709 3251 735 3313 si
758 3273 793 3314 se
812 3250 870 3315 tali
892 3252 1037 3316 molestia
1057 3250 1176 3313 diutius
1196 3250 1289 3313 easti-

191 3334 262 3417 gari
281 3334 387 3398 divina
407 3336 592 3419 providente
612 3336 719 3420 gratia
735 3342 908 3420 oporteret,
923 3336 1083 3420 patienter
1097 3335 1237 3398 dolorem
1251 3357 1289 3401 aa

192 3418 317 3502 plaoida
335 3427 443 3484 mente
461 3422 632 3485 sustineret
647 3420 789 3485 inlatum.
836 3421 929 3485 Fecit
944 3422 1041 3507 igitur
1055 3427 1092 3484 nt
1107 3420 1212 3483 animo
1227 3420 1289 3485 dis-

192 3511 353 3587 posuerat,
370 3510 403 3569 et
417 3505 584 3569 imbecilles
598 3513 689 3570 artus
703 3506 815 3573 baoulo
833 3513 1015 3573 sustentans
1036 3505 1169 3571 intravit
1191 3505 1288 3569 eaelo-

153 3602 183 3651 25
193 3588 292 3663 siam;
316 3612 354 3653 ae
368 3597 571 3674 prosternens
585 3612 620 3655 se
634 3591 677 3655 ad
692 3614 807 3677 corpus
821 3592 879 3655 viri
891 3592 953 3655 Dei
964 3592 1016 3676 pie
1030 3591 1214 3668 intentione,
1231 3612 1288 3674 per

193 3674 261 3757 ejus
271 3675 423 3738 auxilinm
432 3676 604 3739 Dominum
619 3676 680 3740 sibi
693 3677 867 3761 propitium
878 3676 947 3740 lieri
961 3677 1170 3761 precabatur:
1190 3682 1288 3760 atque

193 3758 277 3823 inter
298 3782 408 3844 preoes
425 3761 511 3825 velut
532 3761 566 3823 in
587 3760 733 3845 soporem
755 3762 877 3825 solutus
899 3762 1007 3837 sensit,
1027 3768 1064 3824 ut
1086 3760 1152 3843 ipse
1174 3766 1287 3844 postea

191 3844 311 3909 referre
332 3853 403 3909 erat
425 3846 546 3922 solitus,
570 3846 660 3930 quasi
682 3869 831 3945 magnam
856 3848 1017 3929 latamque
1038 3866 1167 3908 manum
1189 3852 1287 3928 eaput

192 3928 252 3993 sibi
275 3930 308 3992 in
331 3938 424 4014 parte
444 3954 508 4015 qua
531 3932 668 4008 dolebat,
692 3932 843 4017 tetigisse,
868 3931 1040 4014 eodemque
1067 3935 1158 3992 tantu
1183 3936 1287 3993 totam

190 4013 278 4077 illam
292 4038 363 4100 quae
382 4016 533 4101 languore
554 4038 664 4100 pressa
684 4018 790 4080 fuerat
810 4016 951 4100 eorporis
966 4014 1014 4078 sui
1028 4020 1163 4099 partem,
1178 4014 1286 4098 paula

138 4102 142 4107 ’
190 4098 251 4162 tim
265 4100 404 4185 fugiente
419 4101 536 4178 dolore,
551 4124 590 4165 ae
605 4099 743 4165 sanitate
758 4100 1001 4185 *subsequente
1017 4100 1059 4162 ad
1076 4099 1173 4182 pedes
1187 4119 1287 4183 usque

224 4214 486 4279 “utimefflmt'aV-
569 4229 670 4267 eanum
680 4221 747 4281 qaod
756 4219 786 4267 V.
886 4218 1009 4267 faurama
1020 4219 1052 4266 V.
1137 4217 1287 4278 &fratribus

189 4282 348 4393 πῆξεν.
362 4282 726 4346 hmolesuacorpmaatactus
737 4283 767 4331 V.
835 4283 916 4331 tatae
928 4284 959 4331 V.
1034 4282 1287 4343 ksuosequmeeper-

225 4449 247 4500 7.
259 4440 415 4503 Badudegrs]
431 4443 606 4505 Beaduttegn,
618 4444 781 4504 Badattegm
794 4442 844 4491 alii.
879 4445 1041 4504 Baadotteag·
1050 4444 1118 4491 Vua.
1131 4442 1189 4490 Sex.
1232 4441 1287 4491 lloc

190 4511 236 4565 est,
248 4504 369 4554 Baduvel
382 4506 567 4556 Beaduaeroua
694 4570 768 4633 lig
