3100 5125
448 352 451 356 ⁵
486 361 651 428 GENTIS
673 363 945 428 ANGLORUM.
1199 369 1264 438 193

79 518 151 588 150
163 510 349 574 monasterii
356 513 443 597 quod
452 513 570 579 dicitsrr
582 515 864 593 Medesbamstedi,
879 515 912 580 iu
922 517 1051 602 regione
1063 517 1261 602 Gyrriorum.
1272 538 1427 588 Menestam-

164 594 339 680 Depositus
363 621 439 663 vero
463 599 593 664 Vinicid
618 601 715 665 rediit
740 602 783 666 ad
808 602 1035 666 monasterium
1061 625 1153 666 suum
1178 603 1342 688 quodsndi.

163 680 284 830 didm
311 683 368 748 Ad
392 683 518 764 Barnae,
543 686 652 773 ibique
680 687 714 751 in
743 687 866 772 optima
894 688 994 752 vitam
1024 689 1263 754 conversatione

212 767 278 832 'vit

210 853 300 918 Tunc
330 854 429 919 etiam
453 857 669 922 Orientalibus
700 859 887 936 Senonibus,
916 859 1029 946 quibus
1059 882 1097 923 eo
1120 867 1427 945 temporeaarconuaid

141 939 362 1023 spraemerunt
377 942 475 1006 Sebbi
491 950 525 1007 et
540 943 674 1030 Sigheri,
690 966 824 1028 quorum
845 967 941 1030 supra
960 945 1167 1023 meminimus,
1185 947 1263 1010 Ear—
1272 957 1310 1002 ‘'1³-

165 1025 353 1088 conraldum
370 1028 539 1093 constituit
559 1031 742 1114 episcopum
760 1029 794 1092 in
815 1029 946 1095 civitate
963 1031 1148 1096 Lundonia:
1174 1033 1263 1116 cujus

166 1110 312 1176 videlicet
327 1113 386 1176 viri
407 1112 440 1179 in
459 1114 653 1200 episcopatu,
669 1122 704 1179 et
718 1121 795 1180 ante
814 1116 1033 1202 episcopatum
1048 1117 1116 1180 vita
1136 1123 1170 1181 et
1190 1140 1263 1181 con-

165 1197 304 1261 versatio
320 1199 421 1262 fertur
433 1199 532 1263 inisse
549 1201 760 1277 sanctissima,
776 1201 860 1266 sicut
875 1203 972 1266 etiam
991 1223 1074 1265 nunc
1090 1203 1263 1266 caelestium

166 1281 258 1367 signa
275 1283 431 1348 virtutum
454 1285 573 1350 indicio
597 1292 681 1350 sunt.
726 1286 856 1351 Etenim
874 1309 973 1373 usque
996 1287 1090 1351 hodie
1111 1288 1264 1352 feretrum

166 1369 235 1452 ejus
250 1370 463 1448 caballarium,
480 1394 543 1456 quo
562 1372 706 1435 infirmus
720 1373 791 1436 vehi
812 1374 944 1450 solebat,
962 1380 1122 1438 servatum
1137 1395 1157 1437 a
1172 1373 1263 1437 disci-

127 1453 249 1600 iopulis
270 1456 347 1540 ejus,
370 1457 487 1521 multos
508 1457 728 1522 febricitantes
747 1459 795 1522 vel
816 1459 879 1524 alio
903 1460 1044 1546 quolibet
1063 1460 1263 1523 incommodo

178 1559 265 1604 essos
280 1563 393 1606 sanare
407 1565 471 1607 non
483 1544 619 1608 desistit.
664 1543 737 1607 Non
749 1545 851 1608 solum
865 1553 973 1610 autem
989 1545 1144 1628 subpositi
1159 1545 1264 1610 eidem

165 1624 284 1691 feretro
307 1628 356 1691 vel
381 1628 521 1714 adpositi
547 1636 700 1694 curantur
724 1631 848 1715 aegroti,
876 1632 931 1695 sed
955 1638 989 1696 et
1012 1630 1124 1695 astulae
1148 1630 1188 1694 de
1211 1631 1263 1696 illo

164 1711 314 1863 abspippae
333 1713 432 1800 atque
445 1716 488 1779 ad
510 1715 652 1780 infirmos
669 1716 796 1794 adlatae,
814 1717 913 1781 citam
935 1717 997 1780 illis
1016 1717 1264 1796 solentadi'erre

164 1818 256 1862 mee
287 1821 329 1862 m.
805 1827 808 1832 ’

209 1884 275 1948 Hic
298 1907 374 1949 sane
394 1887 579 1972 priusquam
600 1909 618 1951 e
641 1887 767 1974 iseopus
789 1889 894 1952 iactus
916 1893 1009 1964 esset,
1026 1889 1088 1951 duo
1111 1889 1411 1973 praeclaraCerousei.

165 1971 368 2049 monasteria,
392 1995 490 2034 unum
512 1972 583 2049 sibi,
604 1910 741 2038 alterum
763 1974 864 2037 sorori
886 1997 951 2038 suae
967 1974 1168 2060 AEdilbergae
1191 1996 1264 2038 con⁴

125 2077 155 2124 ¹5
166 2060 338 2133 struxerat,
351 2059 437 2142 quod
451 2065 621 2144 utrumque
635 2060 833 2145 regularibus
849 2059 1023 2144 disciplinis
1039 2060 1159 2144 optime
1174 2060 1263 2125 insti-

165 2147 283 2206 tuerat.
328 2143 396 2207 Sibi
418 2144 545 2228 quidem
569 2145 601 2208 in
625 2146 754 2231 regione
780 2147 993 2232 Sudergeona,
1015 2145 1110 2230 juxta
1132 2146 1264 2210 fluvium

166 2226 363 2307 Tamensem,
386 2229 420 2292 in
445 2230 513 2293 loco
544 2231 598 2316 qui
627 2238 761 2296 vocatur
784 2231 985 2306 Π0010111101,
1013 2230 1046 2293 id
1070 2238 1127 2306 est,
1155 2231 1263 2297 (lereti

166 2311 292 2388 Insula;
326 2315 428 2379 sorori
453 2323 562 2380 autem
587 2316 622 2378 in
649 2317 821 2382 ⁰0n'entali
847 2319 1008 2381 Saxonum
1033 2316 1205 2402 provincia,
1230 2318 1263 2380 in

163 2397 233 2462 loco
256 2400 309 2486 qui
332 2408 538 2486 nuncupatur
561 2402 600 2465 In
615 2401 836 2489 Bereeingum,
853 2403 886 2466 in
908 2425 971 2489 quo
993 2402 1062 2486 ipsa
1077 2402 1149 2466 Deo
1171 2403 1263 2467 devo-
1272 2436 1386 2484 Ber-scin-

230 2587 246 2617 n
261 2578 395 2627 ramesses
405 2578 434 2627 V.
449 2580 578 2641 Cesrtess‘g
589 2579 716 2629 Βο11101111
728 2580 789 2631 Lex.
802 2582 860 2629 Ssx.
959 2590 974 2621 0
989 2581 1156 2629 Orientalium
1167 2582 1198 2629 V.
1271 2515 1339 2565 gum·

164 2733 195 2781 sb
212 2734 346 2797 Agathone
361 2748 432 2797 papa
458 2735 541 2798 (quam
561 2736 668 2796 spuriam
691 2751 745 2784 esse
764 2742 849 2784 censet
869 2736 953 2798 Pagi),
976 2742 1001 2783 et
1021 2734 1172 2797 principibus
1192 2744 1265 2798 atque

163 2799 285 2911 Episcopis
301 2800 390 2863 Anglis
407 2802 465 2849 data
476 2802 547 2850 Α.1).
559 2802 616 2851 680.
649 2801 752 2849 Dictum
769 2801 819 2849 fnit
835 2809 920 2862 postea
937 2800 1112 2849 monasterium
1131 2800 1208 2860 Burh,
1226 2801 1265 2849 vel
1331 2806 1334 2813 ⁴

189 2879 241 2913 ur.

198 2880 449 2991 ifMeresaamaaa]
463 2929 561 2977 Nomen
573 2930 620 2978 boc
630 2931 705 2993 vulgo
716 2930 873 2990 desumptum
886 2944 900 2975 a
911 2929 979 2976 toute
990 2930 1135 2991 voraginoso
1145 2930 1170 2977 iu
1185 2930 1265 2978 medio
1328 2945 1332 2953 ·

163 2993 230 3041 Neui
246 2993 326 3051 fluvii,
337 2994 379 3055 qni
394 2994 467 3043 hodie
479 2994 595 3043 evanuits
617 2995 659 3044 sed
672 3009 756 3043 revera
772 3010 787 3050 a
802 2994 960 3041 verdentibus
976 2995 1052 3055 pratis
1070 2994 1159 3055 qiriiius
1176 2996 1265 3045 fluvius

163 3058 199 3105 ibi
210 3059 326 3121 cingitur,
338 3065 364 3108 et
374 3074 389 3106 a
400 3059 489 3119 quibus
505 3060 585 3107 laem
601 3059 760 3107 habitationis
775 3060 800 3106 in
819 3058 896 3119 pratis
912 3059 1009 3106 dicitnr.
1043 3059 1063 3106 A
1076 3060 1225 3109 monasterio
1243 3076 1262 3108 s.

163 3122 236 3171 Petro
253 3123 343 3185 dicato,
355 3130 381 3171 et
394 3124 528 3187 privilegiis
539 3124 665 3172 Vaticanis
680 3124 784 3183 imbuto,
797 3123 895 3184 Burgus
912 3140 930 3171 s.
943 3122 1008 3170 Petri
1027 3124 1162 3185 appellatus
1179 3132 1225 3183 est,
1238 3132 1264 3173 et

163 3187 190 3235 in
207 3201 236 3235 eo
253 3189 322 3236 sedes
337 3188 481 3249 episcopalis
498 3188 658 3236 saluberrimo
674 3187 779 3237 concilio
802 3188 945 3250 [consilini]
965 3188 1052 3249 posita.
1085 3189 1195 3237 Ecclesia
1212 3190 1263 3250 epi·

163 3262 237 3313 scopo
246 3252 329 3315 digna,
342 3260 398 3314 post
406 3252 536 3301 Dacorum
551 3253 675 3310 incendia,
686 3261 712 3302 et
721 3253 848 3301 rebellium
861 3254 966 3301 furorem
980 3260 1056 3302 restat
1073 3254 1152 3303 adhuc
1166 3254 1263 3316 insigne

163 3317 318 3379 antiquitatis
329 3326 524 3366 monumentum.
542 3318 571 3365 In
580 3318 680 3367 claustri
693 3318 873 3366 monasterialis
884 3318 996 3367 fenestris
1006 3318 1151 3379 pingebatur
1160 3319 1264 3382 legenda

164 3382 277 3445 martyrii
289 3382 407 3430 Vulfhadi
419 3390 445 3431 et
456 3382 538 3430 Rufini
556 3382 663 3430 filiorum
680 3384 710 3431 R.
723 3382 836 3430 Vulfheri
849 3391 943 3443 epatre
960 3381 1014 3444 ipso
1028 3382 1175 3441 occisomm,
1195 3382 1263 3443 cujus

164 3446 262 3495 sceleris
272 3446 545 3505 poeaitentiasxcitatus
556 3447 730 3495 moratoriam
742 3448 859 3495 condidit.
877 3448 1048 3495 Narrationem
1062 3447 1114 3494 fuse
1126 3448 1264 3511 Dugdalius

163 3510 247 3571 posuit
257 3512 327 3560 Mon.
337 3512 412 3573 Argi.
423 3511 448 3560 ii.
461 3527 484 3573 p.
495 3526 549 3574 119.
585 3512 634 3561 Sed
644 3513 675 3561 de
686 3514 732 3560 hoc
743 3513 803 3559 nihil
813 3512 839 3559 in
852 3512 924 3559 Beda.
933 3512 959 3559 S.
988 3511 1028 3559 De
1039 3510 1084 3559 hae
1095 3512 1178 3560 fabula
1186 3528 1264 3573 pauca

163 3575 237 3624 habet
247 3576 328 3624 Smith
340 3577 366 3623 in
377 3578 489 3637 append.
502 3578 577 3625 Num.
589 3576 649 3637 xvi,
661 3578 749 3639 quibus
759 3576 851 3625 evincit
862 3576 1001 3625 credibilem
1014 3590 1067 3624 eam
1081 3591 1129 3623 non
1141 3590 1202 3626 esse.

197 3650 221 3701 5.
234 3640 271 3688 Su
299 3656 320 3687 n
345 3640 381 3689 iii.
408 3656 433 3689 ο.

198 3702 237 3752 16.
256 3642 407 3768 gradensi
428 3704 509 3753 Hodie
533 3706 665 3768 Cbertesey
685 3706 802 3754 confluxu
820 3704 954 3753 rivulorum
978 3705 1004 3752 in
1025 3705 1167 3753 Thamesim
1187 3705 1261 3753 situm

163 3768 238 3818 babet
256 3770 400 3826 insularem,
421 3771 464 3818 sed
483 3770 565 3818 insula
585 3784 634 3817 uon
652 3779 698 3819 est.
742 3771 799 3818 Hoc
821 3770 997 3818 nionssterium
1017 3769 1200 3819 Farconualdus
1219 3782 1264 3830 per

165 3834 341 3883 sdmiaiculum
363 3834 508 3894 Fritbuoldi,
529 3835 572 3897 qni
596 3835 728 3883 vulfhario
746 3836 891 3897 subregulus
914 3835 970 3897 fuit,
988 3834 1115 3894 opulentia
1134 3848 1214 3881 renim
1237 3840 1263 3885 et

165 3900 291 3947 monacbis
302 3900 419 3960 implerit.
454 3900 584 3961 Splenduit
594 3900 628 3947 ibi
639 3900 725 3962 religio
736 3900 853 3961 usquead
865 3900 958 3959 Dauos,
970 3899 1021 3961 qni,
1033 3905 1061 3946 nt
1072 3906 1167 3957 catera,
1180 3898 1261 3945 locum

164 3961 234 4012 illum
251 3966 437 4025 pessundedere,
449 3964 551 4013 ecclesis
567 3978 691 4025 succensa,
707 3978 757 4011 una
772 3978 828 4011 cum
847 3964 973 4011 uronachis
989 3970 1015 4011 et
1031 3962 1124 4011 abbate.
1160 3966 1262 4011 Atvero

164 4042 208 4076 rex
220 4029 347 4091 Eadgaros
363 4030 424 4077 illud
440 4028 535 4088 miecit,
551 4030 676 4077 veteribus
689 4028 798 4089 undique
814 4029 887 4075 cartis
901 4028 1054 4089 conquisitis,
1071 4041 1174 4087 quarum
1193 4028 1267 4075 testi-v

165 4094 249 4140 monio
261 4094 352 4155 pradia
362 4101 488 4142 revocaret
499 4094 530 4143 ad
541 4094 633 4150 locum,
644 4108 699 4155 qua
709 4092 808 4155 quidam
820 4108 851 4141 ex
863 4093 1018 4153 magnatibus
1029 4107 1072 4141 seu
1083 4091 1118 4147 vi,
1130 4106 1172 4139 seu
1184 4100 1262 4139 retus-

165 4157 224 4205 tatis
234 4159 381 4207 ancwnute
390 4164 540 4219 occuparant
552 4160 582 4206 ad
591 4158 633 4219 jas
643 4173 724 4206 sunm.
737 4158 776 4205 W.
789 4157 877 4205 Malia.
905 4158 976 4205 Pont.
989 4157 1015 4204 ii.
1030 4172 1053 4217 p.
1067 4170 1120 4217 134.
1136 4156 1216 4218 [235·]
1238 4159 1262 4205 S.

200 4222 284 4284 11111
295 4222 477 4284 Bereeiagam]
492 4223 574 4271 Hodie
585 4224 710 4283 Beriiag.
744 4222 774 4270 lu
790 4222 866 4271 latere
878 4222 1013 4271 Lundonire
1029 4222 1059 4269 ad
1075 4228 1131 4269 octo
1147 4221 1265 4268 milliaria

164 4286 249 4335 situm.
283 4288 321 4335 lbi
333 4288 498 4336 Earconualdi
515 4302 585 4335 soror
596 4288 740 4349 AEdilberga
755 4286 841 4334 habuit
857 4288 1005 4340 coherentes
1021 4286 1068 4333 sibi
1084 4284 1222 4333 sanctitatis
1238 4293 1264 4333 et

164 4350 293 4413 potestatis
304 4352 383 4400 socias
395 4353 545 4401 Hildelidam
560 4352 673 4414 proximo
688 4353 743 4401 louo
754 4366 928 4411 successorem,
941 4352 972 4399 ad
988 4365 1061 4413 quam
1078 4356 1146 4397 extat
1160 4350 1264 4398 emissus

164 4414 301 4465 butisdmi
310 4417 438 4470 Aldbelmi
452 4417 483 4465 de
494 4417 623 4477 Virgiaum
636 4418 720 4466 Laude
734 4418 822 4475 codex,
833 4418 864 4465 de
875 4432 924 4479 qua
935 4417 989 4465 vide
1000 4416 1066 4463 inira
1076 4414 1155 4477 capite
1166 4432 1191 4463 x.
1205 4415 1264 4463 Vcl-

164 4478 248 4529 aldam
268 4496 323 4543 qua
343 4483 427 4543 paucis
444 4482 516 4531 annis
533 4482 640 4544 Eadguri
651 4497 671 4530 r.
689 4489 799 4545 tempora
817 4482 942 4544 prevenit
975 4481 1084 4543 Quarum
1102 4480 1268 4538 orationibus,¹

162 4544 233 4594 locas
242 4546 285 4595 ille
296 4562 421 4609 nunqnam
433 4548 536 4595 omnino
552 4548 786 4606 nannetensium
803 4556 912 4610 tempore
923 4547 1134 4603 Numantinorum,
1146 4546 1264 4608 111111011-

207 4632 305 4674 BAEDA.
692 4634 709 4674 0
721 4633 738 4675 (1
