3100 5125
485 328 703 389 ELENCHUS
725 328 913 388 CAPITUM.
988 370 992 385 .

598 596 735 659 LIBER
758 595 803 659 ΙΙ.

150 744 175 805 I.
199 748 244 805 De
258 749 338 805 obitu
351 749 428 806 beati
441 768 522 823 papae
536 750 680 825 Gregorii.
702 770 729 824 p.
741 749 791 824 69.

150 844 191 902 II.
214 846 256 902 Ut
272 845 451 921 Augustinus
473 844 636 905 Brittonum
658 846 807 921 episcopos
829 865 880 919 pro
902 862 971 919 pace
993 845 1141 912 catholica,
1164 847 1250 903 etiam

191 925 327 982 miraculo
342 926 880 993 caelesticorameisfacto,monue1it;
895 944 993 1001 quaeve
1007 926 1070 983 illos
1085 936 1250 1003 spernentes

190 1007 262 1063 ultio
276 1014 374 1063 secuta
387 1005 434 1063 sit.
455 1026 482 1081 p.
497 1008 544 1081 76.

151 1100 206 1158 III.
229 1103 271 1159 Ut
290 1102 367 1159 idem
387 1102 531 1158 Mellitum
556 1122 590 1159 ac
611 1103 725 1160 Iustum
750 1103 899 1177 episcopos
920 1103 1036 1169 lecerit;
1061 1110 1091 1159 et
1113 1103 1149 1161 de
1171 1104 1251 1161 obitu
1286 1072 1288 1079 Ι

193 1185 264 1239 e'us.
307 1226 314 1239 .
330 1185 376 1241 80.

152 1204 218 1337 IV.J
226 1280 269 1337 Ut
285 1203 458 1336 Iinurentius
482 1298 547 1335 cum
572 1279 747 1353 coepiscopis
772 1280 830 1335 suis
850 1278 966 1337 Scottos
985 1281 1124 1339 unitatem
1145 1248 1250 1339 sanctae

192 1359 328 1426 ecclesiae,
342 1370 372 1417 et
388 1360 512 1417 maxime
533 1360 564 1416 in
583 1360 688 1433 pascha
706 1360 884 1416 observando
905 1361 983 1434 sequi
1004 1354 1154 1430 monuerit,
1169 1371 1199 1420 et
1219 1372 1251 1421 ut

192 1441 445 1497 MellitusRomam
458 1441 578 1497 venerit.
599 1460 627 1514 p.
638 1440 687 1496 82.

153 1536 190 1593 V.
214 1537 256 1593 Ut
270 1536 410 1594 defunctis
424 1537 604 1593 AEdilbereto
618 1544 647 1593 et
661 1536 799 1593 Sabercto
818 1536 943 1611 regibus,
958 1555 1135 1597 successores
1152 1512 1251 1595 eorum

191 1617 352 1674 idolatriam
371 1617 575 1685 resuscitarint,
589 1617 626 1673 ob
641 1617 717 1691 quod
731 1626 760 1673 et
774 1616 904 1673 Mellitus
921 1636 954 1673 ac
967 1618 1066 1675 Justus
1080 1638 1097 1675 a
1111 1618 1251 1677 Brittania

194 1691 384 1755 discesserint.
405 1718 434 1773 p.
448 1699 496 1770 84.

152 1793 207 1852 VI.
231 1796 272 1852 Ut
288 1802 434 1869 correptus
455 1795 491 1851 ab
512 1794 641 1869 apostolo
656 1795 742 1851 Petro
755 1794 925 1851 Laurentius
938 1794 1131 1853 AEodbaldum
1152 1816 1251 1873 regem

194 1875 231 1932 ad
245 1874 392 1932 Christum
413 1875 595 1939 converterit,
610 1875 659 1949 qui
677 1894 744 1932 mox
757 1874 902 1931 Mellitum
916 1882 945 1932 et
955 1875 1072 1935 Justum
1092 1878 1129 1934 ad
1148 1878 1250 1952 praedi·

195 1956 317 2013 candum
331 1956 514 2013 revocaverit.
538 1975 568 2031 p.
581 1957 629 2028 87.

153 2051 223 2109 VII.
245 2052 288 2109 Ut
305 2052 436 2109 Mellitus
453 2051 601 2127 episcopus
624 2052 754 2107 flammas
774 2051 901 2113 ardentis
921 2071 979 2108 suae
1001 2052 1123 2111 civitatis
1144 2055 1252 2114 orando

195 2132 367 2189 restinxerit.
388 2151 418 2207 p.
431 2132 480 2189 88.

154 2227 240 2287 VIII.
262 2230 306 2322 Ut
318 2228 482 2286 Bonifacius
502 2209 575 2303 papa
587 2228 672 2286 Justo
686 2228 842 2285 successori
856 2183 918 2303 ejus
931 2229 1047 2305 pallium
1061 2240 1090 2290 et
1104 2232 1252 2307 epistolam

155 2309 514 2481 IXVllsleenimlieriihegis
529 2406 658 2471 AEduini,
672 2414 702 2463 et
715 2414 748 2462 ut
760 2406 877 2462 veniens
897 2406 934 2463 ad
954 2407 1204 2481 evangelizandum
1226 2409 1253 2466 ei

196 2487 338 2626 Pmaplnrppp,
353 2487 446 2644 prigrp
459 2486 547 2543 filiam
560 2488 621 2561 ejus
635 2506 699 2543 cum
719 2486 790 2551 aliis,
806 2486 873 2543 fidei
886 2486 1056 2545 Christianae
1070 2490 1253 2547 sacrementis

155 2665 260 2802 Xffllllt
272 2684 346 2741 papa
360 2665 522 2723 Bonifacius
535 2667 667 2724 eumdem
688 2685 787 2741 regem
807 2665 902 2722 missis
920 2665 1009 2722 literis
1022 2666 1060 2722 sit
1073 2666 1202 2724 hortatus
1217 2665 1254 2723 ud

237 2766 292 2803 01¹¹·
313 2763 343 2820 P·
355 2763 404 2821 94·

156 2842 209 2900 XI.
232 2843 275 2899 Ut
288 2843 440 2917 conjugem
457 2843 555 2917 ipsius,
570 2862 620 2916 per
633 2843 793 2916 epistolam,
808 2842 907 2900 salutis
926 2842 1000 2900 illius
1021 2843 1148 2900 sedulam
1168 2862 1253 2918 agere

197 2943 294 2980 curam
308 2923 457 2979 monuerit.
478 2943 506 2999 p.
518 2923 567 2998 96.

156 3020 226 3076 XII.
250 3021 291 3077 Ut
303 3019 424 3076 AEduini
437 3039 488 3095 per
501 3019 638 3076 visionem
653 3021 796 3095 quondam
819 3020 872 3077 sibi
893 3019 969 3077 exuli
990 3028 1144 3086 ostensam,
1160 3019 1197 3077 sit
1217 3020 1254 3077 ad

197 3100 369 3156 credendum
382 3108 562 3174 provocatus.
585 3120 613 3175 p.
625 3100 675 3174 98.

156 3196 242 3252 XIII.
265 3195 357 3264 Quale
372 3196 520 3254 consilium
534 3196 611 3253 idem
625 3215 690 3252 oum
704 3195 869 3270 primatibus
884 3195 941 3252 suis
955 3195 991 3252 de
1004 3196 1185 3271 percipienda
1197 3197 1254 3254 fide

197 3275 306 3332 Christi
318 3276 449 3334 habuerit
457 3299 465 3342 ;
480 3284 510 3333 et
524 3285 556 3333 ut
565 3277 695 3351 pontifex
706 3278 767 3352 ejus
782 3295 847 3334 suas
857 3295 920 3333 aras
930 3276 1132 3350 profanaverit.
1146 3295 1175 3355 p.
1189 3295 1254 3333 101.

156 3373 240 3429 XIV.
264 3373 306 3430 Ut
326 3374 402 3430 idem
424 3373 538 3431 AEduini
560 3394 624 3431 cum
651 3381 817 3449 sua.gente
838 3372 930 3429 fidelis
958 3372 996 3428 sit
1017 3373 1125 3438 factus:
1156 3380 1185 3430 et
1206 3373 1255 3430 ubi

198 3454 331 3510 Paulinus
343 3453 539 3529 baptizaverit.
561 3474 591 3530 p.
608 3473 672 3529 ¹03·

158 3550 225 3607 XV.
249 3551 291 3608 Ut
311 3551 456 3626 provincia
470 3553 657 3610 Orientalium
672 3550 834 3626 Anglorum
854 3550 940 3606 fidem
963 3549 1072 3606 Christi
1091 3549 1254 3624 susceperit.

197 3648 310 3705 P·105·
390 3705 394 3709 .

157 3728 240 3786 XVI.
262 3729 305 3785 Ut
318 3710 452 3788 Paulinus
471 3731 502 3786 in
521 3729 668 3804 provincia
680 3726 805 3784 Lindissi
825 3727 1038 3802 praedicaverim
1061 3734 1090 3783 et
1110 3726 1146 3782 de
1167 3726 1254 3800 qnali-

197 3819 258 3866 tate
271 3809 354 3884 regni
365 3810 495 3867 AEduini.
516 3830 545 3884 p.
560 3809 627 3868 106.

156 3904 255 3962 XVII.
280 3905 322 3963 Ut
335 3905 411 3964 idem
425 3907 461 3964 ab
476 3905 606 3963 Honorio
619 3924 693 3979 papa
711 3904 920 3961 exhortatorias
934 3903 1030 3963 literas
1044 3902 1193 3976 acceperit,
1208 3903 1257 3976 qui

197 3987 284 4042 etiam
299 3986 420 4043 Paulino
433 3988 548 4062 pallium
562 3985 681 4043 miserit.
704 4004 732 4060 p.
749 3985 816 4044 108.

154 4083 269 4139 XVIII.
292 4084 335 4141 Ut
356 4083 511 4149 Honorius,
532 4083 580 4157 qui
592 4083 677 4140 Justo
697 4081 728 4137 in
748 4081 943 4156 episcopatum
964 4079 1189 4140 Dorovernensis
1209 4097 1256 4136 ec·

192 4164 448 4230 -clesiaesuccessit‚
464 4164 614 4223 abeodem
635 4181 708 4238 papa
723 4161 853 4218 Honorio
875 4159 991 4235 pallium
1012 4167 1042 4216 et
1061 4159 1158 4218 literas
1175 4177 1256 4216 acce·

155 4254 423 4416 XIXeiltiltphlpriinio
445 4343 521 4400 idem
546 4341 701 4413 Honorius,
724 4347 753 4396 et
783 4346 849 4414 post
872 4337 1018 4400 Iohannes
1044 4337 1154 4398 litteras
1179 4337 1259 4413 genti

198 4419 364 4480 Scottorum
387 4441 441 4499 pro
468 4423 574 4499 pascha
596 4421 680 4480 sImnl
701 4427 731 4477 et
756 4438 809 4496 pro
832 4419 984 4495 Pelagiana
1010 4418 1112 4476 haeresi
1138 4417 1257 4477 miserit.

198 4519 228 4576 p·
243 4519 341 4644 isiciis.
695 4580 717 4643 b
