3100 5125
1532 101 1539 294 ἡ

253 313 319 378 214
583 283 1019 396 msrommmcmm.
1302 305 1366 372 tv.
1392 328 1441 391 19.

292 463 299 478 '
323 485 398 548 ceps
412 461 558 526 videlicet
571 463 758 526 australium
770 463 972 548 Gyruiorum‚
989 461 1141 526 vocabulo
1156 457 1353 526 Tondberct.

251 486 317 613 led
331 549 384 612 illo
397 555 473 633 post
485 549 645 612 modicum
658 549 812 650 temporis
826 570 866 612 cx
882 571 945 634 quo
960 570 1031 612 eam
1044 547 1177 631 acecpit,
1188 547 1350 622 defuncto,

252 633 330 698 data
349 640 399 697 est
417 632 484 718 regi
503 633 656 717 praelato:
680 655 770 718 cujus
790 633 949 698 consortio
972 655 1044 697 cum
1067 630 1233 696 duodecim
1256 632 1396 700 annis25

251 725 407 795 uteretur,
444 725 599 818 perpetua
634 727 742 784 tamen
779 719 896 784 mansit
932 718 1125 804 virginitatis
1162 717 1351 803 integritate

271 804 408 878 loriosa;
433 811 516 868 mcut
529 804 676 869 mihimet
689 805 874 880 sciscitanti,
891 827 961 868 cum
978 805 1038 868 hoc
1053 827 1095 868 an
1110 804 1157 868 ita
1172 810 1265 878 esset,
1282 805 1352 887 qui-

249 826 386 954 busdam
399 889 538 954 venisset
555 890 588 952 in
602 891 743 965 dubium
758 892 863 955 beatae
881 889 1041 955 memoriae
1058 889 1169 952 Vilfrid
1184 889 1352 973 episcopus

250 976 419 1052 referebat,
430 974 538 1038 dicens
553 997 588 1039 se
601 983 718 1040 testem
732 975 948 1062 dintegritatis
963 977 1030 1060 ejus
1042 997 1110 1039 esse
1121 973 1348 1038 certissimum:

249 1062 331 1125 adeo
346 1067 383 1124 ut
399 1061 568 1146 Ecgiridus
590 1061 771 1146 promiserit
787 1083 820 1126 sc
840 1061 869 1124 ei
884 1069 987 1125 terras
1002 1084 1040 1125 ac
1062 1059 1211 1145 pecunias
1230 1061 1351 1123 mrrltas

250 1167 319 1210 esse
333 1147 578 1226 donaturum‚si
599 1147 716 1231 reginae
737 1155 846 1231 posset
867 1147 1058 1231 persuadere
1080 1149 1148 1230 ejus
1162 1144 1211 1210 uti
1229 1165 1399 1212 cossun-3³

249 1233 312 1309 bio,
328 1233 404 1317 quia
417 1233 539 1296 sciebat
552 1232 639 1296 illam
654 1233 774 1295 nullum
788 1233 928 1296 virorum
941 1234 1012 1317 plus
1027 1231 1080 1296 illo
1094 1233 1233 1317 diligere.
1279 1231 1350 1296 Nec

250 1318 455 1382 diffidendum
477 1325 527 1382 est
547 1324 659 1381 nostra
680 1319 779 1382 etiam
801 1325 900 1382 aetate
924 1318 993 1381 fieri
1012 1317 1162 1402 potuisse,
1179 1317 1264 1400 quod
1279 1339 1350 1380 aevc

250 1404 449 1489 praecedente
459 1403 627 1488 aliquoties
637 1403 757 1467 lactum
766 1404 876 1467 fideles
886 1403 1027 1468 historiae
1039 1409 1190 1466 narrant:
1208 1403 1351 1466 donante

250 1509 314 1553 uno
327 1490 500 1574 eodemque
513 1489 659 1564 Domino,
672 1489 725 1574 qui
741 1511 775 1551 se
790 1490 953 1553 nobiscum
967 1511 1067 1574 usque
1082 1489 1115 1551 in
1130 1489 1225 1551 finem
1240 1488 1348 1552 saeculi

249 1595 378 1639 manere
400 1573 574 1659 pollicetur.
620 1574 703 1638 Nam
728 1574 827 1638 ctiam
850 1575 974 1660 signum
993 1574 1090 1638 divini
1112 1573 1262 1649 miraculi,
1283 1595 1349 1659 quc

250 1660 391 1760 ejusdem
405 1659 670 1810 icminaetpppulta
684 1681 759 1724 caro
774 1660 934 1809 pprpumpi
949 1683 1012 1810 npn
1032 1659 1148 1744 potuit,
1164 1659 1281 1723 indicio
1296 1666 1349 1723 est
1357 1754 1389 1804 3⁵

249 1757 263 1790 θ
290 1767 343 1809 ura
357 1767 378 1809 a
393 1767 450 1809 vrri
465 1767 525 1809 con
595 1768 617 1808 u
631 1766 756 1809 mcorru
852 1768 975 1810 uravem
994 1795 1000 1810 .

90 1845 238 1909 [amma]
268 1768 373 1911 unae
388 1830 522 1895 multum
533 1831 588 1893 diu
602 1852 708 1916 regem
720 1768 885 1915 poitulans
894 1837 931 1894 ut
942 1830 1047 1895 saeculi
1058 1852 1150 1894 curas
1159 1830 1346 1914 relinquere,

88 1912 226 2024 ffiifffflffi·
250 1921 349 1999 atquc
371 1917 404 1978 in
427 1916 630 1992 monasterio,
653 1923 782 1980 tantum
803 1939 877 1981 vero
896 1917 964 2002 regi
989 1916 1117 1980 Ohristo
1136 1916 1253 1978 servire
1274 1937 1348 1999 per-

86 1991 154 2025 mom
180 1993 209 2024 ¹⁸·
250 2001 452 2075 mitteretur;
482 2002 536 2065 ubi
559 2002 610 2065 vix
630 2001 801 2086 aliquando
823 2002 1016 2086 impetravit,
1036 2001 1167 2066 intravit
1189 2007 1348 2064 monaste-

249 2086 332 2149 rium
347 2087 467 2151 AEbbae
488 2087 670 2163 abbatissae‚
691 2110 761 2172 quae
785 2095 855 2152 erat
876 2088 976 2152 amita
997 2087 1080 2172 regis
1097 2086 1247 2172 Ecgiridi,
1263 2086 1348 2170 posi-

86 2191 233 2240 ttoamnun
249 2178 319 2236 tum
337 2171 369 2233 in
389 2172 458 2234 loco
473 2194 566 2256 quem
582 2172 693 2237 coludi
709 2173 833 2236 Urbem
853 2172 1028 2248 nominant,
1047 2180 1177 2256 accepto
1192 2172 1348 2235 volamine

249 2255 495 2322 sanctimonialis
524 2258 653 2322 habitus
682 2281 703 2322 a
731 2259 867 2342 praetato
895 2258 1041 2323 antistite
1068 2257 1212 2320 Vilfrido.
1265 2258 1347 2321 Post
1356 2277 1391 2324 40

86 2355 367 2420 [massmannum
380 2364 455 2406 vero
476 2343 546 2426 ipsa
566 2342 654 2406 lacta
671 2350 720 2406 est
741 2345 904 2408 abbatissa
926 2343 958 2406 in
980 2342 1107 2429 regione
1128 2365 1199 2427 quae
1213 2350 1348 2407 vocatur
1366 2332 1431 2414 163

84 2421 217 2535 &batus
250 2427 348 2513 Elige„
380 2427 435 2491 ubi
458 2435 646 2493 constructo
672 2428 866 2494 monasterio
888 2429 1045 2514 virginum
1068 2429 1137 2492 Deo
1159 2429 1347 2492 devotarum

118 2499 157 2550 μ
378 2556 561 2617 turgiditatis
571 2555 601 2605 V.
739 2559 830 2620 equod
839 2559 1175 2621 contracta-perduraverit
1188 2556 1215 2605 V.

280 2694 321 2755 38.
332 2694 432 2758 AEtaa]
455 2695 512 2743 suit
532 2696 611 2743 AEbba
628 2696 699 2756 virgo
716 2694 786 2757 regio
803 2696 1063 2759 Nordsnhymbrcrnm
1080 2695 1199 2757 sanguine
1218 2704 1347 2757 prognata,

249 2759 373 2809 AEdill'ridi
386 2760 445 2818 filis,
457 2759 534 2807 Osuiu
549 2768 575 2808 et
585 2760 685 2808 Osusidi
694 2775 773 2818 soror,
789 2760 896 2823 Ergfridi
910 2762 993 2808 amita.
1026 2761 1132 2809 Primam
1151 2760 1237 2807 habuit
1253 2761 1346 2807 mansi-

247 2838 320 2873 onem
332 2839 405 2885 super
416 2824 566 2872 Demaratum
583 2824 684 2871 fluvium
702 2824 727 2870 in
740 2825 795 2871 viro
807 2825 878 2872 bodie
890 2840 934 2871 sno
952 2826 1051 2871 uonrinr.
1069 2825 1196 2887 insignito,
1209 2825 1282 2888 vulgo
1297 2826 1346 2871 Eb-

248 2888 348 2937 cbester.
384 2889 470 2937 Postea
481 2888 703 2949 Coldiugbamiam‚
715 2903 768 2949 que
783 2890 853 2936 Reda
864 2889 951 2937 Coludi
965 2889 1030 2937 Urbs
1040 2889 1138 2947 dicitur,
1152 2889 1344 2950 transmigravit.

247 2952 307 3000 Alia
318 2953 366 2999 fuit
376 2952 484 3013 ejsudem
497 2953 603 2999 nominis
615 2960 640 3001 et
656 2954 796 3000 monasterii
809 2952 931 3001 abbatissa
943 2970 964 3000 a.
977 2953 1026 3016 870
1046 2968 1101 3014 qua
1118 2954 1216 3002 naribus
1232 2954 1347 3014 labioqne

247 3016 362 3065 abscissis
374 3017 479 3064 tiatorem
489 3017 611 3065 Danirum
621 3017 708 3074 erasit,
717 3024 742 3064 et
753 3018 859 3079 reliquas
867 3033 963 3065 sorores
970 3020 1000 3065 ad
1009 3034 1078 3065 strum
1089 3020 1227 3080 exemplum
1240 3018 1346 3066 induxit.

249 3080 321 3127 Beda
333 3088 414 3128 sutem
429 3082 508 3129 AEbba
519 3082 583 3129 vixit
594 3089 703 3143 tempore
714 3097 733 3129 s.
743 3082 882 3143 eadbercti,
893 3083 964 3144 eique
976 3083 1104 3130 familiaris
1121 3082 1176 3143 fuit,
1185 3084 1240 3131 vide
1253 3082 1344 3139 Bedam

248 3145 273 3191 in
285 3145 343 3191 Vita
354 3160 373 3192 a
386 3145 515 3193 cudbercti
527 3160 627 3207 capro.
639 3146 700 3193 obiit
716 3162 738 3193 a.
751 3144 810 3204 684,
828 3148 946 3208 habetque
964 3147 1105 3196 memoriam
1123 3148 1148 3195 in
1165 3148 1346 3210 Martyrologio

247 3208 388 3268 Anglicsuo
399 3210 439 3256 die
452 3211 555 3271 Augusti
568 3224 608 3271 ²5·
625 3212 650 3258 S.

280 3286 320 3337 39·
336 3274 422 3322 Celadi
434 3274 535 3336 Urbem]
553 3274 633 3321 Hodie
643 3274 713 3323 victts
729 3274 754 3323 iu
769 3275 866 3323 Mentis
878 3290 919 3323 seu
934 3275 1042 3323 Mercbia
1053 3275 1149 3336 Sectis,
1161 3276 1200 3324 ubi
1220 3275 1345 3336 probabile

248 3344 286 3387 est
297 3336 368 3386 sitam
381 3337 456 3386 fuisse
467 3338 590 3386 Ptolemoei
602 3339 730 3387 Colansm.
765 3340 839 3401 Quod
858 3349 939 3388 autem
958 3340 1104 3388 recentiores
1120 3356 1135 3387 a
1150 3340 1257 3390 Colideis
1268 3340 1344 3387 dedu-

249 3408 314 3460 rant,
325 3402 350 3449 id
361 3403 434 3464 piane
447 3404 517 3451 Bedte
528 3404 554 3450 iu
567 3410 673 3451 mentem
686 3418 735 3449 non
745 3404 821 3451 veuit.
856 3404 912 3452 Non
929 3404 993 3451 euim
1010 3412 1080 3452 erant
1095 3405 1184 3453 colidei
1195 3406 1236 3453 sed
1250 3405 1344 3460 cadet,

248 3464 357 3527 iocisque
369 3467 469 3514 nomina
485 3468 605 3515 dedenrnt
620 3482 669 3513 non
682 3468 773 3515 sonitu
791 3482 863 3529 quem
881 3468 941 3515 inibi
958 3470 1105 3517 exercebant
1121 3470 1161 3517 aed
1174 3486 1188 3515 a
1198 3468 1267 3515 cellis
1282 3482 1345 3529 qnus

249 3530 411 3579 incoluerunt.
446 3531 520 3580 Hauc
539 3532 620 3579 locum
641 3539 739 3593 propter
756 3533 917 3579 reverentiam
940 3534 985 3581 liei
1004 3542 1029 3581 et
1043 3549 1062 3581 s.
1075 3533 1204 3581 cudbercti
1216 3533 1345 3593 Eadgarus

250 3608 292 3643 rer
305 3594 393 3643 Srotire
409 3596 476 3643 dedit
492 3595 641 3643 monasterio
657 3596 773 3643 Dunelm.
792 3597 823 3643 ad
841 3598 1042 3645 sustentationem
1060 3596 1166 3657 ejusdem
1186 3598 1344 3645 monasteriis

249 3660 291 3707 sed
309 3674 422 3721 processu
440 3662 557 3721 temporis
576 3662 668 3722 placuit
681 3660 755 3721 priori
775 3668 801 3707 et
820 3661 936 3709 fratribus
952 3662 1041 3709 ibidem
1062 3662 1187 3709 ecclesiam
1204 3662 1306 3722 erigere,
1315 3664 1346 3709 'et

250 3724 381 3771 monachos
391 3724 498 3785 ejusdem
512 3725 652 3772 monasterii
663 3726 751 3772 locare.
762 3724 845 3773 Codex
860 3726 914 3773 MS.
922 3726 1090 3786 Wessington.
1103 3742 1157 3787 pag.
1165 3728 1204 3787 38.
1240 3726 1344 3773 (Ibartas

249 3787 343 3851 aliquot
353 3788 425 3848 hujus
436 3788 571 3835 mansionis
579 3790 714 3849 originales
721 3789 777 3836 vide
788 3789 901 3851 Appeud.
915 3791 946 3838 N.
960 3807 1001 3837 xx.
1015 3792 1040 3837 S.
1076 3791 1156 3838 Hodie
1171 3791 1343 3850 coldingham.

248 3850 304 3899 Vid.
316 3852 452 3909 cambden,
465 3868 487 3913 p.
501 3865 569 3917 1¹79·
604 3853 674 3901 Conf.
688 3853 752 3900 infra
765 3868 804 3915 ²5·

280 3931 319 3975 4ο.
333 3915 395 3963 Post
404 3915 513 3976 annum]
535 3917 599 3977 Ergo
610 3918 741 3965 secundnm
754 3930 864 3965 nostram
877 3924 1017 3979 computum
1030 3918 1144 3966 transivit
1156 3919 1186 3965 ad
1199 3918 1259 3980 Elgc
1271 3920 1299 3966 Α.
1309 3920 1342 3967 D.

247 3977 303 4044 67².
329 3980 375 4028 Sed
384 3980 505 4038 Asserius,
515 3980 662 4044 Florentius,
671 3982 756 4039 etalii,
765 3983 812 4029 boc
821 3984 949 4043 pnnuntin
959 3983 1020 4030 Α.1).
1030 3982 1086 4044 673.
1096 3986 1149 4031 Ass.
1159 3982 1246 4030 Annal.
1255 3998 1277 4043 p.
1289 3982 1342 4043 146.

282 4059 303 4091 ι.
316 4044 396 4107 Elge]
414 4044 458 4091 illa
469 4045 534 4091 enim
548 4045 710 4109 AEdilthrydrs
727 4048 807 4106 patria
819 4046 874 4102 fuit,
887 4047 921 4094 ibi
934 4047 1033 4094 fratrem
1046 4047 1130 4095 babuit
1142 4048 1284 4095 Aldrrulfum
1297 4049 1342 4095 Or.

249 4108 312 4170 Aug.
325 4123 415 4170 regem,
427 4122 569 4169 actoresque
586 4126 682 4157 stamma
701 4110 798 4171 pietatis
817 4111 890 4171 lama,
909 4112 938 4158 de
954 4112 1041 4172 quibus
1053 4113 1107 4159 uide
1118 4112 1154 4159 iii.
1165 4112 1189 4158 8.
1225 4112 1342 4159 Historici

249 4180 331 4221 tamen
347 4173 419 4221 aliam
438 4172 477 4221 hic
494 4174 594 4221 tradunt
609 4174 696 4222 mutati
712 4176 818 4222 coenobii
834 4176 997 4235 occasionem,
1013 4177 1078 4237 qnod
1098 4177 1225 4238 Ecgfridns
1244 4190 1340 4237 nempe,

248 4236 368 4285 libertatis
395 4253 411 4285 a
429 4236 544 4299 conjugio
569 4253 689 4286 ccurmsae
711 4241 840 4299 poenitens‚
859 4241 1007 4288 monasterio
1030 4241 1157 4289 Coludano
1179 4240 1228 4287 rim
1252 4241 1342 4288 inferre

247 4309 350 4347 conatus
360 4309 403 4348 est
441 4301 473 4348 Et
483 4302 557 4364 longa
571 4302 611 4366 bic
623 4311 736 4350 narratur
746 4304 851 4365 leganda
866 4304 962 4352 itineris
980 4320 1028 4352 uon
1047 4306 1125 4366 magis
1142 4305 1256 4365 periculis
1267 4320 1342 4365 quam

248 4364 373 4412 miraculis
384 4366 457 4425 pleni,
467 4372 496 4412 ut
507 4366 620 4413 maritum
632 4370 764 4429 effugerem
781 4369 811 4415 de
822 4370 909 4429 quibus
920 4368 976 4415 vide
989 4370 1123 4417 Historiam
1137 4370 1242 4417 Eliensis
1256 4370 1342 4416 Eccle-

246 4428 289 4477 sia
310 4428 719 4493 bibliotb.cottou.NcroA.15.
740 4431 828 4480 editam
847 4434 872 4480 iu
893 4434 1143 4496 Mcuasticol.p.87.
1178 4434 1208 4482 ln
1224 4435 1271 4481 hoc
1287 4434 1343 4481 ioco

247 4492 401 4557 AEdiitbryde
411 4493 437 4541 in
448 4502 588 4542 sanctornm
601 4509 720 4544 canonem
737 4496 837 4545 nomine
848 4513 868 4546 s.
881 4499 966 4561 Audry
977 4499 1051 4561 recipi
1067 4498 1166 4557 meruit,
1177 4506 1203 4548 et
1217 4498 1298 4547 loetum
1315 4498 1342 4545 in
