3100 5125
510 322 675 394 cannis
697 328 968 393 ANGLORUM.
1224 331 1289 397 157

186 479 253 564 ipse
267 501 324 544 rex
340 487 373 544 et
386 480 582 565 frequentius
600 481 642 545 ad
656 481 891 565 deprecandum
906 480 1079 543 Dominum
1093 481 1287 564 verbumque

187 565 379 630 audiendum
400 567 556 644 advenire,
573 573 607 630 et
626 566 794 630 defunctus
816 565 940 666 sepeliri
960 565 1101 630 deberet.
1147 565 1231 629 Nam
1254 572 1288 630 et

162 651 326 735 sseipsum
351 652 489 752 fideliter
512 652 647 715 credidit
669 653 843 715 multum
830 652 935 750 Juvari
958 673 1068 714 eorum
1090 651 1288 715 orationibus

189 737 392 820 quotidianis,
420 738 473 822 qui
502 737 593 802 illo
585 760 618 800 ιιι
646 738 717 801 loco
743 737 882 800 Domino
908 736 1073 800 servirent.
1118 736 1288 836 Habuerat

189 829 298 886 autem
319 823 403 888 idern
425 845 482 886 rex
505 845 610 886 secum
625 823 757 886 fratrem
776 844 963 911 germanum
979 823 1121 920 ejusdem
1140 821 1287 921 episcopi,

190 909 342 972 vocabulo
365 909 471 985 Gaeliu,
495 909 597 973 virum
619 930 710 992 aeque
732 908 803 972 Deo
825 909 982 984 devotum,
1006 907 1060 992 qui
1083 908 1163 992 zipsi
1184 930 1222 970 ac
1243 910 1288 970 fe»
1297 914 1383 979 Uaeltn.

189 993 308 1056 miliae
299 993 398 1078 ipsius
412 995 543 1059 verbum
558 1001 592 1058 θι
607 1001 807 1058 sacramenta
820 993 903 1070 fidei,
920 1000 991 1092 erat
1010 993 1093 1056 enim
1112 994 1288 1077 presbyter,

190 1079 373 1143 ministrare
388 1080 519 1156 solebat,
535 1102 593 1164 per
614 1081 702 1163 qu'us
722 1079 872 1143 notitiam
886 1078 1023 1142 maxime
1039 1079 1083 1142 ad
1097 1078 1289 1228 diligendum

190 1165 444 1249 noscendumque
467 1165 649 1264 episcopum
669 1163 823 1248 pervenit.
869 1163 994 1227 Favens
1013 1185 1089 1261 ergo
1104 1187 1142 1226 vo
1144 1164 1186 1228 tis
1204 1163 1290 1248 regis

150 1276 182 1310 ιο
190 1250 333 1328 ιιιιιιθιθι,
350 1251 444 1335 elegit
459 1250 541 1350 sibi}
536 1251 641 1314 locum
655 1249 840 1312 monasterii
855 1249 1084 1313 construendi
1076 1271 1108 1311 111
1127 1249 1289 1312 montibus

190 1335 298 1399 arduis
312 1357 350 1399 ec
364 1335 514 1409 remotis;
532 1335 689 1420 inquibus
704 1336 864 1398 latronum
878 1335 979 1419 magis
993 1334 1126 1398 latibula
1136 1357 1174 1397 ac
1188 1335 1290 1398 lustra

190 1420 338 1497 serarum,
366 1444 461 1506 quam
490 1421 672 1485 habitacula
697 1420 794 1484 fuisse
818 1420 1009 1484 videbantur
1037 1420 1219 1484 hominum.
1252 1427 1289 1485 ut

187 1507 282 1589 juxta
296 1507 495 1606 prophetiam
512 1506 640 1582 Isaiae,
631 1529 664 1568 ιιι
678 1505 867 1581 cubilibus,
858 1527 891 1568 in
900 1505 1022 1604 quibus
1036 1505 1124 1589 prius
1135 1506 1289 1569 dracones

191 1591 391 1668 habitabant,
418 1592 555 1654 oriretur
580 1592 665 1655 viror
693 1590 805 1654 calami
835 1592 907 1654 θι
894 1591 993 1688 Junci,
1020 1591 1053 1652 id
1081 1597 1139 1666 est,
1166 1591 1290 1654 fructus

191 1676 346 1740 bonorum
361 1698 491 1760 operum
506 1677 549 1740 ibi
565 1687 779 1752 nascerentur,
791 1675 846 1738 ubi
860 1675 949 1760 prius
963 1676 1011 1739 vel
1026 1638 1139 1740 bestisi
1153 1697 1289 1739 commo·

153 1781 181 1828 15
191 1761 266 1837 rari,
282 1761 330 1824 vel
344 1762 486 1824 homines
497 1762 639 1826 bestialit
625 1769 675 1826 ter
689 1761 792 1825 vivere
806 1768 1044 1825 consueverant.

241 1846 379 1910 Studeas
408 1853 517 1911 autem
540 1847 594 1910 'vir
624 1847 753 1912 Domini
782 1853 948 1930 acceptum
976 1845 1159 1909 monasterii
1186 1846 1290 1909 locum
1298 1869 1440 1916 nitescen-

190 1931 293 2016 primo
306 1933 453 2032 precibus
464 1955 502 1996 ac
515 1932 642 2016 jejuniis
657 1955 677 1995 a
691 1932 827 2016 pristina
836 1931 1029 2016 flagitiorum
1038 1932 1131 1994 sorde
1141 1953 1287 2016 purgare,
1297 1933 1450 1982 messionis

190 2018 312 2081 etsie
304 2041 337 2080 ιιι
355 2040 394 2082 θο
411 2018 595 2082 monasterii
610 2018 849 2081 fundamenta'
836 2039 951 2114 Jacere3
967 2017 1140 2102 postulavit
1162 2040 1182 2080 a
1203 2038 1287 2102 rege,

190 2110 227 2166 ιιι
242 2103 301 2166 sibi
313 2110 435 2167 atotum
446 2103 696 2201 quadragesimae
709 2109 834 2188 tempus
844 2102 928 2186 quod
939 2101 1090 2178 instabat,
1102 2102 1288 2166 facultatem

190 2211 228 2251 ac
251 2189 412 2253 licentiam
435 2188 553 2252 ibidem
576 2188 729 2252 orationis
755 2210 851 2252 causa
876 2187 1061 2251 demorandi
1090 2188 1288 2251 concederet.

150 2291 182 2326 20
191 2274 313 2354 Quibus
330 2274 442 2338 diebus
462 2275 592 2351 cunctis,
609 2280 742 2359 excepta
760 2273 969 2349 Dominica,
956 2273 1111 2358 Jejunium
1125 2273 1167 2336 ad
1182 2294 1288 2356 vespe-

189 2360 407 2443 rembusque
429 2361 524 2443 juxta
548 2381 669 2422 morem
694 2359 866 2444 protelans,
894 2371 952 2422 cue
975 2364 1052 2422 tunc
1076 2358 1203 2442 quidem
1228 2358 1288 2421 nisi

189 2445 281 2528 panis
306 2444 532 2544 permodicum,
556 2453 590 2509 et
615 2465 712 2507 unum
738 2466 832 2508 ovum
854 2444 1060 2542 gallipaceum
1089 2466 1161 2507 cum
1189 2466 1287 2528 parvo

189 2530 272 2595 lacte
287 2553 371 2617 aqua
385 2531 487 2593 mixto
500 2531 706 2630 percipiebat
737 2529 876 2595 Dicebat
886 2529 971 2593 euim
981 2530 1064 2593 hanc
1078 2551 1148 2593 esse
1161 2550 1290 2593 consuc-

189 2617 335 2680 tudinem
357 2638 475 2693 eorum,
498 2639 518 2680 a
540 2617 655 2701 quibus
677 2638 821 2680 normam
843 2615 1014 2699 discipliuae
1035 2616 1189 2714 regularis
1211 2615 1290 2678 didi-

191 2710 289 2779 cerat,
312 2709 350 2766 ut
371 2709 503 2786 accepta
524 2725 626 2801 nuper
647 2703 716 2765 loca
738 2702 780 2765 ad
797 2701 976 2800 faoieudum
997 2700 1224 2764 monasterium
1240 2701 1290 2764 vel

191 2788 363 2865 ecclesiam,
386 2788 474 2873 prius
497 2788 754 2852 orationibusac
717 2786 906 2871 acjejuuiis
931 2786 1069 2850 Domino
1094 2792 1287 2849 consecrent.

150 2888 179 2935 α5
191 2873 334 2957 Cumque
355 2838 464 2937 decem
487 2874 554 2937 dies
576 2872 825 2958 quadragesimae
847 2878 1017 2946 restarent
1039 2871 1126 2935 venit
1148 2871 1201 2954 qui
1227 2871 1289 2934 cla

188 2965 293 3022 maret
307 2980 380 3021 cum
393 2959 436 3023 ad
450 2980 566 3059 regem.
606 2960 655 3022 At
669 2959 729 3034 ille,
745 2981 785 3021 ne
800 2980 879 3056 opus
893 2957 1073 3043 religiosum
1087 2957 1337 3042 negotiorum

187 3044 341 3141 regalium
355 3066 451 3109 causa
468 3044 745 3143 iutermitteretur‚
762 3043 857 3128 petiit
875 3045 1096 3127 presbyterum
1117 3064 1209 3105 suum
1229 3042 1288 3126 Gy-
1274 3060 1419 3125 -cynibittj

187 3128 340 3206 nibilum,
365 3130 419 3214 qui
445 3131 542 3194 etiam
565 3132 665 3194 frater
690 3150 859 3214 germanus
881 3129 1082 3213 erat1psius,
1104 3128 1157 3212 pia
1178 3135 1287 3212 coepta

187 3215 354 3315 complere.
399 3215 458 3279 Oui
476 3237 547 3278 cum
567 3215 619 3278 ille
639 3214 776 3278 libenter
793 3214 1023 3298 adquiesceret,
1038 3214 1166 3297 expleto
1181 3213 1288 3277 studio

184 3300 376 3384 jejuniorum
400 3307 434 3364 et
457 3300 622 3374 orationis,
648 3300 724 3364 fecit
753 3300 798 3362 ibi
824 3300 1062 3375 monasterium
1089 3300 1174 3382 quod
1204 3321 1287 3361 nuuc
1456 3357 1459 3361 .

147 3406 179 3455 30
189 3385 392 3471 Laestiugaeu
406 3392 546 3463 vocatur,
563 3393 596 3450 θι
611 3385 763 3470 religiosis
777 3386 927 3463 moribus,
940 3387 1036 3470 juxta
1047 3350 1151 3447 ‘lritus
1164 3384 1287 3447 Lindis-
1297 3396 1400 3445 Laestin

186 3472 381 3534 furnensium
395 3472 449 3535 ubi
464 3472 617 3535 educatus
632 3477 711 3549 erat,
728 3470 879 3535 instituit.
1296 3476 1365 3523 ⁸³⁰⁰·

232 3556 380 3637 Quicum
395 3557 486 3621 anuis
501 3557 590 3621 mult‘
566 3566 609 3621 tis
629 3557 693 3620 et
685 3578 718 3619 ιιι
737 3557 873 3641 praefata
892 3555 1053 3640 provincia
1068 3556 1287 3641 episcopatum
1296 3562 1412 3673 mser

219 3744 232 3772 ι
243 3736 286 3796 qui
297 3744 321 3781 et
333 3734 362 3782 V
365 3734 394 3781 G
585 3744 651 3796 'per
660 3742 742 3783 totum
754 3735 816 3783 V.G.
1011 3733 1023 3766 ὓ
1035 3748 1162 3795 acapnum
1165 3730 1246 3795 Juxta
1257 3733 1288 3780 V

186 3806 254 3845 caee
243 3750 295 3845 V.
462 3798 562 3847 “ritum
573 3799 603 3847 V.
626 3866 632 3879 ι

222 3973 260 4006 ιι.
268 3962 426 4021 prophetiam
443 3960 525 4021 Irata]
542 3976 617 4007 xxxv.
631 3970 652 4021 7.

220 4037 260 4083 aq.
270 4024 443 4086 Loests'ugaeu]
460 4024 540 4085 Hujus
553 4023 694 4071 monasterii
707 4038 755 4070 nou
768 4022 851 4069 minias
861 4038 934 4083 quem
945 4022 1078 4069 conditoris
1088 4022 1168 4083 patrie
1176 4022 1216 4069 diu
1225 4037 1290 4084 quae-

187 4086 235 4134 citu
247 4087 311 4144 fuit
329 4089 445 4136 Alfordus
461 4104 515 4136 eam
534 4090 558 4135 in
577 4102 635 4150 egro
652 4088 801 4135 Ebureceusi
816 4087 932 4147 primum,
944 4087 1067 4134 denudem
1079 4086 1175 4135 Οιιθιιι
1188 4090 1288 4146 Saron,

187 4152 307 4199 tendem'
301 4168 327 4198 ιιι
343 4152 602 4215 Nordanhymbrorum
621 4152 745 4213 provincia
761 4151 865 4208 invenit,
877 4166 961 4198 revere
979 4151 1073 4197 nullibi.
1107 4151 1177 4199 Sed
1168 4167 1219 4212 Jcm
1239 4165 1289 4199 uon

187 4208 294 4276 emplius
304 4218 428 4264 dubitetur
439 4218 497 4279 quin
511 4217 699 4279 Lectiugbarulae
709 4217 792 4275 fuerit,
804 4230 852 4262 nou
866 4215 947 4291 procul
960 4231 975 4262 u
986 4215 1183 4263 Streeuaeshelch
1218 4216 1289 4276 Dug-

188 4279 269 4327 dnlius
285 4282 391 4329 locum
385 4297 410 4328 ιιι
429 4296 501 4329 suum
520 4282 674 4330 Mouasticon
692 4282 803 4338 inseruit,
814 4280 880 4327 sed
874 4295 899 4327 ιιι
914 4295 943 4328 θο
955 4280 1016 4327 nihil
1028 4281 1137 4328 additum
1149 4280 1205 4329 huic
1217 4280 1289 4328 Beda

190 4345 271 4404 capiti.
285 4346 308 4392 S.
335 4346 494 4408 Lastinghurn
508 4362 555 4395 uon
568 4347 640 4409 longe
652 4346 726 4395 distat
738 4361 752 4393 u
764 4316 842 4408 Ki'rby
856 4346 996 4393 Moorside'
991 4360 1016 4392 ιιι
1025 4346 1208 4408 septentrionali
1221 4352 1290 4407 purte

190 4409 242 4471 egri
255 4410 425 4468 Eburuceusis.
