3100 5125
289 714 592 798 HISTORIAE
624 712 1089 800 ECCLESIASTICAE

401 909 686 1000 nannenus
716 929 968 1002 CAPITUM.

557 1156 823 1192 .-...,..-.-

141 1332 331 1383 PRAEFATIO
351 1329 465 1379 arana
486 1328 537 1377 nn
558 1328 682 1376 ansani
703 1330 958 1381 caonnnrnunr.
992 1350 1016 1397 p.
1032 1346 1052 1382 1.

596 1450 733 1515 LIBER
756 1454 783 1516 I.

139 1568 164 1627 I.
187 1570 231 1627 De
246 1569 302 1625 situ
316 1567 462 1624 Brittania
476 1566 522 1622 vel
536 1565 691 1629 Hiberniae,
706 1573 736 1621 et
749 1568 848 1639 priscis
863 1588 959 1625 aarum
975 1570 1083 1627 incolis.
1108 1591 1136 1645 p.
1155 1587 1181 1645 5.

139 1667 179 1723 II.
202 1666 244 1723 Ut
259 1664 428 1721 Brittaniam
442 1663 549 1737 primns
565 1662 759 1719 Romanorum
775 1664 864 1720 Gaius
877 1665 969 1721 Julius
984 1667 1092 1723 adierit.
1115 1686 1143 1740 p.
1160 1686 1204 1725 10.

139 1765 195 1821 III.
218 1764 260 1821 Ut
285 1762 415 1819 eamdem
440 1761 580 1817 secundus
602 1760 795 1817 Romanorum
818 1763 953 1819 Claudius
981 1764 1087 1832 adiens,
1110 1766 1237 1821 Orcadas

180 1845 265 1901 etiam
282 1843 389 1899 insulas
404 1843 535 1898 Romano
556 1841 691 1914 adjecerit
711 1842 838 1915 imperio.
882 1844 940 1900 Sed
955 1853 983 1900 et
997 1846 1187 1919 Vespasianus
1202 1847 1237 1902 ab

181 1944 215 1981 eo
229 1924 342 1992 missus,
357 1922 478 1979 Vectam
493 1940 604 1995 quoque
618 1922 738 1978 insulam
753 1922 890 1981 Romanis
905 1926 1069 1982 subdiderit.
1092 1946 1117 2000 p.
1137 1944 1182 1982 11.

137 2022 189 2079 IV.
213 2022 255 2079 Ut
269 2020 373 2077 Lucius
388 2019 582 2075 Brittanorum
596 2036 648 2075 rex
662 2020 756 2075 missis
770 2021 807 2076 ad
821 2022 1005 2079 Eleutherum
1027 2042 1127 2096 papam
1149 2023 1238 2081 literis

181 2102 374 2159 Christianum
389 2119 420 2157 se
434 2099 494 2156 fieri
509 2098 631 2173 petierit.
653 2119 680 2173 p.
693 2118 739 2173 13.

137 2201 177 2258 V.
200 2200 242 2257 Ut
256 2198 379 2255 Severus
393 2204 537 2271 receptam
548 2196 696 2253 Brittaniae
710 2206 821 2270 partem
832 2198 906 2255 vallo
921 2218 938 2255 a
952 2207 1054 2255 caetera
1065 2200 1237 2257 distinxerit.

202 2326 207 2337 .
224 2300 233 2337 1
261 2323 267 2336 .

140 2300 198 2434 Vll.)
215 2299 259 2433 Di
272 2376 390 2450 imperio
405 2374 582 2438 Diocletiani,
598 2384 627 2430 et
640 2383 672 2431 ut
687 2375 865 2431 Christianos
879 2384 1044 2449 persecutns
1059 2376 1105 2433 sit.
1127 2396 1155 2451 p.
1168 2393 1213 2451 15.

139 2473 206 2530 VII.
228 2473 326 2529 Passio
341 2469 431 2529 sancti
445 2471 548 2527 Albani
563 2480 593 2528 et
607 2472 748 2529 sociorum
762 2472 833 2547 ejus,
848 2473 896 2545 qni
917 2472 1018 2532 eodeni
1038 2482 1165 2547 tempore
1187 2493 1239 2548 pro

179 2554 304 2612 Domino
318 2552 485 2628 sangninem
500 2552 642 2610 fuderunt.
665 2573 693 2627 p.
709 2553 752 2610 16.

138 2653 223 2710 VIII.
246 2652 289 2709 Ut
301 2652 355 2708 hac
369 2657 499 2707 cessante
515 2652 721 2724 persecutione,
736 2651 855 2707 ecclesia
869 2651 898 2705 ln
913 2651 1060 2706 Brittaniis
1081 2651 1237 2725 aliquantu-

178 2734 234 2793 lam
249 2751 338 2806 nsque
351 2731 387 2788 ad
400 2739 532 2804 tempora
545 2733 673 2788 Arrianae
686 2732 808 2788 vesaniae
823 2749 922 2804 pacem
937 2731 1076 2788 habuerit.
1099 2753 1126 2804 p.
1143 2751 1188 2806 19.

138 2831 192 2887 IX.
216 2830 259 2886 Ut
270 2837 410 2904 regnante
425 2829 564 2884 Gratiano
579 2829 724 2885 Maximus
737 2829 767 2884 in
782 2828 923 2884 Brittania
943 2829 1099 2903 imperator
1119 2838 1238 2896 creatus

179 2930 244 2967 cum
258 2929 365 2985 magno
378 2909 505 2966 exercitu
520 2910 643 2965 Galliam
658 2909 783 2965 redierit.
807 2929 834 2982 p.
851 2925 897 2964 20.

137 3009 177 3064 X.
200 3009 242 3065 Ut
257 3007 377 3063 Arcadio
390 3016 539 3081 regnante,
551 3006 683 3081 Pelagius
694 3007 788 3062 Britto
803 3013 903 3061 contra
918 3006 1040 3080 gratiam
1051 3008 1105 3065 Dei
1120 3010 1240 3083 superba

178 3089 253 3146 bella
267 3087 431 3162 susceperit.
453 3107 481 3160 p.
496 3105 543 3145 21.

137 3183 192 3239 ΧΙ.
215 3182 256 3240 Ut
276 3190 416 3256 regnante
439 3181 569 3237 Honorio
591 3181 744 3237 Gratianus
768 3189 798 3236 et
819 3180 1025 3236 Constantinus
1048 3180 1077 3235 in
1101 3181 1240 3239 Brittania

178 3264 292 3338 tyranni
309 3262 405 3328 creati,
420 3270 449 3316 et
471 3281 538 3318 mox
558 3262 636 3335 prior
656 3262 686 3316 in
700 3261 850 3324 Brittania,
867 3261 1007 3316 secundus
1026 3261 1054 3316 in
1070 3261 1163 3319 Gallia
1184 3265 1240 3320 sint

179 3343 352 3416 interempti.
374 3361 403 3415 p.
418 3359 465 3397 22.

137 3441 209 3498 XII.
232 3441 275 3497 Ut
295 3441 442 3497 Brittones
463 3459 480 3495 a
501 3439 609 3495 Scottis
626 3439 729 3495 vastati
751 3437 906 3514 Pictisque,
922 3439 1116 3495 Romanorum
1138 3441 1242 3497 auxilia

180 3522 351 3596 quaesierint,
367 3520 414 3594 qui
429 3520 553 3576 secundo
567 3520 722 3583 venientes,
737 3538 850 3575 murum
868 3528 948 3575 trans
968 3519 1090 3576 insulam
1104 3521 1238 3586 fecerint;

179 3603 231 3660 sed
244 3602 300 3658 hoc
314 3601 464 3658 confestim
479 3619 496 3659 a
510 3601 634 3674 praefatis
648 3600 778 3656 hostibus
793 3599 960 3674 interrupte,
973 3602 1081 3674 majore
1095 3602 1152 3658 sint
1166 3603 1241 3659 cala-

179 3683 279 3739 mitate
294 3681 429 3756 depressi.
452 3700 481 3755 p.
496 3699 542 3753 23.

138 3779 225 3836 XIII.
249 3779 292 3836 Ut
312 3787 451 3854 regnante
467 3778 628 3834 Theodosio
652 3778 771 3841 minore,
795 3777 875 3850 cujus
893 3784 1021 3850 tempore
1045 3779 1184 3834 Palladius
1205 3779 1242 3835 ad

181 3859 299 3917 Scottos
313 3861 342 3915 ia
356 3859 502 3915 Christum
517 3859 665 3915 credentes
679 3859 782 3914 missus
796 3866 849 3926 est,
862 3857 1008 3916 Brittones
1022 3859 1057 3916 ab
1072 3860 1157 3915 Aetio
1172 3877 1240 3915 con·

181 3941 243 3997 sule
257 3940 394 3996 auxilium
404 3940 568 4014 flagitantes
582 3958 640 3994 non
654 3938 875 4013 impetraverint.
897 3957 924 4011 p.
940 3957 956 3994 a
960 3953 988 4012 5.

138 4038 223 4095 XIV.
246 4038 289 4095 Ut
312 4037 459 4094 Brittones
486 4038 561 4093 fame
588 4037 698 4093 famosa
722 4037 822 4102 coacti,
849 4036 990 4092 Barbaros
1013 4035 1071 4092 suis
1100 4055 1115 4092 e
1138 4037 1241 4094 finibus

180 4119 357 4193 pepulerint3
379 4138 432 4174 nec
447 4137 535 4183 mora,
551 4118 666 4192 frugum
681 4117 771 4191 copia,
787 4117 906 4181 luxuria,
922 4115 1091 4191 pestilentia,
1105 4125 1133 4173 et
1147 4127 1240 4175 exter-

181 4199 301 4256 minium
316 4199 411 4274 gentis
426 4207 554 4255 secutum
569 4199 614 4254 sit.
636 4217 665 4271 p.
684 4213 730 4270 27.

139 4296 207 4353 XV.
231 4284 413 4354 Ut'invitata
430 4294 601 4353 Brittaniam
622 4313 693 4368 gens
708 4295 878 4370 Anglorum,
901 4294 992 4369 primo
1007 4296 1121 4370 quidem
1143 4297 1242 4355 adver-

182 4377 272 4433 sarios
285 4377 400 4451 longius
411 4376 526 4450 ejecerit
534 4398 541 4440 ;
562 4377 612 4432 sed
627 4394 685 4432 non
698 4377 789 4433 multo
803 4384 868 4450 post
878 4376 980 4449 juncto
992 4395 1056 4432 cum
1071 4377 1115 4434 his
1127 4377 1242 4443 foedere,

181 4458 212 4513 in
227 4458 319 4514 socios
333 4476 413 4513 arma
426 4457 553 4514 verterit.
575 4476 603 4530 p.
618 4457 666 4513 28.
