3100 5125
87 337 183 405 -34
492 323 657 390 GENTIS
681 324 951 391 ANeLoRUM.
1223 326 1265 395 67

165 470 239 533 dem
267 469 452 537 monasterii
481 475 582 539 abbas
612 475 730 540 Petrus
758 479 927 562 presbyter
954 478 1027 553 luit,
1058 477 1113 563 qui
1141 477 1265 563 legatus
1348 514 1351 523 ,

166 555 302 621 Galliam
319 558 443 637 missus,
459 560 620 625 demersus
642 568 693 626 est
713 561 747 625 in
768 564 840 626 sinu
860 564 957 627 maris
972 564 1027 649 qui
1043 570 1176 628 voeatur
1191 566 1265 626 Am·

156 643 243 725 ficut,
259 649 293 707 et
306 645 349 707 ab
364 644 475 709 incolis
494 644 557 711 loci
575 647 706 733 ignobili
724 650 864 713 traditus
879 649 1069 735 sepultura:
1093 650 1150 713 sed
1167 650 1266 713 omni-

166 734 281 812 potens
304 730 391 794 Deus
414 739 452 796 ut
474 733 575 817 qualis
598 734 705 799 meriti
727 736 777 798 vir
797 734 895 799 fuerit
916 736 1159 814 demonstraret,
1181 736 1266 799 omni
1365 732 1367 741 ’

129 821 263 878 ronoete
291 838 389 902 supra
418 818 598 903 sepulerum
629 821 696 905 ejus
724 821 780 883 lux
812 822 947 886 caelestis
976 822 1135 907 apparuit,
1166 822 1266 885 donee

166 900 458 967 animadvertentes
483 904 588 983 vieini,
616 906 670 991 qui
694 907 846 972 videbant
875 914 1023 972 sanetum
1045 907 1142 971 fuisse
1165 906 1267 970 virum

168 986 222 1070 qui
245 985 291 1049 ibi
316 995 401 1053 esset
423 990 576 1075 sepultus,
599 998 633 1055 et
655 992 883 1077 investigantes
906 994 990 1057 unde
1009 993 1057 1056 vel
1080 992 1151 1078 quis
1174 999 1268 1068 esset,

166 1072 369 1137 abstulerunt
398 1096 523 1159 corpus,
548 1077 639 1141 etin
665 1078 811 1143 Bononia
837 1079 968 1143 civitate
995 1079 1091 1162 juxta
1116 1080 1268 1143 honorem

167 1162 261 1221 tanto
276 1158 343 1222 viro
359 1180 534 1245 congruum
548 1162 581 1224 in
596 1163 730 1228 eeclesia
744 1170 929 1250 posuerunt.

562 1312 670 1377 OAP.
695 1312 872 1377 XXXIV.

129 1420 158 1469 ¹⁵
172 1408 360 1489 UtAEdtljric
368 1434 418 1471 rer
427 1414 724 1490 Nordoalymlrorum
736 1416 892 1475 Scottorum
904 1425 997 1491 pentes
1008 1418 1105 1492 praelio
1119 1427 1268 1483 conteres,

487 1496 521 1551 ab
535 1497 686 1571 Asqlorum
693 1498 798 1571 finibus
811 1499 953 1571 expulerit.

211 1586 273 1649 His
292 1590 490 1675 temporibus
509 1612 608 1676 regno
627 1590 966 1675 Nordanhymbrorum
983 1591 1110 1676 praeinit
1132 1613 1190 1655 rex
1207 1591 1269 1655 for·
1282 1598 1428 1661 [A·D.592-]

167 1671 309 1737 tissimus
331 1682 365 1739 et
385 1675 496 1761 gloriae
518 1676 739 1762 cupidissimus
760 1677 926 1754 AEdilirid
951 1677 1004 1776 qni
1027 1676 1097 1761 plus
1123 1677 1269 1741 omnibus

168 1756 348 1843 Anglorum
376 1761 567 1845 primatibus
595 1769 724 1848 gentem
749 1764 888 1827 vastavit
917 1763 1122 1836 Brittonum3
1157 1762 1204 1827 ita
1233 1769 1269 1827 ut

169 1843 256 1907 Sauli
272 1846 432 1929 quondam
446 1848 513 1933 regi
531 1847 715 1913 israeliticae
729 1849 835 1947 gentis
851 1848 1083 1934 comparandus
1099 1847 1268 1925 videretur,

128 1937 305 2015 zoexeepto
327 1932 497 1997 dumtaxat
519 1934 589 2011 hoc,
609 1934 695 2019 quod
716 1934 831 1998 divinae
854 1941 924 1999 erat
946 1933 1106 2019 religionis
1130 1934 1269 2019 ignarus.

168 2014 271 2079 Nemo
285 2016 371 2080 enim
388 2018 421 2080 in
435 2018 583 2095 tribunis,
599 2041 691 2083 nemo
712 2022 744 2082 in
763 2020 891 2105 regibus
911 2020 1016 2105 plures
1031 2040 1141 2083 eorum
1155 2026 1268 2095 terras,

167 2102 391 2167 exterminatis
414 2105 462 2167 vel
487 2105 665 2191 subjugatis
688 2105 855 2191 indigenis,
882 2112 940 2169 aut
969 2105 1157 2169 tributarias
1180 2105 1269 2189 genti

169 2185 357 2271 Anglorum‚
383 2197 442 2255 aut
464 2190 655 2255 habitabiles
677 2191 765 2255 iecit.
810 2191 869 2255 Oui
892 2191 1008 2255 merito
1034 2198 1163 2275 poterat
1192 2191 1270 2253 illud

169 2272 255 2356 quod
277 2274 467 2339 benedicens
492 2276 593 2339 filium
657 2276 802 2341 triarcba
822 2277 856 2339 in
881 2290 1070 2362 apersonam
1094 2275 1199 2340 Saulis
1222 2276 1269 2338 di-

169 2359 272 2434 cebat,
287 2360 413 2444 aptari:
436 2362 600 2445 Boajamis
631 2384 709 2446 apae
728 2385 838 2447 ropac,
855 2384 941 2425 mooe
954 2362 1101 2426 qcomodot
1114 2362 1268 2446 pradum,

128 2452 196 2507 ἐστ
230 2466 346 2529 vespero
380 2446 496 2511 ctam
529 2448 636 2532 spolio.
696 2448 793 2511 Unde
829 2455 935 2512 motus
970 2448 1037 2531 ejus
1073 2447 1268 2533 profectibus

169 2530 298 2595 rAEdan
331 2553 389 2596 rex
427 2532 613 2599 Scottorum
642 2534 696 2620 qui
726 2534 923 2598 Brittaniam
958 2533 1150 2610 inhabitant,
1181 2533 1269 2598 venit

169 2623 282 2680 contra
301 2639 373 2680 enm
393 2640 466 2695 cum
487 2618 629 2683 inmenso
646 2643 684 2684 ac
699 2620 776 2684 forti
792 2620 955 2692 exereitu;
990 2620 1046 2682 sed
1067 2641 1139 2684 enm
1158 2619 1268 2704 paucis

167 2701 293 2787 aufugit
319 2704 431 2768 vietus.
476 2705 641 2853 Siqlrpidem
669 2705 703 2768 in
731 2707 802 2769 loeo
832 2704 1035 2770 celeberrimo
1066 2705 1119 2790 qui
1150 2704 1269 2768 dieitur

169 2786 360 2872 Degsastan,
387 2788 422 2853 id
444 2797 503 2863 est
559 2813 635 2877 egsa
659 2792 748 2877 lapis,
773 2792 876 2855 omnis
902 2810 981 2876 pene
1003 2791 1071 2874 ejus
1093 2797 1143 2854 est
1168 2810 1401 2871 caesnsrugnaue

168 2873 338 2937 exereitus.
383 2875 423 2938 In
438 2898 501 2962 qua
522 2877 621 2941 etiam
634 2900 742 2963 pugna
756 2877 959 2940 sTheodbald
975 2877 1075 2940 irater
1089 2876 1266 2952 AEdiliridi‚
1278 2882 1422 2943 Degsasmr.

169 2981 243 3023 eum
268 2960 353 3022 omni
377 2961 430 3025 illo
454 2984 547 3047 quem
572 2963 640 3048 ipse
666 2964 806 3027 dueebat
828 2961 971 3026 exercitu
997 2969 1181 3047 peremptus
1207 2968 1266 3026 est.

127 3141 130 3145 ν
168 3097 184 3134 1>
192 3101 300 3148 persono
310 3088 372 3136 V.G.
437 3091 577 3138 dromedae
588 3091 623 3138 St.
636 3091 665 3138 G.
739 3090 850 3138 rEaam
860 3089 931 3139 chia
944 3090 975 3137 V.
1048 3090 1226 3140 amoveamus
1238 3091 1267 3138 V.

170 3209 267 3250 nemnt.
278 3203 305 3251 S.
339 3203 466 3259 E'l'born,
478 3204 519 3264 qni
538 3204 574 3252 ait
589 3204 767 3252 Nathanaelem
785 3203 875 3251 obiisse
887 3206 917 3251 A.
927 3204 958 3250 D.
971 3201 1028 3266 667,
1042 3209 1068 3251 et
1079 3211 1134 3264 post
1145 3219 1200 3251 eum
1214 3219 1266 3250 mn-

170 3268 303 3315 nasterium
316 3282 415 3315 vacasse
427 3284 469 3329 per
480 3269 541 3316 duos
550 3283 635 3316 annos.

203 3341 227 3394 7.
244 3332 379 3393 clamemus]
404 3332 608 3395 Martyrologium
629 3332 792 3393 Anglicanum
810 3339 835 3380 et
850 3332 975 3380 Ferrarius
996 3333 1118 3394 [Filippus
1139 3333 1189 3380 Fer.
1211 3335 1264 3382 Cat.

168 3395 432 3459 SanctVenet.1625.]
446 3398 509 3445 Petri
518 3398 624 3445 natalem
634 3405 728 3456 ponunt
739 3396 781 3442 viii
793 3397 827 3444 id.
838 3396 906 3454 dan,
917 3397 1103 3446 Benedictinum
1115 3403 1140 3444 et
1151 3397 1268 3446 Molanns

168 3459 196 3506 iii
209 3461 258 3508 kal.
269 3461 330 3509 dun.
345 3462 414 3522 [Vid.
424 3465 479 3510 Act.
492 3464 576 3510 Sauct.
587 3463 649 3509 Bell.
658 3478 680 3511 v.
694 3463 726 3523 1.]
754 3462 826 3508 Forte
835 3461 874 3509 bie
883 3461 1060 3522 translationis,
1069 3462 1111 3509 ille
1122 3461 1204 3510 obitus
1216 3463 1268 3511 dies

168 3524 251 3573 furerit.
263 3528 287 3572 S.
321 3525 394 3572 A.D.
406 3525 462 3587 607.
474 3527 566 3574 Tborn.

201 3591 224 3636 8.
236 3591 357 3653 Amstcol]
373 3591 453 3654 Vulgo
464 3592 615 3638 Amtleteaa
630 3592 656 3638 S.
690 3591 850 3645 Ambleteuse
867 3604 915 3637 non
934 3589 1007 3651 longe
1018 3604 1033 3636 a
1046 3587 1159 3638 Bononia
1169 3592 1201 3639 ad
1212 3606 1266 3652 sep-

168 3654 324 3702 tentrionrm.

204 3733 241 3766 ro.
249 3721 335 3781 motai]
349 3719 430 3767 Pietas
440 3721 490 3767 brec
501 3719 625 3768 Fumertio
637 3719 720 3766 comiti
731 3718 847 3766 tribuitur
859 3734 873 3764 a
886 3718 1028 3765 Malebranc
1040 3717 1066 3764 in
1077 3718 1181 3766 Morinis
1190 3719 1232 3766 lib.
1241 3732 1264 3778 3.

167 3797 220 3842 rap.
234 3795 258 3839 4.
294 3785 433 3843 Rmpniereit
449 3785 532 3831 Petrus
549 3784 676 3832 celebriter
693 3783 811 3831 Bononiae
827 3783 853 3829 in
870 3782 973 3830 ecclesie
989 3782 1170 3830 canonicorum.
1205 3782 1268 3833 Vide

167 3847 321 3895 Gotselinum
333 3850 364 3896 de
375 3848 534 3896 translatione
546 3850 571 3896 S.
582 3852 685 3909 August·
698 3848 776 3897 iiras.
788 3849 811 3894 S.

201 3927 240 3959 ar.
261 3916 434 3960 exterminatis
449 3915 488 3960 vel
502 3909 652 3974 subjugalia]
674 3913 740 3960 Hinc
757 3912 913 3959 manifestum
931 3918 969 3958 est
987 3909 1118 3957 Britannos
1133 3910 1267 3959 etiamnum

166 3975 257 4024 bonnm
269 3986 363 4039 partem
375 3978 461 4025 insula
472 3978 616 4040 possedisse,
627 3985 653 4025 et
662 3977 756 4024 validos
767 3977 858 4024 fuisse:
870 3982 955 4023 eontra
967 3975 991 4021 id
1002 3975 1067 4035 quod
1076 3974 1159 4022 Gildas
1170 3976 1269 4036 scripsit

166 4041 198 4087 de
210 4041 341 4089 miserabili
353 4057 437 4089 eorum
450 4043 601 4099 subactione,
614 4057 644 4090 ne
655 4043 733 4090 dicam
745 4039 901 4097 exterminio,
914 4045 970 4087 ante
980 4045 1077 4086 centum
1090 4039 1268 4101 quinquaginta

167 4120 253 4154 annm.
277 4106 463 4168 Conf.rup.15.
498 4107 614 4154 Nondum
630 4109 696 4155 enim
713 4107 738 4153 in
756 4111 887 4152 montanas
904 4103 1015 4165 regiones
1031 4103 1226 4153 Camberlandioe
1242 4114 1267 4153 et

166 4169 302 4217 Galliarum
315 4179 471 4219 recesserant.

201 4249 240 4294 23.
252 4235 359 4295 dicebat]
374 4235 437 4282 Gen.
447 4235 508 4283 xlix.
521 4245 561 4296 27.
741 4281 743 4286 .

202 4309 240 4358 27.
253 4301 409 4361 chacrtco]
425 4301 474 4348 Hic
485 4301 564 4355 locus,
576 4300 649 4348 Beda
660 4300 742 4348 morlo
752 4305 802 4345 tam
815 4297 926 4355 celebris,
938 4297 1010 4344 hodie
1020 4297 1121 4359 ignotas
1131 4305 1176 4346 est.
1192 4300 1266 4347 Plura

167 4364 268 4412 suntin
284 4379 314 4412 ea
330 4366 429 4426 regione
445 4365 534 4426 oppida
551 4365 650 4412 nomine
666 4365 697 4411 ad
714 4365 777 4410 banc
793 4377 899 4424 pugnam
916 4361 1034 4422 probabili
1045 4362 1176 4424 appellate,
1188 4365 1268 4411 editor

167 4429 261 4476 Annsl.
273 4431 329 4476 Sax,
346 4429 464 4491 [Gibson]
484 4444 539 4476 eam
560 4429 630 4490 ponit
646 4430 677 4476 ad
693 4431 800 4476 Damon
815 4427 885 4489 juxta
903 4428 1013 4484 caritot,
1030 4426 1157 4490 episcopus
1177 4429 1268 4477 Cocliol

170 4494 302 4558 [Nicolson
310 4494 336 4559 Ξ]
350 4494 381 4542 ad
391 4497 514 4542 Dawrton
522 4493 594 4555 juxta
604 4493 757 4553 Jedbrougl.
770 4494 794 4541 S.

694 4559 752 4619 xa
