3100 5125
269 344 334 411 rec
592 344 829 408 merorum
853 341 1031 409 nocuus.
1302 345 1366 408 1v.
1384 365 1450 430 3-
1547 359 1548 368 κ

268 497 391 583 petivit.
436 498 509 562 Non
528 504 637 561 autem
656 498 771 561 mirum
792 497 818 561 si
839 497 922 561 diem
941 498 1063 574 mortis,
1084 499 1133 562 vel
1154 498 1261 583 potius
1282 499 1369 564 diem

269 583 398 647 Domini
414 583 508 647 laetus
524 583 658 668 aspexit,
679 606 772 667 quem
794 606 918 669 semper
940 585 1117 669 usquedum
1136 585 1267 663 veniret,
1283 585 1369 649 solli-

269 669 352 733 citus
367 676 551 754 exspectare
566 669 697 733 curavit.

106 761 261 836 Ceqddaede·
313 755 458 838 Namque
487 755 570 819 inter
606 754 698 840 plura
726 754 940 832 continentiae,
972 755 1169 833 humilitatis,
1200 757 1365 835 doctrinae,

104 826 214 939 {ffin
267 840 480 918 dorationum,
499 840 684 905 voluntariae
707 840 915 925 paupertatis,
941 848 975 905 et
997 849 1185 906 caeterarum
1210 843 1367 910 virtutum
1377 862 1408 910 35

186 925 193 939 ⁸
268 927 393 1003 merita,
413 926 447 988 in
470 934 596 991 tantum
620 933 691 990 erat
712 926 820 989 timori
846 927 975 990 Domini
998 928 1153 1004 subditus,
1178 927 1211 990 in
1235 935 1367 993 tautum

268 1013 510 1076 novissimorum
534 1035 663 1076 suorum
686 1011 719 1075 in
744 1012 890 1080 omnibus
915 1011 1062 1096 operibus
1086 1014 1151 1076 suis
1171 1036 1303 1092 memor,
1328 1022 1367 1079 ut

268 1099 351 1162 sicut
365 1098 443 1160 mihi
456 1099 558 1162 frater
573 1098 702 1182 quidam
716 1098 756 1160 de
775 1097 890 1181 eisqui
911 1120 962 1161 me
980 1098 1012 1161 in
1033 1099 1225 1184 eScriptnris
1242 1100 1366 1164 erudie-

268 1185 348 1248 bant
373 1191 406 1248 et
431 1183 559 1248 eratin
583 1183 776 1247 monasterio
800 1205 838 1247 ac
867 1183 1050 1268 magisterio
1074 1183 1172 1248 fillius
1199 1187 1365 1262 educatus,

154 1316 159 1327 .
268 1270 421 1334 vocabulo
445 1269 643 1346 Trumberct,
665 1269 784 1332 referre
807 1269 939 1346 solebat,
960 1271 988 1333 si
1009 1271 1092 1334 forte
1111 1271 1236 1356 legente
1255 1295 1295 1336 eo
1317 1273 1367 1336 vel

268 1355 355 1419 aliud
370 1355 446 1440 quid
460 1362 586 1440 agente,
600 1361 731 1440 repente
744 1355 841 1419 flatus
856 1355 942 1419 venti
961 1357 1064 1440 major
1078 1357 1275 1442 adsurgeret,
1291 1380 1367 1423 cou-

267 1441 358 1504 tinuo
372 1441 618 1505 misericordiam
634 1441 761 1504 Domini
775 1440 946 1516 invocaret,
962 1447 996 1506 et
1009 1464 1081 1506 eam
1097 1443 1205 1528 generi
1225 1444 1411 1516 humano4o

268 1527 434 1612 propitiari
454 1534 592 1612 rogaret.
638 1527 672 1590 si
694 1532 801 1589 autem
822 1527 988 1591 violentior
1010 1549 1089 1592 aura
1111 1528 1281 1607 insisteret,
1297 1531 1379 1614 jam⁴

268 1613 374 1676 clauso
400 1613 507 1676 codice
532 1612 710 1697 procideret
732 1612 765 1674 in
789 1612 912 1688 faciem,
938 1621 1035 1698 atque
1059 1613 1204 1678 obnixius
1228 1616 1368 1679 orationi

268 1697 473 1762 incumberet.
518 1698 566 1762 At
589 1698 615 1761 si
638 1698 775 1781 procella
797 1698 918 1776 sortior,
942 1707 999 1763 aut
1020 1699 1145 1765 nimbus
1167 1708 1367 1786 pervageret,

267 1782 316 1847 vel
331 1784 428 1848 etiam
450 1784 570 1848 corusci
587 1807 625 1848 ac
647 1782 791 1847 tonitrua
811 1790 915 1848 terras
936 1793 969 1850 et
986 1805 1061 1850 aera
1075 1792 1255 1862 terrerent,
1288 1794 1369 1851 tunc

267 1870 394 1933 veniens
409 1871 451 1934 ad
473 1870 636 1934 ecclesiam
658 1868 810 1932 sollicitus
831 1871 1027 1934 orationibus
1050 1892 1087 1935 ac
1108 1871 1249 1955 psalmis,
1265 1873 1369 1936 donec

268 1957 422 2019 serenitas
444 1956 526 2018 aeris
541 1955 668 2030 rediret,
683 1955 749 2019 fixa
763 1962 870 2020 mente
888 1961 1026 2021 vacaret.
1072 1957 1213 2041 Dumque
1232 1959 1369 2022 interro

266 2048 399 2125 garetur
411 2063 432 2104 a
446 2040 520 2117 suis,
536 2063 634 2125 quare
649 2042 709 2104 hoc
723 2041 862 2116 iaceret,
887 2041 1118 2127 respondebat:
1151 2045 1224 2106 Non
1245 2043 1410 2128 efficiens

268 2126 342 2210 qaia
351 2125 491 2190 intonuit
503 2126 541 2189 de
551 2127 628 2190 caelo
637 2127 803 2204 Dominus,
814 2133 848 2190 et
857 2127 1043 2193 Altissimus
1052 2129 1140 2192 dedit
1149 2151 1257 2193 vocem
1266 2152 1369 2194 suam.

270 2211 364 2274 Misit
378 2211 516 2296 sagitas
531 2234 614 2285 suas,
631 2219 664 2275 et
680 2212 848 2297 dissipavit
863 2235 926 2290 eos,
942 2214 1067 2299 fulgura
1084 2214 1317 2300 multiplicavit,
1334 2223 1370 2279 et

269 2297 472 2361 conturbavit
486 2319 549 2361 eos.
579 2299 683 2361 Mouet
696 2299 774 2361 enim
786 2320 860 2361 aera
869 2301 1031 2376 Dominus,
1044 2310 1142 2364 centos
1150 2301 1267 2376 incitat,
1273 2302 1370 2383 yacu-

269 2382 353 2445 batar
367 2383 510 2467 fabata,
536 2384 574 2447 de
595 2384 670 2447 eceb>
693 2384 819 2459 intereat,
839 2395 873 2448 nt
895 2387 1058 2471 taurigranus
1083 2386 1127 2449 aab
1150 2386 1315 2450 timendam
1339 2409 1371 2450 se

267 2468 396 2544 suscitet,
411 2479 445 2532 at
463 2469 554 2532 nida
574 2491 676 2533 canan
692 2470 727 2532 in
749 2471 923 2534 menterioni
934 2473 1043 2554 futuri
1054 2471 1174 2554 Jndtctt
1193 2483 1316 2550 reuocet,
1331 2483 1368 2536 at

265 2552 434 2641 snperbiam
461 2578 561 2619 airam
586 2556 721 2639 datan,
746 2566 774 2619 et
804 2555 951 2621 conturbet
975 2557 1151 2633 andanem,
1178 2559 1299 2623 adano
1321 2559 1411 2635 ad5o

265 2650 389 2707 aientem
413 2643 562 2710 tremendo
590 2641 644 2705 itio
673 2653 810 2725 tempore,
841 2644 981 2727 equanto
1007 2646 1071 2729 ipso
1100 2644 1182 2707 calis
1210 2667 1248 2708 ac
1276 2646 1368 2709 terris

265 2726 448 2803 ardentibus,
464 2738 606 2792 centanas
619 2737 660 2790 est
676 2728 711 2789 in
726 2726 852 2791 nabibus
870 2730 885 2773 h
888 2738 1031 2813 potestate
1044 2750 1156 2813 maana
1171 2741 1198 2794 at
1212 2731 1367 2813 majestate

252 2812 310 2895 *ad
321 2812 508 2895 judicandos
528 2814 611 2876 cion
631 2822 659 2875 et
679 2823 817 2876 mutuos.
864 2816 998 2899 Propter
1017 2814 1104 2901 qnod,
1125 2816 1239 2901 inquit,
1254 2826 1367 2900 oportet

265 2919 317 2960 nos
331 2898 532 2962 admonitioni
545 2899 606 2981 ejas
621 2898 736 2975 calesti,
752 2897 847 2962 debito
862 2922 928 2962 cain
950 2902 1056 2965 tinore
1077 2910 1105 2965 et
1123 2924 1223 2965 amore
1244 2924 1366 2987 remon-

265 2982 358 3054 dere,·
375 2993 409 3047 nt
422 2986 533 3067 quoties
547 3006 616 3047 aere
629 2994 775 3060 commoto,
791 3007 916 3049 manain
930 2988 1019 3070 quasi
1032 2987 1260 3070 adfhriendinn
1274 2989 1366 3051 mini

265 3077 334 3130 tans
347 3070 451 3144 eterit,
466 3091 519 3132 nec
532 3069 632 3132 adbuc
645 3080 745 3132 tamen
758 3073 901 3159 percutit,
917 3094 985 3135 inan
999 3072 1190 3157 implorantis
1204 3073 1267 3156 ejas
1281 3074 1366 3137 niba·
1377 3104 1409 3155 55

265 3154 441 3231 ricordiani,
451 3164 479 3217 et
493 3155 634 3217 damnis
642 3155 849 3239 penetralibus
863 3158 961 3220 cordis
974 3159 1080 3233 nostri,
1089 3168 1177 3243 atqae
1191 3160 1367 3244 enpamatis
1383 3169 1451 3247 146

265 3239 408 3301 citiorum
445 3239 615 3317 audenbas,
644 3240 767 3304 solliciti
800 3264 836 3305 ne
865 3264 997 3327 unqnani
1026 3243 1149 3330 pacati
1184 3268 1364 3323 nascamur,

304 3346 399 3387 amns.

211 3430 217 3441 ·
265 3345 465 3474 &Convenit
483 3418 590 3475 autem
611 3411 795 3475 revelationi
816 3419 849 3475 et
868 3413 1015 3477 relationi
1039 3415 1166 3498 praefati
1189 3415 1298 3479 fratris
1324 3416 1366 3479 de

266 3494 356 3559 obitu
376 3497 469 3580 hujus
484 3497 638 3565 antistitis
658 3498 755 3561 etiam
775 3519 878 3562 sermo
901 3500 1145 3564 reverentissimi
1164 3502 1266 3587 patris
1282 3502 1365 3587 Ecg-

265 3581 377 3659 bercti,
394 3582 434 3645 de
448 3605 511 3666 quo
525 3605 622 3666 supra
636 3583 782 3659 diximus,
799 3582 853 3667 qui
871 3585 990 3648 dudum
1013 3607 1085 3649 oum
1108 3588 1218 3650 eodem
1234 3587 1392 3651 ceaddae

264 3667 476 3745 adulescente,
500 3675 534 3732 et
556 3670 623 3753 ipse
645 3670 830 3733 adulescens
852 3669 885 3731 in
909 3670 1067 3735 Hibernia
1088 3671 1308 3736 monsahicam
1331 3673 1366 3736 in

264 3752 463 3817 orationibus
480 3761 514 3817 et
534 3754 739 3829 continentia,
755 3763 789 3818 et
804 3756 1011 3820 meditatione
1031 3757 1207 3822 divinarum
1223 3758 1366 3842 Scriptu-

264 3860 373 3902 rarum
394 3839 493 3903 vitam
513 3840 640 3903 sedulus
663 3841 790 3925 agebat.
841 3842 905 3905 Sed
928 3842 980 3905 illo
1002 3845 1207 3927 postmodum
1226 3844 1367 3929 patriam

298 3991 442 4038 donationis
454 3992 483 4038 V.
599 4002 612 4031 e
627 3992 766 4053 Scripturas
776 3994 867 4040 diuinis
878 3994 907 4041 V.
1028 3994 1193 4055 imagisteric
1204 3996 1324 4046 educatus
1336 3996 1367 4049 V.

267 4064 282 4103 ε
294 4066 351 4103 rtem
363 4055 391 4105 V.
491 4056 507 4096 h
519 4072 576 4103 rum
582 4063 706 4118 potestate
721 4058 747 4105 C.
760 4059 791 4105 L.
803 4060 865 4119 inp.
879 4058 950 4110 W.G.

299 4221 339 4274 45.
351 4212 412 4271 quia
423 4211 541 4271 intonuit]
557 4211 595 4259 Ps.
608 4212 732 4266 lxxvi.18.

299 4286 324 4331 4.
335 4275 426 4336 snpra}
439 4275 473 4323 iil.
484 4287 524 4337 27.
722 4289 724 4292 ’

299 4349 323 4397 5.
335 4340 362 4384 in
381 4339 515 4401 Hibernia]
536 4341 591 4387 Hoc
608 4348 645 4387 est
660 4341 721 4388 illud
740 4340 822 4395 Booti.
840 4341 880 4401 qui
898 4342 1019 4391 Cenddnm
1035 4345 1107 4400 dixit,
1124 4346 1295 4393 admirabilem
1314 4348 1370 4394 dor.

268 4408 344 4449 torem
356 4404 386 4448 de
397 4404 527 4463 Hibernia
538 4407 621 4451 insula
632 4409 769 4453 uenientem
782 4408 880 4453 ttatnt'ne
892 4408 1000 4465 (badda,
1008 4410 1056 4457 Vit.
1066 4410 1136 4457 Vilfr.
1150 4422 1191 4469 143
1206 4426 1261 4457 nam
1274 4412 1370 4473 Auglue

268 4465 324 4579 {pig
332 4466 439 4542 Deoida,
457 4484 522 4530 supr.
545 4468 579 4516 iii.
593 4482 633 4527 21,
653 4478 687 4527 et,
716 4470 780 4518 sicut
801 4470 905 4533 videtur,
928 4474 958 4521 de
979 4475 1106 4536 provincia
1129 4475 1368 4539 Nordhymbrorum.

292 4547 299 4577 l
315 4587 318 4590 ι
335 4546 369 4578 m.
380 4544 419 4593 23.
