3100 5125
275 337 340 401 184
606 335 843 401 HISTORIAE
866 333 1043 401 EOOLES.
1344 331 1407 396 IV.
1422 349 1454 416 3.

275 487 371 553 bodie
389 487 588 572 sequentium
606 510 732 574 quoque
748 489 918 575 provinciae
937 488 1019 552 illius
1030 510 1059 551 -e
1082 487 1263 572 iscoporum
1286 486 1381 550 sedes

111 578 190 628 maio.
276 580 336 638 est.
390 574 526 638 Fecerat
550 597 625 638 vero
653 575 713 639 sibi
741 574 937 639 mansionem
965 595 1030 638 non
1058 511 1151 658 longe
1176 572 1219 636 ab
1244 570 1381 635 eeclesia

276 659 497 733 remotiorem3
521 658 634 744 inqua
650 659 802 725 secretius
822 681 894 724 cum
914 659 1032 744 paucis,
1049 659 1155 734 idest,
1172 663 1297 742 septem
1312 657 1379 720 sive
1390 679 1417 730 ¹5

276 751 351 808 octo
371 745 533 822 fratribus,
549 745 673 830 quoties
694 769 715 811 a
736 746 845 810 labore
867 751 901 810 et
922 744 1097 809 ministerio
1119 743 1207 808 verbi
1229 743 1377 820 vacabat,

116 835 265 901 [A·D·⁶72·]
277 851 369 894 orare
391 852 429 893 ao
451 829 555 915 legere
576 831 709 895 solebat.
755 831 817 912 Qui
838 853 911 895 cum
934 831 967 893 in
988 831 1042 894 illa
1065 829 1227 915 provincia
1251 829 1379 892 duobus

276 915 368 980 aunis
378 937 416 978 ao
428 915 557 979 dimidio
566 916 729 985 ecclesiam
739 916 962 1002 gloriosissime
970 916 1114 991 rexisset,
1125 915 1228 978 adfuit
1237 935 1378 998 superno

275 1000 480 1086 dispensante
505 1001 640 1102 jndicio,
653 1008 794 1172 W,
820 1002 861 1066 de
890 1023 953 1086 quo
981 1001 1122 1086 loquitur
1144 999 1375 1064 Ecclesiastes:

277 1086 360 1165 ecta
374 1096 488 1170 memus
500 1086 639 1150 mittenda
713 1087 720 1101 ‘
770 1097 823 1165 ,ct
837 1097 951 1172 tempus
969 1086 1139 1170 colligendi.
1185 1084 1377 1168 Supervenit
1452 1149 1454 1154 ,

275 1193 414 1320 tlte
426 1171 818 1342 ‘'llltb‘ts'litt
825 1169 1416 1322 llts‘,l⁰ttl0?ti⁰³2sllt3²⁰

276 1342 475 1406 transferret.
519 1342 661 1427 Onmque
683 1343 827 1428 plurimis
849 1341 1041 1406 deecclesia
1065 1342 1206 1426 ejusdem
1231 1361 1378 1404 reveren-

276 1425 392 1491 tissimi
415 1427 572 1492 antistitis
594 1429 634 1492 de
656 1450 751 1492 carne
773 1427 956 1505 subtractis,
974 1426 1096 1492 veniret
1118 1427 1198 1490 hora
1215 1425 1318 1510 ipsius
1340 1432 1380 1490 ut

276 1512 430 1576 transiret
450 1534 491 1576 ex
512 1513 573 1577 hoc
592 1514 711 1578 mundo
729 1514 772 1577 ad
788 1513 979 1588 Dominum
1006 1511 1141 1598 contigit
1163 1512 1214 1575 die
1237 1511 1380 1595 quadam

278 1604 315 1663 ut
329 1597 362 1660 in
377 1598 514 1683 praeiata
526 1599 690 1662 mansione
703 1600 787 1663 forte
801 1599 869 1683 ipse
884 1621 956 1663 cum
973 1620 1037 1661 uno
1055 1605 1185 1662 tentum
1198 1597 1310 1673 fratre,
1326 1597 1379 1660 cui

114 1700 255 1751 0utnimo-
278 1683 465 1748 vocabulum
483 1691 554 1748 erat
569 1683 674 1762 Ouini,
689 1691 949 1763 commoraretur,
965 1683 1089 1748 caeteris
1111 1684 1179 1768 ejus
1201 1682 1298 1746 sociis
1317 1704 1379 1766 pro

116 1767 215 1816 nuum.
278 1791 376 1834 causa
400 1775 582 1855 opportuna
605 1769 649 1833 ad
678 1770 841 1834 ecclesiam
866 1769 1009 1835 reversis.
1054 1769 1138 1833 Erat
1159 1774 1270 1832 autem
1292 1767 1379 1832 idem
1387 1786 1416 1836 ²5

278 1853 374 1919 Ouini
400 1855 573 1918 monachus
597 1856 704 1941 magni
728 1855 844 1932 meriti,
870 1861 906 1920 et
927 1877 1008 1940 pura
1029 1853 1207 1918 intentione
1230 1874 1378 1937 supernae

161 1956 165 1961 '
276 1939 495 2004 retributionis
509 1941 662 2003 mundum
682 1941 911 2026 derelinquens,
926 1940 1103 2026 dignusque
1117 1961 1175 2024 per
1189 1937 1306 2014 omnia,
1324 1939 1379 2022 eui

277 2025 435 2088 Dominus
457 2025 637 2110 specialiter
660 2048 718 2090 sua
738 2027 895 2091 revelaret
915 2049 1042 2098 arcane,
1066 2024 1180 2110 dignus
1205 2024 1257 2088 cui
1280 2023 1381 2088 fidem

277 2109 422 2174 narranti
435 2109 602 2174 audientes
616 2112 905 2176 accommodarent.
929 2111 1074 2176 Venerat
1084 2110 1169 2174 enim
1179 2131 1252 2173 cum
1266 2108 1381 2194 regina

277 2194 487 2278 AEdilthryde
501 2195 542 2259 de
555 2196 717 2280 provincia
731 2196 942 2262 Orientalium
957 2196 1146 2282 Anglorum,
1163 2201 1297 2278 eratque
1314 2194 1380 2278 pri-

278 2301 349 2344 mus
363 2279 591 2357 ministrorum,
604 2288 639 2346 et
651 2281 799 2369 princeps
814 2283 927 2346 domus
941 2283 1018 2366 ejus.
1049 2281 1110 2363 Qui
1126 2302 1199 2345 cum
1213 2287 1381 2344 crescente
1389 2294 1421 2342 30

277 2365 353 2429 fidei
366 2365 489 2429 fervore
504 2367 619 2430 saeculo
633 2367 864 2432 abrenunciare
879 2368 1069 2452 disponeret,
1082 2388 1146 2430 non
1161 2367 1222 2430 hoc
1237 2365 1382 2450 segniter

277 2450 374 2525 iecit3
396 2451 452 2514 sed
466 2453 548 2515 adeo
562 2473 597 2516 se
609 2453 720 2516 mundi
734 2454 829 2518 rebus
845 2454 943 2531 exuit,
958 2459 996 2517 ut
1010 2451 1129 2517 relictis
1143 2450 1290 2516 omnibus
1306 2473 1381 2536 quae

277 2535 428 2614 babebat,
452 2536 587 2623 simplici
611 2545 740 2604 tantum
762 2538 876 2604 habitu
898 2539 1037 2616 indutus,
1060 2545 1095 2604 ct
1116 2536 1253 2603 securim
1278 2542 1381 2621 atque

277 2621 398 2687 asciam
412 2622 445 2685 in
459 2624 683 2703 manuferens,
698 2625 821 2690 veniret
835 2626 878 2689 ad
891 2623 1119 2689 monasterium
1134 2624 1275 2708 ejusdem
1289 2644 1378 2687 reve-

277 2708 448 2773 rentissimi
472 2709 584 2793 patris,
609 2711 695 2796 quod
719 2718 853 2777 vocatur
874 2704 1086 2795 Laestingaeu.
1132 2709 1206 2781 Non
1225 2708 1312 2771 enim
1334 2710 1379 2772 ad

277 2794 388 2870 otium,
410 2801 449 2858 ut
470 2795 608 2878 quidam,
631 2796 688 2859 sed
710 2796 754 2860 ed
777 2796 919 2861 laborem
942 2817 977 2859 se
1001 2794 1230 2860 monasterium
1253 2794 1379 2857 intrare

277 2878 436 2977 signabat.
490 2880 582 2960 Quod
607 2879 713 2965 ipsum
735 2880 834 2945 etiam
856 2883 944 2946 fecto
968 2880 1177 2945 monstravit:
1211 2900 1287 2943 nam
1313 2889 1417 2964 quest

278 2984 382 3027 minus
403 2964 581 3029 sufficiebat
601 2966 804 3030 meditationi
820 2966 1065 3051 scripturam,
1081 2988 1120 3030 eo
1139 2964 1275 3049 amplius
1289 2964 1380 3048 operi

277 3069 429 3112 manuum
457 3049 598 3113 studium
626 3050 840 3137 impendebat.
893 3051 1040 3137 Denique
1068 3072 1142 3115 cum
1170 3050 1321 3134 episcopo
1343 3048 1379 3112 in

299 3134 413 3197 raefata
425 3134 589 3199 mansione
607 3157 666 3219 pro
686 3158 751 3201 suae
771 3137 948 3201 reverentie
968 3135 1145 3201 devotionis
1159 3135 1245 3199 inter
1257 3135 1389 3199 iratres·

277 3156 417 3294 babitus,
433 3240 505 3281 eum
523 3220 568 3282 illi
588 3219 674 3285 intus
693 3221 823 3287 lectioni
838 3223 1003 3299 vacabant,
1020 3222 1088 3307 ipse
1107 3220 1184 3284 foris
1204 3241 1276 3305 quae
1296 3242 1378 3304 opus

278 3324 347 3366 esse
375 3304 574 3383 videbantur,
604 3307 807 3390 operabatur.
867 3307 929 3388 Qui
958 3329 1031 3371 cum
1060 3304 1112 3369 die
1143 3306 1283 3405 quadam
1310 3305 1379 3369 tale

279 3387 398 3472 aliquid
420 3388 497 3453 ioris
518 3398 638 3477 ageret,
660 3392 810 3478 digressis
831 3392 874 3455 ad
898 3392 1063 3456 ecclesiam
1085 3390 1188 3467 socils,
1211 3396 1250 3454 ut
1272 3390 1379 3454 dicere

280 3494 449 3557 coeperam,
476 3480 510 3539 et
539 3476 706 3562 episcopus
734 3477 820 3541 solus
845 3476 878 3539 in
907 3476 1048 3541 oretorio
1075 3476 1147 3553 loci,
1171 3475 1302 3540 lectioni
1327 3476 1422 3547 volso

280 3558 418 3622 orationi
439 3581 568 3644 operam
587 3562 689 3640 daret,
708 3561 833 3627 audivit
853 3570 993 3649 repente,
1013 3569 1052 3626 ut
1073 3568 1185 3647 postea
1206 3561 1378 3637 referebat,

280 3665 389 3707 vocem
406 3644 625 3711 suavissimam
645 3647 845 3711 cantantium
863 3654 961 3733 atque
981 3646 1168 3725 latentium,
1185 3646 1225 3710 de
1240 3646 1320 3711 caelo
1334 3647 1379 3711 ad

279 3806 391 3855 Ceeddoe.
424 3807 539 3856 Dirutam
556 3808 627 3856 bellis
643 3808 753 3857 civilibus
770 3808 845 3857 nitori
862 3810 989 3870 plusquam
1007 3808 1110 3870 pristino
1128 3806 1235 3856 restituit
1248 3806 1379 3868 episcopus

280 3869 415 3919 llaclsetus.
448 3873 505 3921 Fuit
515 3874 566 3920 bec
576 3873 645 3921 sedes
656 3874 682 3919 in
693 3873 925 3934 archiepiscopatum
933 3880 1016 3922 evecta
1027 3874 1072 3921 sub
1081 3874 1138 3919 Otia
1148 3872 1298 3919 Merciorum
1311 3886 1379 3931 rege,

279 3934 371 3983 Mercis
382 3943 407 3983 et
417 3937 584 3985 Orientalibus
595 3937 683 3998 Anglis
697 3938 723 3984 in
740 3938 887 3999 provinciam
900 3938 963 3985 datis
980 3953 995 3984 a
1012 3952 1073 3999 pepe
1085 3937 1223 3994 Hadriano,
1234 3935 1276 3983 sed
1293 3936 1379 3983 statim

279 3999 324 4046 sub
336 3997 418 4047 Leone
429 4014 566 4049 successore
577 4001 680 4061 pristina
690 4000 824 4049 auctoritas
835 4002 865 4048 ed
877 4002 1034 4049 cantuariam
1046 4001 1126 4049 rediit
1145 4001 1171 4049 S.

313 4076 351 4122 ι3.
363 4063 509 4126 desiccetur]
529 4064 590 4125 Ejus
601 4066 719 4113 memoris
729 4064 865 4114 celebratur
875 4066 894 4112 ii
905 4066 944 4113 die
956 4066 1050 4113 Martii.
1066 4066 1092 4113 S.

314 4128 351 4175 18.
364 4128 547 4189 Ecclesiustea]
569 4128 606 4175 iii.
617 4141 640 4190 5.

313 4203 352 4249 24.
367 4190 454 4254 Ouiae]
475 4192 505 4240 ln
522 4192 702 4255 Martyrologio
716 4192 887 4252 Benedictino,
905 4208 921 4239 v
937 4206 994 4240 non.
1012 4192 1117 4240 Martias
1133 4192 1162 4241 fit
1175 4191 1379 4239 commemoratio

271 4253 303 4300 b.
314 4255 390 4303 Ouini
400 4256 520 4304 monachi.
541 4257 584 4317 qui
595 4257 642 4305 fuit
652 4256 730 4317 maior
741 4256 849 4305 familias
860 4272 880 4305 s.
892 4256 1058 4316 AEdiltbridis,
1069 4272 1125 4305 cum
1142 4257 1174 4303 ad
1185 4270 1268 4317 regem
1280 4256 1382 4317 Ecgt'ri-

273 4318 335 4366 dnm
353 4333 442 4429 sppnsa
458 4321 597 4381 accederem
620 4322 684 4370 idem
702 4321 755 4382 ejus
774 4322 915 4382 exemplum
935 4329 1031 4370 secutus
1048 4328 1086 4369 est
1101 4336 1158 4369 cum
1175 4320 1320 4381 religionem
1340 4320 1379 4368 in·

280 4388 363 4430 traret
399 4417 405 4429 .

311 4446 350 4494 28.
363 4448 533 4510 AEdittmyde]
557 4449 619 4510 Ejus
629 4448 755 4497 historiam
767 4450 822 4498 vide
832 4449 904 4511 hujus
915 4449 971 4497 libri
982 4464 1035 4511 cap.
1047 4464 1085 4512 19.
1102 4450 1127 4498 S.

311 4523 351 4572 33.
362 4512 516 4574 etquidem]
537 4513 585 4561 Hic
598 4514 663 4561 Beda
673 4528 753 4561 meme
764 4514 801 4561 sui
815 4515 859 4562 evi
872 4515 960 4577 tangit.
983 4514 1055 4563 Coos.
1068 4515 1114 4575 Ep.
1127 4514 1157 4562 ad
1169 4513 1284 4577 Ecgbert.
1296 4512 1372 4561 infre.
