3100 5125
512 307 677 374 GENTIS
699 308 971 373 ANGLORUM.
1225 311 1290 380 149

195 459 323 537 ¹elctus,
343 459 451 544 jussus
472 464 524 522 est
543 460 586 524 ab
600 459 721 545 angelis
735 459 790 544 qui
811 481 883 523 enm
897 459 1065 538 ducebant,
1151 459 1235 524 icere
1255 460 1289 523 in

194 545 356 610 mundum.
401 544 450 608 At
473 544 524 608 ille
545 545 652 608 oculos
673 544 707 610 in
728 543 878 610 inferiora
899 544 1077 622 deflectens,
1097 545 1128 609 vi
1152 545 1177 610 't
1197 545 1289 632 quasi

195 631 307 694 vallem
323 631 523 696 tenebrosam
537 632 650 695 subtus
661 653 694 694 se
705 629 739 693 in
749 630 815 696 imo
824 631 971 714 positam.
996 630 1089 695 Vidit
1103 637 1138 697 et
1152 638 1289 716 quatuor

169 716 283 801 signes
297 716 330 778 in
344 720 427 792 abre,
443 737 507 781 non
521 716 623 780 multo
637 718 678 780 ab
693 715 826 780 invicem
843 715 948 800 spatio
965 716 1130 780 distantes.
1175 715 1221 782 Et
1242 716 1288 780 in·

194 809 361 886 terrogans
374 801 512 886 angelos,
529 801 582 884 qui
599 808 707 866 essent
728 801 761 864 hi
781 801 878 886 ignes,
894 801 1016 866 audivit
1037 802 1096 866 hos
1115 823 1185 866 esse
1199 801 1288 886 ignes

172 887 247 972 qui
261 887 414 951 mundum
429 886 655 951 succendentes
674 894 781 952 essent
802 887 1028 971 consumpturi.
1073 887 1183 951 Unum
1202 909 1288 952 men·

194 973 284 1048 dacii,
300 994 373 1036 cum
387 972 447 1036 hoc
463 973 548 1056 qnod
562 973 594 1035 in
611 973 770 1057 baptismo
790 972 1016 1036 abrenunciare
1036 994 1095 1036 nos
1110 973 1239 1037 Satanae
1254 981 1288 1036 et

193 1058 339 1122 omnibus
354 1057 501 1143 operibus
516 1058 584 1142 ejus
598 1058 807 1142 promisimus,
818 1056 946 1120 minime
957 1057 1135 1142 implemus:
1152 1059 1288 1122 alterum

193 1144 386 1229 cupiditatis,
402 1165 474 1207 cum
488 1143 597 1206 mundi
612 1143 738 1207 divitias
752 1142 853 1208 amori
868 1143 1039 1214 caelestium
1055 1143 1285 1243 praeponimus:

153 1251 184 1286 ιο
194 1231 325 1294 tertium
340 1228 550 1306 dissensionis,
565 1251 637 1293 cum
651 1228 772 1294 animos
787 1228 1119 1312 proximorum,et1am
1132 1229 1166 1292 in
1181 1251 1287 1314 super·

192 1315 300 1380 vannis
320 1317 415 1378 rebus
437 1314 595 1379 offendere
615 1337 679 1379 non
692 1313 916 1378 formidamus:
940 1320 1089 1398 quartum
1103 1314 1285 1400 impietatis,

193 1422 265 1463 cnm
293 1400 481 1464 infirmiores
510 1400 654 1485 spoliare,
681 1406 714 1464 ct
737 1400 782 1464 eis
808 1399 951 1465 fraudem
975 1400 1079 1465 facere
1106 1423 1165 1485 pro
1188 1401 1287 1466 nihilo

192 1486 343 1550 ducimus.
388 1485 574 1550 (irascentes
588 1507 662 1550 vero
684 1485 838 1570 paulatim
859 1486 948 1571 ignes
969 1487 1132 1569 usquead
1153 1487 1286 1551 invicem

191 1593 260 1636 sese
273 1572 496 1649 extenderunt,
512 1577 608 1656 atque
622 1570 661 1634 in
678 1571 853 1635 inmensam
871 1570 1005 1636 adunati
1024 1579 1098 1635 sunt
1115 1570 1284 1637 flammam.

182 1657 334 1741 ‘Cumque
367 1657 683 1742 adpropinquassent,
713 1656 937 1742 pertimescens
968 1655 1020 1721 ille
1047 1655 1126 1722 dicit
1153 1657 1283 1743 angelo:

171 1794 173 1798 .
191 1743 330 1820 Domine,
347 1765 408 1807 6666
428 1743 509 1827 iguis
528 1743 604 1806 mibi
623 1743 859 1827 adpropinquet.
904 1742 952 1806 At
970 1742 1041 1806 ille:
1068 1743 1155 1821 Quod
1166 1765 1226 1807 eea
1239 1744 1286 1806 161-

154 1852 182 1900 15
192 1828 327 1906 66611111,
348 1828 460 1911 inquit,
483 1849 542 1892 661(
561 1827 681 1893 ardebit
702 1829 752 1892 ⁸c'c
770 1837 817 1891 tc:
840 1831 913 1891 116111
931 1829 987 1891 etsi
1003 1828 1151 1892 terribilis
1166 1829 1221 1892 1616
1237 1838 1289 1894 tac

187 1915 319 1997 orcadis
335 1935 394 1978 esse
417 1935 505 1998 rogus
521 1913 649 1992 ridetur,
664 1923 763 1978 tormen
776 1914 872 1996 justo
891 1914 1000 1976 merito
1018 1935 1140 1998 operm
1157 1914 1289 1998 11619616(

182 2000 369 2077 ,ercmbrct3
402 2000 477 2086 quic
499 2000 728 2084 mrbuscujusque
752 1999 964 2083 cupiditatis
990 1999 1043 2064 boc
1068 1999 1134 2083 1916
1157 1999 1286 2064 ardebit.

192 2086 279 2148 Sicut
299 2085 380 2148 cuim
398 2086 466 2170 quis
485 2085 624 2148 ardetis
645 2105 766 2166 corpore
781 2106 843 2169 prr
861 2083 1012 2148 inlicitum
1030 2084 1218 2169 voluptutem,
1241 2086 1288 2149 ita

191 2170 302 2234 arbutus
316 2193 437 2255 corpore
456 2169 574 2234 ardebit
585 2191 645 2254 per
658 2169 790 2234 debitum
802 2191 939 2254 poertcm.
985 2170 1074 2233 Tunc
1089 2170 1168 2235 vidit
1189 2193 1287 2234 unum

193 2257 233 2319 de
246 2255 351 2320 tribus
365 2257 494 2342 angelis,
510 2255 564 2340 qni
579 2255 639 2319 sibi
654 2256 686 2318 in
702 2262 773 2320 tota
787 2262 923 2338 utraque
937 2255 1055 2320 visione
1070 2257 1217 2320 ductores
1231 2256 1286 2320 ad-

192 2341 330 2418 fuerunt,
356 2342 588 2426 praecedentem
614 2341 725 2427 uignes
748 2340 884 2405 flammae
909 2340 1057 2419 dividere,
1081 2348 1115 2406 et
1140 2342 1220 2406 duos
1244 2343 1286 2405 ab

149 2455 183 2489 20
192 2433 328 2510 utroque
339 2427 439 2492 latere
450 2426 719 2503 circumvolantes,
729 2427 770 2491 ab
782 2425 902 2512 ignium
913 2447 947 2489 se
961 2426 1099 2510 periculo
1108 2427 1285 2491 defendere.

193 2511 286 2577 Vidit
300 2519 409 2577 autem
420 2519 453 2579 et
465 2513 622 2579 daemones
633 2535 691 2597 per
704 2511 809 2598 ignem
818 2512 968 2589 volantes,
978 2511 1123 2577 incendia
1134 2512 1286 2577 bellorum

190 2604 303 2662 contra
313 2600 418 2682 justos
433 2606 564 2663 struere.
596 2599 779 2683 Sequuntur
792 2599 942 2662 adversus
956 2598 1059 2681 ipsum
1069 2598 1286 2662 accusationes

190 2683 408 2769 malignorum,
434 2684 629 2749 defensiones
655 2684 826 2769 spirituum
855 2684 1018 2760 bonorum,
1043 2682 1198 2767 copiosior
1226 2705 1285 2747 cae-

190 2768 316 2833 lestium
331 2770 491 2855 agminum
505 2770 601 2845 visio;
626 2770 682 2835 sed
698 2775 731 2833 et
745 2770 883 2833 virorum
899 2768 938 2843 de
953 2789 1011 2831 sna
1029 2769 1159 2831 natione
1173 2782 1285 2832 ¹sanc

190 2860 307 2931 torum,
331 2877 409 2939 quos
435 2856 509 2919 olim
534 2855 723 2919 ysaecrdotii
744 2855 847 2941 gradu
869 2876 932 2916 non
954 2853 1135 2937 ignobiliter
1155 2854 1284 2938 potitos,

151 2956 181 3005 25
190 2939 276 3003 fama
287 2940 354 3025 jam
365 2941 524 3039 vulgante,
540 2947 757 3025 compererat3
781 2963 803 3004 a
818 2938 932 3023 quibus
946 2960 1010 3002 non
1024 2961 1135 3023 pauca,
1150 2962 1222 3023 quae
1237 2940 1285 3005 vel

190 3024 261 3110 ipsi,
277 3026 325 3089 vel
347 3027 492 3091 omnibus
511 3026 565 3109 qni
587 3026 697 3091 andire
711 3026 838 3099 vellent,
852 3025 988 3089 multum
1009 3024 1149 3089 salubria
1169 3032 1296 3103 essent.

189 3110 322 3174 audivit.
370 3112 431 3192 Qui
446 3134 520 3175 cum
534 3112 631 3176 verba
645 3112 799 3188 finissent,
815 3116 849 3174 et
868 3132 940 3173 cum
959 3107 1107 3195 angelicis
1122 3110 1286 3194 spiritibus

190 3196 250 3281 ipsi
265 3219 390 3281 quoque
404 3198 446 3261 ad
461 3197 554 3263 caelos
569 3196 719 3274 redirent,
734 3202 954 3259 remanserunt
968 3217 1039 3258 cum
1053 3197 1150 3261 beato
1163 3197 1285 3259 Furseo

190 3288 258 3345 tres
276 3282 388 3368 angeli,
406 3282 445 3346 de
459 3282 574 3366 quibus
588 3282 735 3357 diximus,
752 3281 807 3367 qni
828 3302 900 3344 eum
921 3280 964 3345 ad
986 3303 1101 3365 corpus
1120 3281 1284 3345 referrent.

191 3367 333 3450 Cumque
354 3368 490 3467 praefato
511 3368 576 3453 igni
597 3367 736 3432 maximo
759 3366 1016 3451 ²adpr0piarent,
1031 3366 1139 3430 divisit
1159 3366 1286 3451 quidem

150 3475 183 3523 3⁰
191 3453 330 3538 angelus,
346 3453 428 3517 sicut
442 3475 541 3537 pnus,
555 3453 660 3538 ignem
674 3451 820 3516 flammae.
859 3451 923 3516 Sed
936 3450 984 3514 vir
998 3451 1060 3514 Dei
1074 3451 1129 3514 ubi
1142 3452 1184 3514 ad
1198 3459 1287 3535 pate·

190 3538 310 3601 factam
332 3561 431 3622 usque
450 3538 535 3601 inter
548 3537 691 3602 flammas
709 3539 842 3622 januam
864 3537 1015 3622 pervenit,
1031 3536 1221 3621 arripientes
1240 3538 1286 3600 in-

190 3623 299 3686 mundi
314 3624 445 3708 spiritus
459 3646 557 3686 unum
572 3623 611 3687 de
627 3624 681 3700 cis,
699 3646 777 3707 quos
798 3621 831 3684 in
851 3622 977 3707 ignibus
994 3623 1170 3697 torrebant,
1183 3624 1285 3707 jacta·

109 3773 115 3796 ὶ
190 3715 304 3773 verunt
325 3709 359 3771 in
381 3731 461 3785 eum,
485 3716 519 3773 ct
543 3709 764 3795 contingentes
786 3708 952 3772 humerum
973 3706 1195 3791 maxillamque
1216 3708 1286 3792 ejus

113 3801 124 3868 ¹,
190 3792 415 3858 incendenmt:
431 3795 641 3880 cognovitque
656 3794 824 3870 hominem,
841 3801 875 3858 et
889 3793 964 3941 quia
978 3792 1202 3856 vestimentum
1217 3794 1285 3877 ejus

120 3876 132 3934 1
190 3878 353 3943 morientis
375 3880 545 3964 acceperit,
568 3880 630 3943 aad
652 3880 836 3943 memoriam
853 3902 887 3943 re
910 3878 989 3942 uxit.
1036 3878 1136 3958 Quem
1155 3878 1285 3963 angelus

132 3965 139 4014 ἰ
190 3976 319 4028 sanctus
341 3966 452 4030 statim
473 3966 721 4049 adprehendens,
740 3966 770 4028 in
794 3966 900 4050 ignem
921 3963 1042 4048 rejecit.
1087 3963 1285 4048 Dicebatque
1339 4035 1346 4046 ,

138 4031 181 4117 ist
191 4050 293 4113 hostis
302 4050 474 4136 malignus:
488 4052 592 4114 Nolite
601 4052 742 4135 repellere
752 4071 837 4135 querc
848 4059 917 4113 cate
923 4049 1110 4133 mscepictrb:
1126 4070 1198 4111 uem
1208 4051 1286 4113 sicut

147 4133 154 4176 l
191 4134 265 4199 boec
288 4134 1101 4221 6]’61116666166166-6166ρ1111ε,116611666616616(
1116 4135 1287 4219 participes

151 4181 159 4242 i
188 4242 246 4285 erse
274 4220 389 4285 debetis
450 4220 677 4285 contradicens
706 4220 856 4305 angelus:
890 4222 972 4296 Non,
1003 4218 1115 4305 inquit,
1146 4218 1286 4305 bpropter

503 4358 622 4404 sordebit
633 4364 657 4403 te
669 4358 698 4403 V.
813 4359 859 4401 tet
871 4356 900 4402 V.
1010 4364 1026 4393 ¹¹
1037 4356 1243 4418 ignicjbrmruam
1255 4356 1283 4403 V.

283 4436 300 4467 6
326 4437 380 4468 mas
415 4455 422 4468 .
522 4432 535 4461 Χ
549 4422 689 4469 Scottorum
698 4421 727 4467 V.
828 4431 842 4467 y
854 4420 1001 4466 166116116έαὶ1
1009 4419 1073 4467 V.G.
1174 4421 1284 4482 zndpro-

208 4490 212 4497 '
230 4502 245 4533 r
302 4519 309 4532 .
410 4496 425 4525 ⁸
436 4488 462 4532 in
475 4486 504 4533 V.
603 4486 617 4523 b
629 4488 673 4532 166
681 4492 783 4547 propter
793 4484 853 4533 V.G.
