3100 5125
293 317 356 379 100
623 316 860 382 HISTORIAE
882 315 1060 382 EGOLES.
1331 315 1378 379 ΙΙ.
1394 333 1472 380 12-

292 469 367 570 igni,
383 469 462 534 vidit
479 469 586 534 subito
600 469 799 556 intempestae
814 470 917 534 noctis
937 469 1063 534 silentio
1081 469 1437 555 adpropinquantem&

293 555 354 621 srbi
375 556 533 620 hominem
555 555 660 620 vultus
682 556 873 640 habitusque
895 556 1064 642 incogniti:
1095 577 1190 640 quem
1211 555 1332 628 videns,
1356 563 1395 618 ut

294 640 438 726 ignotum
453 647 486 705 et
501 640 707 725 inopinatum,
721 663 785 704 non
799 662 912 724 parum
926 641 1064 726 expavit.
1109 640 1158 704 At
1172 639 1224 704 ille
1237 641 1395 705 accedens

294 726 446 796 salutavit
467 749 548 803 eum,
573 733 606 790 et
629 726 847 811 interrogavit,
870 749 969 810 quare
990 726 1044 789 illa
1064 726 1153 800 hora,
1176 726 1301 790 caeteris
1323 726 1394 808 qui·

294 812 473 876 escentibus
487 819 521 876 et
540 812 607 876 alto
621 833 734 896 sopore
748 812 875 896 pressis,
891 812 976 875 solus
995 812 1063 895 ipse
1082 818 1216 876 moestus
1235 811 1395 894 inlepide

293 897 424 982 pervigil
438 898 572 961 sederet.
616 898 665 961 At
687 898 738 960 ille
755 897 890 962 vicissim
909 897 1140 973 sciscitabatur,
1157 897 1234 980 quid
1254 896 1298 960 ad
1319 918 1393 958 eum

293 983 476 1066 pertineret,
492 989 600 1046 utrum
614 982 681 1067 ipse
695 983 782 1046 intus
795 1005 838 1046 en
852 983 929 1046 foris
942 989 1070 1046 noctem
1083 983 1285 1067 transigeret.
1330 982 1393 1061 Qui

293 1069 487 1152 respondens
501 1067 565 1132 ait:
581 1069 633 1132 Ne
645 1090 691 1132 use
705 1069 903 1131 estimatae
917 1068 1068 1132 moestitiae
1082 1077 1110 1131 ct
1122 1068 1349 1140 imomuicrum,
1364 1077 1434 1131 etts

286 1153 450 1235 foriestos
468 1163 495 1217 et
515 1153 663 1217 eotitctioe
678 1154 814 1217 sessionis
831 1175 954 1216 curuum
967 1154 1101 1217 tueare:
1123 1154 1184 1216 scio
1198 1153 1277 1216 caim
1290 1153 1394 1215 Μίε-

293 1239 367 1302 simc
381 1239 435 1323 qui
448 1260 485 1316 es,
501 1248 529 1302 et
543 1261 636 1323 quare
650 1261 759 1314 meros,
775 1249 802 1302 et
816 1261 884 1323 quc
898 1249 1025 1302 coctura
1039 1237 1095 1302 tibi
1109 1239 1144 1301 iu
1153 1238 1294 1322 prosimu
1306 1238 1394 1301 cata

285 1325 451 1407 fumidus.
497 1324 559 1388 sac
572 1324 663 1388 dicito
677 1323 753 1386 mttt
768 1324 846 1408 quid
858 1324 983 1387 dmm
997 1324 1073 1388 dure
1087 1322 1160 1386 ociis
1174 1325 1211 1400 ei,
1226 1323 1255 1386 ei
1270 1324 1325 1407 qui
1342 1324 1392 1400 eit,

294 1409 348 1493 qui
368 1410 416 1472 tc
434 1419 462 1474 tc
482 1408 655 1474 mercibus
673 1408 814 1484 ctsctcct,
828 1417 856 1472 et
873 1409 1033 1472 &abactio
1050 1409 1187 1481 madeat,
1206 1419 1240 1472 ct
1257 1430 1310 1472 m
1329 1409 1394 1492 ipse

294 1493 351 1558 tibi
365 1495 489 1580 aliquid
504 1494 581 1558 aucti
594 1495 709 1578 soum,
725 1516 778 1558 uec
791 1495 852 1558 tuis
866 1505 893 1557 te
906 1493 1034 1558 iodim
1047 1494 1259 1578 petmccidatm
1273 1493 1391 1558 tradat.

295 1579 356 1660 Qui
371 1602 443 1644 cum
457 1603 491 1644 se
508 1579 614 1644 omnic
628 1601 698 1664 quae
712 1587 830 1663 posset,
846 1580 919 1642 huic
933 1579 991 1643 tali
1006 1601 1065 1663 pro
1080 1579 1224 1642 mercede
1245 1578 1392 1642 beneficii
1400 1590 1441 1654 93

294 1665 444 1730 daturum
459 1688 527 1729 esse
542 1666 756 1748 responderet,
773 1664 891 1748 adjecit
911 1664 978 1728 ille:
1005 1664 1129 1743 Quidci
1142 1664 1237 1728 etiam
1252 1685 1351 1749 repam
1363 1674 1392 1728 te

285 1752 432 1831 fcturum
446 1752 595 1815 actiacis
609 1750 737 1814 testibus
750 1751 786 1812 iu
799 1751 925 1814 cmtctc
931 1751 1103 1834 promittat,
1116 1749 1163 1812 ite
1176 1759 1210 1813 ut
1222 1770 1283 1812 cco
1296 1749 1394 1813 sctum

293 1857 390 1900 omues
411 1847 474 1900 tuce
492 1837 705 1920 propecitcres,
720 1837 772 1899 sed
792 1845 821 1898 et
841 1856 939 1898 coccos
955 1836 1009 1919 qui
1027 1845 1097 1898 cute
1115 1845 1145 1897 te
1161 1855 1241 1918 repes
1256 1836 1292 1897 ic
1307 1845 1393 1918 ponte

293 1921 463 2006 Acpbrum
483 1922 625 2003 fueraut,
652 1930 796 2005 potestate
823 1916 1042 1984 transcendes?
1086 1918 1136 1985 At
1164 1919 1290 1982 AEduin
1318 1941 1392 1982 con-
1526 1982 1527 2019 ,

293 2005 431 2070 stantior
452 2005 679 2090 interrogando
700 2007 813 2082 iactus,
835 2027 900 2068 non
921 2005 1079 2069 dubitavit
1099 2004 1297 2089 promittere,
1315 2006 1416 2088 quint
1526 2022 1527 2027 ¹

294 2090 323 2153 ci
349 2090 404 2174 qui
430 2097 524 2156 tanta
549 2090 609 2155 sibi
640 2091 793 2156 beneficia
817 2092 962 2167 donaret,
987 2091 1089 2176 dignis
1118 2091 1186 2174 ipse
1214 2091 1393 2175 gratiarum

292 2175 470 2240 actionibus
489 2177 704 2260 responderet.
749 2175 832 2239 Tum
846 2176 898 2240 ille
912 2175 1027 2240 tertio:
1053 2177 1091 2240 Si
1107 2186 1217 2252 cotom,
1235 2175 1349 2260 inquit,
1364 2178 1395 2239 is

293 2261 347 2345 qui
372 2261 429 2325 tibi
451 2271 538 2326 tuctu
562 2263 696 2346 tcb'cquc
724 2261 805 2325 dccc
830 2261 977 2324 vocabu
1001 2262 1171 2325 advectura
1192 2261 1391 2344 prccdieerit,

291 2347 383 2409 etiem
397 2348 555 2412 consitium
570 2347 626 2410 tibi
641 2358 700 2411 tuce
713 2347 822 2410 salutis
835 2367 874 2410 ac
888 2346 959 2410 citoe
969 2346 1075 2410 nutius
1085 2356 1173 2430 atque
1183 2345 1291 2410 utilius
1299 2368 1393 2430 quom

292 2431 407 2516 uliquis
420 2433 457 2496 de
471 2433 531 2496 tuis
539 2431 720 2517 pareatibus
735 2442 791 2496 cut
804 2432 936 2516 oopcctie
950 2453 1084 2516 utquam
1097 2431 1227 2508 audivit,
1243 2433 1392 2495 ostendere

287 2517 429 2601 potuerit,
446 2541 519 2583 occu
538 2519 566 2583 ei
587 2517 792 2603 obtemperare,
808 2527 836 2582 ct
855 2517 969 2582 matta
988 2518 1051 2600 ciue
1068 2516 1224 2581 salutaria
1241 2518 1392 2601 scopere

293 2605 461 2668 consecute?
507 2604 573 2667 Neo
588 2604 713 2669 distulit
727 2604 853 2667 AEduin
868 2604 944 2687 quin
963 2604 1114 2667 continuo
1135 2602 1338 2688 polliceretur
1357 2603 1391 2665 in
1404 2622 1434 2655 ¹0

293 2689 438 2753 omnibns
459 2712 493 2755 sc
515 2697 695 2754 secuturum
718 2688 896 2753 doctrinam
917 2687 1009 2765 iilius,
1028 2688 1082 2772 qui
1104 2710 1138 2751 se
1157 2693 1210 2751 tot
1230 2709 1268 2752 ac
1289 2688 1391 2751 tantis
1526 2707 1528 2812 p

293 2774 528 2839 calamitatibus
558 2783 711 2859 ereptum,
737 2775 780 2838 ad
808 2772 897 2859 regni
926 2774 1049 2921 apicem
1077 2774 1274 2857 proveheret.
1320 2774 1391 2853 Quo

292 2868 424 2943 accepto
448 2883 609 2945 responso,
635 2860 802 2924 confestim
826 2858 931 2943 isqui
965 2860 1143 2943 oquebatur
1165 2880 1238 2922 cum
1263 2880 1311 2935 eo,
1333 2860 1391 2923 im-

292 2944 400 3027 posuit
421 2946 586 3010 dexteram
608 2968 698 3009 suam
719 2945 817 3030 capiti
838 2946 915 3030 ejus,
931 2944 1055 3008 dicens:
1082 2945 1160 3007 (tum
1179 2944 1231 3007 too
1249 2965 1318 3027 erpo
1334 2944 1392 3009 tibi

292 3030 410 3111 siccum
424 3031 605 3106 ecrctoeccrit,
621 3041 759 3094 ctcmouto
777 3031 866 3113 tusce
879 3030 1027 3114 temporie,
1041 3050 1080 3093 cc
1093 3029 1217 3113 bouetoe
1230 3039 1348 3106 nostre,
1364 3040 1393 3094 ct

289 3118 329 3177 ‘cc
343 3137 410 3198 quc
424 3138 503 3178 ccccc
518 3116 673 3200 promittis
686 3116 854 3201 cdimpbro
871 3137 907 3179 ue
923 3116 959 3179 dt
980 3136 1057 3179 cruci
1102 3115 1147 3179 Et
1168 3114 1218 3178 his
1234 3114 1337 3191 dictis,
1354 3122 1392 3179 ut
1404 3130 1433 3178 ¹5

292 3200 407 3277 ferunt,
421 3209 550 3283 repente
565 3200 733 3285 disparuit,
746 3208 783 3265 ut
797 3200 987 3287 intedigerct
1001 3222 1064 3263 non
1079 3200 1238 3264 hominem
1253 3221 1323 3263 esse
1337 3201 1391 3285 qui

293 3283 352 3346 sibi
367 3284 576 3368 apparuisset,
592 3286 648 3349 sed
663 3286 819 3370 spiritum.
1526 3315 1527 3376 t

337 3369 382 3433 Et
402 3392 472 3433 cum
494 3371 598 3455 regius
615 3372 738 3457 juvenis
753 3372 838 3436 solus
857 3371 960 3435 adbuc
981 3370 1098 3435 ibidem
1114 3370 1248 3447 sederet,
1263 3370 1392 3469 gavisus

294 3454 420 3537 quidem
435 3456 475 3519 de
490 3456 605 3521 collata
623 3456 683 3520 sibi
702 3456 942 3531 foonsolctione,
958 3456 1015 3519 sed
1036 3455 1171 3519 multum
1190 3456 1332 3523 solicitus
1353 3480 1392 3521 ac

292 3546 399 3603 mente
423 3541 532 3605 sedula
552 3542 696 3626 cogitans
718 3541 788 3625 quis
810 3545 894 3604 esset
915 3540 975 3617 ille,
996 3540 1044 3603 vel
1066 3541 1150 3604 unde
1170 3542 1315 3605 &veniret
1336 3543 1391 3625 qui

292 3624 361 3687 haec
376 3624 435 3688 sibi
450 3626 642 3711 loqueretur,
657 3626 744 3691 venit
765 3627 808 3690 ad
828 3647 899 3689 cum
918 3624 1071 3709 praefatus
1089 3626 1211 3689 amicus
1229 3625 1321 3704 illius,
1336 3628 1389 3691 iae-
1402 3643 1436 3676 ²0

292 3716 390 3793 toque
411 3712 500 3776 vultu
523 3712 666 3777 salutans
688 3734 777 3775 eum:
806 3712 911 3797 Sicyo,
933 3710 1046 3794 inquit,
1066 3712 1161 3787 iutro,
1184 3721 1213 3775 ct
1231 3712 1336 3796 sopitis
1354 3736 1392 3777 cc

293 3794 404 3859 relictis
426 3819 571 3862 curarum
592 3796 802 3875 contactibus,
825 3797 919 3882 quieti
940 3794 1069 3859 menbra
1090 3795 1185 3859 amul
1204 3807 1233 3859 et
1253 3798 1392 3861 ocimum

293 3902 439 3965 composta,
465 3884 539 3967 quic
566 3882 734 3945 hutctctcm
759 3892 800 3945 cst
825 3904 875 3945 cor
901 3881 986 3966 repis,
1014 3902 1066 3944 occ
1090 3879 1147 3944 tttt
1168 3881 1293 3967 cttqctt
1315 3884 1392 3947 muti

284 3965 400 4047 facere,
423 3968 475 4029 sat
486 3967 582 4049 fidem
596 3967 701 4051 potius
715 3967 888 4051 potbicitcm
908 3988 1028 4029 moure
1050 3966 1203 4048 dispertit:
1220 3978 1392 4067 postquam

292 4050 371 4112 cuitu
385 4052 588 4135 cocitctioucm
601 4073 696 4125 eccm,
713 4052 750 4116 cte
763 4075 824 4137 quc
842 4052 898 4115 tibi
917 4060 986 4115 cute
1004 4051 1084 4127 dici,
1098 4051 1212 4135 reyicoe
1230 4073 1265 4115 cc
1283 4064 1392 4117 sacrem

293 4135 443 4213 recedicit,
460 4138 608 4202 reuocauit
627 4160 691 4201 cum
712 4138 769 4203 itu
787 4136 826 4201 cb
847 4137 1018 4213 iutcotionc,
1033 4157 1203 4204 cmmorteue
1216 4138 1291 4222 quic
1303 4138 1391 4201 octbr

293 4220 408 4283 ratioet
422 4223 575 4285 ccccccict
588 4232 670 4286 tccto
684 4224 748 4309 rapi
762 4223 894 4287 accim
906 4243 995 4286 cutm
1008 4222 1154 4305 optimam
1173 4224 1209 4285 io
1225 4224 1391 4288 moedau
1400 4247 1431 4295 25

326 4362 340 4400 d
352 4364 470 4409 mercedis
481 4363 542 4409 V.G.
603 4374 617 4403 e
629 4365 673 4411 titi
683 4365 813 4411 advenas
825 4366 854 4412 V.
917 4366 928 4403 f
933 4368 981 4427 piu
991 4380 1023 4412 ac
1035 4366 1145 4425 tentem
1155 4370 1318 4415 emnam
1330 4369 1391 4416 V.G.

292 4434 308 4475 ἓ
320 4427 423 4499 recuset
435 4426 464 4473 V.
566 4426 576 4459 *¹
588 4429 748 4476 immutatum
760 4428 791 4476 V.
