3100 5125
284 314 327 375 ao
605 311 841 376 nassonia
864 310 1041 377 aeonas.
1354 308 1382 373 1.
1398 330 1467 395 9-

283 464 419 529 insulam
440 470 534 527 extra
555 466 664 529 orbem
685 472 755 529 tam
776 465 870 551 longe
891 468 1048 527 remotam
1062 482 1183 525 veneno
1204 461 1253 526 sui
1275 460 1385 527 infecit

284 550 419 615 erroris:
443 556 477 614 et
491 550 552 613 hac
567 551 657 634 quasi
672 551 722 615 via
732 549 922 635 pestilentiae
939 556 1029 613 trans
1043 568 1196 611 oceanum
1210 548 1382 632 patefacta,

284 658 348 699 non
363 657 454 699 mora
467 636 612 701 omnisse
621 636 690 701 lues
700 637 857 701 haereseos
871 635 1031 719 cujusque,
1047 632 1156 696 insulae
1172 633 1244 698 novi
1259 654 1383 719 semper

284 720 403 805 aliquid
417 722 528 786 audire
542 722 695 807 gaudenti
706 730 741 787 et
750 722 829 785 nihil
843 720 922 785 certi
936 719 1071 783 firmiter
1085 718 1242 783 obtinenti
1257 718 1381 785 infudit.
1392 743 1424 792 25

126 806 273 868 ill-Doetl
329 807 391 869 His
400 808 596 892 temporibus
607 808 829 874 rConstantius
841 806 1027 892 quivivente
1039 803 1238 869 Diocletiano
1248 805 1384 869 Galbam

122 872 245 985 gppstan-
286 892 536 977 Hispaniamque
551 894 692 979 regebat,
704 894 753 957 vir
766 916 897 957 summae
911 890 1162 955 mansuetudinis
1177 896 1211 955 et
1225 890 1384 956 civilitatis

284 979 318 1042 in
333 978 494 1043 Brittania
504 986 624 1043 smorte
638 980 727 1043 obiit.
765 980 829 1043 Hie
845 976 1089 1043 Constantinum
1103 975 1202 1039 lilium
1217 998 1257 1040 ex
1272 999 1383 1041 concu-

285 1063 360 1127 bina
372 1064 498 1128 Helena
508 1068 665 1129 tcreatum
679 1066 905 1151 imperatorem
915 1063 1088 1127 Galliarum
1102 1062 1238 1146 reliquit.
1266 1063 1384 1127 Scribit

123 1155 245 1231 oonstan.
284 1157 393 1213 autem
413 1149 597 1235 Eutropius,
613 1152 698 1235 quod
717 1150 946 1216 Constantinus
960 1149 993 1211 in
1007 1147 1169 1213 Brittania
1186 1155 1312 1213 creatus
1327 1148 1382 1212 im-

124 1228 198 1267 ⁸¹¹¹¹¹⁸
284 1242 423 1320 perator,
432 1236 518 1320 patri
529 1236 561 1298 in
572 1259 705 1335 regnum
713 1236 917 1301 successerit:
940 1235 1028 1320 eujus
1036 1234 1234 1319 temporibus
1243 1234 1383 1299 Arn'ana
1392 1260 1425 1307 30

285 1320 414 1385 haeresis
434 1328 547 1385 exorta
561 1329 595 1386 et
608 1345 641 1385 rn
657 1323 788 1387 Nicaena
811 1323 929 1407 synodo
953 1323 1080 1386 detecta
1101 1326 1198 1404 atque
1220 1320 1381 1397 damnata,

285 1406 487 1470 nihilominus
512 1408 671 1473 exitiabile
701 1409 841 1493 perfidiae
872 1430 936 1472 suae
960 1407 1054 1483 virus,
1081 1412 1119 1470 ut
1148 1405 1293 1483 diximus,
1319 1428 1383 1469 non

285 1492 386 1556 solum
401 1493 487 1557 orbis
502 1493 602 1557 totius
617 1496 673 1559 sed
687 1501 722 1559 et
736 1495 909 1559 insularum
925 1492 1061 1557 eeclesiis
1075 1491 1221 1576 aspersit.

735 1686 844 1753 OAP.
870 1688 934 1751 IX.

311 1802 350 1859 Ut
361 1810 489 1877 regnante
505 1802 639 1858 Gratiam
652 1802 794 1857 Marinus
807 1803 836 1857 in
849 1801 989 1858 Brittania
1004 1802 1151 1875 imperator
1165 1806 1282 1862 aranu,
1298 1816 1356 1855 cum

576 1902 671 1957 magno
684 1884 804 1939 ecerdtu
817 1892 833 1923 ¹¹
842 1882 960 1938 Galliam
974 1882 1095 1937 redierit.

129 1972 268 2034 alam.
328 1975 425 2039 Auno
446 1978 488 2040 ab
510 1975 728 2040 incarnatione
755 1975 883 2039 Domini
908 1975 1130 2039 trecentesimo
1152 1971 1383 2057 septuagesimo

129 2037 270 2150 Grlffggssm·
285 2062 420 2145 septimo
443 2062 619 2126 Gratianus
638 2061 898 2147 quadragesimus
918 2063 960 2126 ab
975 2061 1134 2146 Augusto,
1155 2065 1230 2144 post
1248 2064 1406 2121 mortems
1456 2069 1459 2075 '

287 2147 434 2212 Valentis
446 2171 502 2212 sex
513 2148 604 2211 annis
615 2148 782 2233 imperium
793 2148 915 2222 tenuit;
936 2147 1078 2233 quamvis
1089 2146 1277 2231 jamdudum
1288 2150 1385 2208 antea

285 2256 356 2297 cum
367 2241 484 2319 patruo
496 2234 642 2310 Valente,
653 2240 686 2297 et
701 2256 773 2297 cum
789 2233 1015 2297 Valentiniano
1030 2233 1129 2296 fratre
1145 2236 1314 2329 regnaret:
1331 2229 1384 2313 qui

122 2341 235 2388 Theodo-
285 2342 357 2383 cum
365 2320 529 2383 adflictum
537 2325 660 2404 etpene
668 2320 841 2404 collapsum
850 2319 1028 2403 reipublicae
1039 2317 1295 2392 statumvrderet,
1303 2316 1384 2378 The-

122 2406 173 2453 ⁸5⁰³
187 2406 206 2454 ¹·
284 2405 427 2469 odosium
442 2406 644 2490 ¹Hispauum
658 2405 769 2483 virum,
781 2406 986 2469 restituendae
1000 2404 1179 2489 reipublicae
1195 2400 1383 2465 necessitate

285 2490 535 2576 apudSyrmium
543 2488 1194 2576 purpurainduit‚0rientisqueetThraciae
1204 2488 1296 2550 simul
1305 2509 1383 2573 prae-

123 2577 257 2625 Maximus.
285 2577 360 2641 fecit
374 2578 518 2664 imperio.
550 2578 619 2659 Qua
633 2584 827 2662 tempestate
845 2578 1015 2654 Maximus,
1031 2577 1079 2641 vir
1093 2575 1220 2659 quidem
1235 2581 1382 2637 strenuus
1395 2600 1425 2636 ιο

285 2669 319 2727 et
334 2666 461 2748 probus,
477 2672 573 2748 atque
588 2664 737 2748 Augusto
753 2664 866 2748 dignus
881 2664 942 2726 nisi
957 2667 1068 2727 contra
1083 2660 1274 2725 sacramenti
1288 2660 1383 2722 fidem

285 2771 344 2832 per
362 2750 562 2834 tyrannidem
582 2749 770 2826 emersisset,
788 2749 820 2812 in
838 2748 1000 2814 Brittania
1019 2748 1136 2811 invitus
1156 2746 1384 2832 propemodum

285 2835 327 2897 ab
343 2837 483 2901 exercitu
497 2836 671 2918 imperator
684 2842 812 2899 creatus
827 2835 859 2897 in
877 2835 1013 2898 Galliam
1033 2833 1172 2897 transiit.
1216 2831 1288 2894 thi
1304 2832 1383 2896 Gra-

286 2920 409 2983 tianum
434 2923 617 3006 Augustum
646 2921 753 2984 subita
783 2920 960 2984 incursione
989 2919 1195 3004 perterritum
1223 2924 1321 3001 atque
1350 2917 1383 2978 in

287 3005 415 3068 Italiam
435 3005 572 3069 transire
593 3005 810 3082 meditantem,
838 3006 918 3069 dolis
941 3005 1189 3068 circumventum
1214 3001 1381 3079 interfecit,

284 3092 479 3174 fratremque
511 3091 579 3174 ejus
609 3090 870 3155 Valentinianum
899 3091 1083 3176 Augustum
1121 3089 1216 3153 ltalia
1252 3088 1381 3173 expulit.

123 3169 273 3218 valentinia-
287 3174 530 3239 Valentinianus
556 3175 588 3237 in
615 3175 779 3240 Orientem
804 3176 972 3261 refugiens,
998 3199 1018 3239 a
1044 3174 1223 3238 Theodosio
1248 3180 1422 3258 paterna15

123 3251 176 3283 '¹¹¹⁸‘
285 3261 408 3345 pietate
430 3268 603 3345 susceptus,
625 3284 700 3324 mox
722 3261 820 3326 etiam
841 3261 973 3347 imperio
995 3261 1163 3325 restitutus
1186 3266 1252 3324 est:
1277 3259 1383 3322 clauso

317 3463 329 3492 r
350 3453 525 3501 Constantinus
536 3455 561 3502 S.
574 3469 605 3501 ex
616 3469 697 3502 errore
705 3454 858 3517 typographi.
920 3464 931 3494 ¹
949 3460 1052 3500 mortem
1065 3453 1092 3500 V.
1107 3453 1136 3500 G.
1201 3452 1211 3491 t
1223 3459 1385 3514 porrectum

285 3517 359 3630 &litigi
368 3518 442 3630 aplos.
574 3529 590 3557 ¹1
606 3521 633 3566 in
648 3520 758 3566 Galliam
770 3519 800 3568 V.
945 3529 960 3557 Χ
977 3521 1059 3566 viriam
1074 3517 1215 3580 Hispanum
1226 3517 1297 3566 cutfl.
1310 3517 1383 3566 solus.

318 3727 358 3774 28.
370 3728 516 3789 concubina]
538 3727 631 3776 Contra
642 3736 724 3776 autem
733 3728 867 3790 Eutropius
879 3727 1012 3784 scribitur
1020 3728 1152 3776 obscuriori
1160 3730 1384 3788 matrimonium.

319 3805 357 3853 29·
370 3794 398 3839 in
406 3793 539 3841 Brittania
549 3799 649 3840 nentur
658 3793 804 3854 imperator]
824 3793 957 3854 Eutropius
968 3793 1011 3840 lib.
1022 3808 1045 3840 x.
1069 3791 1217 3840 Lauduudus
1228 3801 1266 3841 est
1276 3793 1384 3842 hocloco

284 3856 455 3917 Purapbrastea
472 3858 554 3918 regius
567 3857 610 3918 qui
627 3857 788 3906 antecessoris
803 3858 841 3904 sui
857 3857 1015 3905 Constantini
1032 3857 1144 3905 natalitia
1161 3859 1216 3906 huic
1233 3858 1318 3906 insula
1334 3872 1384 3906 suas

284 3921 398 3969 vendicat
408 3926 434 3968 iu
446 3922 646 3982 interpretatione
655 3921 784 3969 Saxonica.
811 3923 843 3969 Et
855 3922 942 3968 merite
954 3923 1056 3977 factum,
1067 3923 1109 3970 sed
1121 3922 1145 3969 id
1157 3937 1207 3969 non
1219 3930 1323 3972 testatur
1334 3925 1383 3972 Eu-

285 3986 388 4045 tropius,
401 3993 513 4033 neutum
524 3988 696 4047 imperatorem
707 3987 801 4047 dicens,
815 4001 863 4032 non
876 3987 1060 4046 nutumfilium.
1072 3987 1098 4034 S.

321 4063 358 4098 ιο.
374 4053 415 4096 uir
426 4051 528 4110 protus]
553 4050 638 4111 Longe
657 4048 730 4098 aliam
747 4051 777 4098 de
792 4050 903 4099 Maximo
920 4050 1000 4098 ideam
1018 4051 1086 4098 dedit
1102 4049 1173 4099 nobis
1192 4066 1235 4112 pro
1255 4065 1323 4100 more
1340 4065 1386 4099 suo

284 4114 391 4175 satyrice
400 4114 494 4172 Gildus‚
506 4115 548 4161 sed
560 4115 628 4162 Bida
639 4114 677 4162 bic
689 4115 749 4163 alios
757 4123 870 4164 auctores
880 4116 1005 4174 Orosium,
1015 4124 1039 4163 et
1050 4116 1194 4178 Prosperum
1206 4116 1323 4177 sequitur.
1341 4118 1365 4164 S.

320 4191 356 4224 ιι.
369 4180 463 4225 inritus
469 4180 655 4241 prpemodum]
678 4180 733 4227 Hoc
745 4181 870 4228 Maximus
879 4181 930 4241 ipse
942 4182 965 4227 S.
976 4180 1086 4229 Martiuo
1097 4181 1220 4242 professus
1231 4189 1276 4238 est,
1288 4189 1316 4229 ut
1328 4181 1384 4229 Sul-

285 4241 360 4302 pitius
371 4243 474 4289 Seram
485 4243 509 4289 iu
522 4243 573 4291 vitu
585 4243 688 4291 Martini
697 4245 742 4292 sub
754 4245 836 4292 finem.
854 4245 917 4306 [an]
934 4246 959 4293 S.

323 4320 358 4354 η.
366 4305 406 4352 Iti
417 4307 580 4368 Gratianum]
597 4308 728 4356 Gratianus
737 4310 836 4357 Parisiis
844 4310 1001 4358 Merobaudis
1008 4308 1120 4370 magistri
1130 4309 1235 4358 militum
1245 4310 1383 4370 proditioue

284 4377 411 4430 superatus
422 4372 551 4432 effugiens,
565 4372 677 4433 Lugduni
696 4382 781 4434 captus
797 4381 870 4436 atquc
885 4374 981 4422 occisus
992 4380 1038 4432 est,
1051 4375 1162 4434 Prosper.
1172 4375 1202 4423 ad
1214 4389 1237 4422 a.
1250 4373 1307 4436 385.
1335 4375 1383 4423 Sed

283 4435 339 4483 ride
349 4435 423 4496 Greg.
435 4435 497 4482 Tur.
509 4436 526 4483 i.
539 4437 578 4497 38.
590 4451 630 4496 43.
642 4444 667 4484 et
678 4438 772 4486 Socrat.
789 4439 854 4486 Hist.
868 4439 934 4488 Eccl.
946 4455 969 4486 v.
981 4453 1018 4488 11.
1032 4440 1057 4488 S.
1092 4439 1226 4488 Gratianus
1240 4439 1336 4488 occisum
1346 4445 1384 4487 est

284 4499 352 4548 Coss.
367 4499 515 4548 Merobaude
526 4508 551 4548 et
562 4501 696 4549 Saturnino
708 4503 773 4551 A.D.
786 4503 843 4565 3832
