3100 5125
505 267 668 368 cnnrrs
692 303 964 368 arenosum
1219 308 1278 369 141

107 454 389 538 118postmodum
412 454 589 540 castigandi
615 456 709 539 hujus
732 456 882 520 facinoris
910 457 1025 542 gratia,
1056 458 1282 521 monasterium

187 544 405 603 constructum
418 547 486 604 est:
511 540 621 624 inquo
642 563 701 626 pro
720 541 885 626 utriusque
906 543 1000 627 regis,
1017 550 1051 605 et
1065 544 1159 606 occisi
1174 543 1282 607 rideli-

187 631 249 701 cet,
266 631 299 688 et
317 625 384 709 ejus
405 625 459 709 qui
479 625 622 689 occidere
642 626 747 710 jussit,
770 628 886 691 enimse
908 627 1126 713 redemptione
1149 629 1282 693 scotidie

187 709 325 776 Domino
339 732 448 796 preces
463 711 570 775 offerri
585 712 747 776 deberent.

231 795 315 860 Erat
340 802 449 861 autem
468 819 529 861 rex
554 796 665 860 Osuini
694 804 729 861 et
757 805 890 883 aspectu
913 805 1073 874 venustus,
1100 806 1134 862 et
1156 804 1283 862 statura
1291 815 1379 862 osuini
1392 833 1410 862 r.

162 881 390 958 5-sublimis,.et
403 882 503 946 affatu
522 883 689 967 jucundus,
705 889 738 946 et
758 883 900 947 moribus
921 883 1029 961 civilis,
1043 891 1078 948 et
1099 905 1195 948 manu
1217 883 1393 946 om-issddffi·

188 967 289 1043 nibus,
306 968 355 1030 tid
375 975 433 1044 est,
449 969 606 1032 nobilibus
629 967 832 1052 simulatque
846 969 1035 1055 ignobilibus
1050 971 1176 1055 largus:
1200 969 1283 1032 unde

187 1051 324 1138 contigit
345 1059 382 1116 ut
404 1055 445 1118 ob
467 1053 588 1139 regiam
604 1055 672 1138 ejus
690 1060 724 1117 et
743 1054 850 1130 animi,
867 1062 900 1119 et
916 1056 1029 1133 vultus,
1045 1062 1080 1119 et
1098 1055 1285 1118 meritorum

187 1137 377 1222 dignitatem
399 1141 440 1203 eb
456 1140 600 1204 omnibus
623 1139 816 1224 diligeretur,
832 1147 866 1204 et
887 1140 1025 1225 undique
1042 1142 1085 1204 ad
1106 1141 1174 1225 ejus
1194 1139 1284 1202 mini-

187 1223 320 1286 sterium
346 1225 386 1288 de
411 1225 532 1288 cunetis
560 1246 660 1309 prope
689 1224 857 1310 provinciis
883 1226 943 1288 viri
972 1226 1070 1290 etiam
1099 1225 1284 1290 nobilissimi

188 1317 421 1374 concurrerent.
466 1311 563 1394 Oujus
580 1310 665 1373 inter
684 1317 818 1374 caeteras
832 1311 960 1375 virtutis
979 1320 1034 1375 uet
1050 1312 1224 1386 modestiae,
1240 1317 1283 1387 et,

188 1400 226 1457 ut
245 1394 293 1458 ita
315 1395 427 1471 dicam,
449 1396 593 1481 specialis
615 1394 846 1459 benedictionis
859 1396 996 1482 glorias,
1023 1397 1122 1461 etiam
1144 1397 1285 1461 maxima

148 1478 284 1543 rosuisse
299 1481 402 1544 fertur
415 1481 585 1558 humilitas,
602 1488 638 1544 ut
653 1503 716 1545 uno
730 1482 868 1565 probare
883 1488 934 1545 sat
949 1483 1011 1545 erit
1024 1482 1176 1567 exemplo.

234 1565 418 1630 Donaveret
441 1588 557 1650 equum
580 1567 735 1652 optimum
761 1567 900 1632 entistiti
925 1568 1062 1645 Aidano,
1086 1568 1118 1630 in
1146 1589 1209 1651 quo
1234 1567 1286 1630 ille

190 1651 334 1734 quamvis
348 1652 511 1716 ambulare
525 1652 645 1724 solitus,
662 1653 710 1715 vel
728 1653 869 1716 amnium
887 1653 1009 1718 fluenta
1029 1653 1173 1730 transire,
1190 1653 1238 1716 vel
1258 1651 1285 1714 si

188 1735 252 1799 alia
267 1736 417 1819 quaelibet
432 1737 602 1802 necessitas
617 1737 788 1816 insisteret,
804 1738 887 1802 viam
907 1760 1059 1824 peragere
1076 1745 1202 1822 posset:
1235 1737 1286 1799 oui

189 1842 261 1884 eum
297 1845 395 1906 parvo
425 1822 593 1907 interjecto
628 1830 772 1908 tempore
801 1846 923 1908 pauper
951 1824 1079 1908 quidam
1107 1830 1287 1888 occurreret

192 1907 421 1992 eleemosynam
450 1915 570 1993 petens,
596 1908 742 1972 desiliens
765 1909 817 1972 ille
841 1909 1002 1994 praeoepit,
1027 1931 1153 1993 equum,
1178 1909 1227 1973 ita
1250 1918 1287 1972 ut

150 1998 262 2067 15erat
277 1999 400 2056 stratus
419 1993 577 2078 regaliter,
594 1994 723 2079 pauperi
740 1995 829 2059 dari:
853 1995 1021 2059 eratenim
1040 1995 1175 2058 multum
1192 1994 1287 2057 mise-

191 2077 300 2154 ricors,
322 2085 356 2142 et
375 2078 480 2142 cultor
499 2101 681 2164 pauperum,
703 2102 741 2143 ac
754 2081 841 2144 velut
862 2087 955 2164 pater
974 2080 1169 2144 miserorum.
1214 2079 1287 2142 Hoc

189 2185 262 2226 cum
275 2164 344 2248 regi
358 2171 443 2228 esset
457 2165 601 2241 relatum,
616 2163 744 2229 dicebat
759 2166 916 2250 episcopo,
932 2189 1005 2229 cum
1017 2167 1101 2229 forte
1116 2165 1287 2251 ingressuri

188 2255 296 2312 essent
319 2249 362 2312 ed
386 2249 572 2334 prandium:
607 2250 691 2327 Quid
719 2251 848 2326 columi,
878 2251 996 2314 domim
1023 2252 1156 2327 aeteae,
1180 2273 1287 2335 equam

188 2334 316 2420 sepiam,
355 2357 422 2398 uem
443 2346 470 2399 te
491 2333 678 2398 concedebat
699 2337 879 2420 'parperiam
900 2335 1012 2408 labere,
1028 2337 1166 2420 posspera'
1187 2337 1286 2400 dore?

189 2358 355 2504 Numquid
363 2443 422 2491 aee
435 2419 593 2484 beheimos
607 2441 692 2504 equos
711 2421 829 2484 etiem
842 2421 1004 2505 plurimos,
1019 2422 1066 2485 cel
1080 2421 1161 2485 elios
1179 2423 1287 2506 species

148 2531 181 2567 πο
189 2525 256 2589 qaoe
270 2506 316 2569 ed
326 2527 500 2591 pauperum
514 2506 594 2570 doaa
607 2507 932 2656 sufficerestffimois
945 2506 1034 2571 illem
1048 2507 1091 2571 ets
1103 2529 1209 2592 equum
1227 2529 1286 2571 soe

189 2591 291 2691 dares,
317 2614 402 2677 quem
427 2592 483 2655 sthi
505 2592 677 2691 specialiter
702 2594 784 2691 poss'
1057 2679 1064 2693 ⁹
1126 2679 1132 2693 ι
1156 2679 1163 2693 υ

184 2698 386 2845 esea
399 2678 492 2847 td
504 2677 1286 2848 lerum

184 2848 228 2910 ad
243 2848 472 2931 prandendum.
518 2850 563 2913 Et
578 2848 744 2934 episcopus
759 2850 886 2934 quidem
903 2850 1064 2913 residebat
1084 2849 1116 2911 in
1132 2870 1189 2912 suo
1203 2848 1283 2912 loco.

187 2932 291 2997 Porro
320 2956 386 3009 rex,
413 2941 544 2998 venerat
574 2935 678 2997 ²enim
704 2934 743 2999 de
768 2946 896 3010 venatu,
922 2936 1021 3020 coepit
1044 2934 1220 2999 consistens
1242 2935 1285 2997 ad

185 3018 293 3081 focum
309 3018 446 3086 calefieri
462 3042 534 3083 cum
547 3018 721 3084 ministris:
746 3030 780 3085 et
793 3028 926 3106 repente
940 3021 1025 3085 inter
1039 3020 1284 3085 calefaciendum
1395 3035 1397 3039 ·

145 3123 176 3173 25
186 3106 359 3167 recordans
388 3105 519 3169 verbum
553 3106 638 3189 quod
668 3106 796 3170 dixerat
824 3106 868 3171 illi
896 3107 1041 3183 antistes,
1072 3105 1221 3169 discinxit
1250 3128 1284 3168 se

184 3188 293 3274 gladio
307 3212 373 3267 suo,
390 3197 424 3254 et
439 3190 527 3254 dedit
545 3190 633 3254 illum
652 3191 807 3268 ministro,
822 3192 1017 3276 festinusque
1038 3193 1191 3255 accedens
1208 3200 1284 3254 ante

185 3275 284 3359 pedes
304 3274 442 3360 episcopi
463 3276 598 3351 conruit,
614 3277 779 3362 postulans
794 3284 831 3340 ut
848 3276 910 3341 sibi
928 3278 1074 3363 placatus
1091 3284 1184 3353 esset,
1202 3278 1284 3355 ecia

185 3380 351 3445 essequam,
372 3361 485 3445 inquit,
509 3362 647 3446 deinceps
663 3362 786 3447 oliqes'd
804 3362 912 3447 loquor
936 3363 972 3426 de
988 3364 1051 3438 loc,
1071 3373 1125 3426 aet
1139 3361 1284 3445 judicabo

183 3445 264 3529 qaid
280 3446 330 3509 eol
350 3456 496 3530 quedem
514 3447 551 3510 de
566 3447 698 3530 peonio
717 3458 821 3511 eostre
833 3449 920 3533 filiis
938 3449 1000 3511 Dei
1020 3447 1156 3511 catam:
1198 3448 1284 3531 quod

185 3529 296 3593 videns
323 3530 500 3616 episcopus,
530 3532 664 3595 multum
699 3532 874 3617 pertimuit,
903 3556 942 3599 ee
971 3534 1083 3601 statim
1111 3554 1284 3619 exsurgens

144 3614 302 3695 301evavit
326 3616 614 3717 compromittens
637 3639 671 3681 se
693 3618 829 3682 multum
849 3618 892 3681 illi
914 3640 983 3682 esse
1002 3618 1172 3702 placatum,
1195 3618 1283 3681 dum-

184 3702 281 3764 modo
301 3700 353 3765 ille
372 3702 514 3767 residens
533 3702 576 3765 ad
596 3703 704 3787 epulas
726 3703 891 3767 tristitiam
909 3703 1091 3788 deponeret.
1135 3704 1283 3786 Dumque

184 3806 242 3849 rex
259 3786 393 3869 jubente
413 3810 451 3851 ac
473 3788 656 3872 postulante
671 3788 828 3873 episcopo,
843 3788 989 3853 laetitiam
1006 3790 1170 3873 reciperet,
1186 3788 1281 3871 ooepit

184 3878 332 3936 econtra
352 3872 520 3957 episcopus
540 3872 642 3936 tristis
659 3895 760 3959 usque
779 3873 822 3937 ad
842 3875 1052 3958 lacrymarum
1071 3874 1284 3959 profusionem

184 3956 277 4021 effici.
324 3956 426 4036 Quem
449 3958 525 4021 dum
548 3959 714 4043 presbyter
736 3980 812 4021 suus
829 3958 937 4044 lingue
961 3970 1038 4023 “sua
1057 3959 1173 4044 petria,
1190 3980 1284 4043 quem

861 2615 913 2655 um
936 2593 1036 2679 elegi?
1092 2593 1150 2657 eui
1175 2593 1286 2656 statim

217 4110 350 4171 *quetidie
361 4108 389 4155 V.
405 4110 439 4156 St.
453 4111 483 4156 G.
549 4108 681 4157 ‘amnicus
692 4110 812 4157 nobilibus
822 4111 852 4156 V.
918 4121 934 4150 ¹1
946 4115 1051 4158 virtutes
1063 4118 1087 4158 et
1097 4113 1238 4159 modestiam
1251 4112 1281 4159 V.

184 4173 474 4289 :mvffllffimm
485 4173 516 4221 V.
615 4184 630 4221 Υ
644 4175 716 4222 Num
728 4174 757 4221 V.
857 4182 981 4222 temerat
993 4176 1023 4221 de
1034 4184 1126 4223 trenam
1135 4183 1159 4223 et
1170 4180 1241 4238 cepit
1252 4178 1283 4224 V.

185 4366 212 4407 ct
230 4360 385 4421 postmodnm
404 4360 434 4407 nd
452 4360 556 4420 priorem
578 4362 656 4409 locum
679 4364 824 4411 retulerunt.
865 4364 939 4412 Liber
960 4364 1145 4412 &assuetorum
1166 4366 1283 4414 Dunelm.

187 4422 249 4471 Bibl.
264 4427 330 4471 Gott.
343 4422 479 4471 Domitian.
494 4426 522 4472 A.
534 4436 555 4485 7.
577 4426 690 4487 Idemque
702 4434 823 4476 testantur
833 4428 941 4477 ecclesius
953 4429 1067 4477 Dunclm.
1077 4440 1243 4478 monumenta.
1257 4432 1283 4478 S.

185 4488 258 4536 Cons.
272 4489 334 4537 Sim.
347 4488 414 4536 Dur.
427 4490 626 4537 Mettiuwestm.
640 4498 666 4539 et
679 4492 741 4540 Flos.
752 4493 806 4555 Vig.
819 4494 853 4541 A.
863 4494 895 4543 D.
910 4492 980 4555 1065,
993 4495 1038 4541 dre.
