3100 5125
96 1805 177 1854 Boset.

260 349 326 411 ses
515 329 523 340 ’
587 345 824 414 msrotum
848 345 1026 415 noctus.
1312 345 1376 415 1v.
1395 363 1449 436 23.

260 501 388 565 Viiirid.
434 501 484 566 De
505 501 608 588 primo
630 525 727 588 supra
744 503 891 578 diximus,
907 504 993 588 quod
1016 497 1155 568 Eboraci
1174 503 1272 568 suerit
1289 526 1365 567 con-

259 595 402 652 secratus
418 587 574 652 antistes:
598 589 640 652 de
661 589 799 652 secundo
818 590 958 654 breviter
980 589 1200 666 intimandum,
1218 590 1305 674 quod
1328 591 1364 653 in

258 673 749 823 antuniana
886 760 1407 828 .

258 844 469 909 Ebcracensis
485 782 623 909 dcilesiae
638 845 681 909 sit
695 783 862 910 ordinatus
876 783 1052 930 episcdplus.
1090 845 1141 910 De
1155 809 1259 910 niedio
1274 869 1362 911 nunc

256 930 409 1006 dicamus,
433 931 508 1016 quia
529 953 602 994 oum
623 930 656 994 in
678 938 814 1016 utroque
837 931 945 996 Hildoe
967 931 1138 996 abbatissae
1164 933 1363 996 monasterio

256 1014 384 1079 lectioni
399 1023 433 1080 et
447 1015 660 1081 observationi
673 1017 911 1101 Scripturarum
925 1039 945 1080 o
968 1039 1056 1080 eram
1066 1017 1214 1094 dedisset,
1228 1019 1364 1082 tandem

256 1101 447 1185 perfectiora
459 1102 651 1177 desiderans,
662 1102 748 1166 venit
759 1101 908 1167 Oantiam
919 1039 966 1167 ad
972 1102 1241 1187 archiepiscopum
1253 1105 1362 1168 beatae

256 1187 484 1253 recordationis
507 1187 727 1250 Theodorum:
763 1188 818 1252 ubi
844 1195 1015 1274 postquam
1040 1188 1223 1272 aliquandiu
1250 1189 1361 1253 lectio—

257 1271 351 1336 nibus
373 1273 473 1337 sacris
495 1273 628 1348 vacavit,
656 1273 754 1337 etiam
777 1274 913 1338 Romam
936 1274 1025 1338 adire
1049 1273 1182 1350 curavit,
1208 1275 1293 1358 quod
1320 1297 1401 1348 0035

257 1354 415 1444 ¹temporc
436 1381 469 1420 m
576 1359 704 1422 virtutis
724 1359 963 1424 aestimabatur:
988 1367 1022 1424 et
1043 1359 1116 1423 inde
1138 1381 1211 1423 cum
1232 1361 1361 1424 rediens

257 1442 451 1508 Brittaniam
509 1443 605 1518 isset,
622 1444 752 1508 divertit
773 1445 816 1508 ad
835 1445 1028 1530 provinciam
1049 1445 1287 1508 mHuicciorum
1307 1446 1360 1509 cni

257 1536 335 1593 tunc
348 1549 406 1592 rex
422 1530 513 1593 Osric
528 1529 675 1614 praeiuit3
700 1530 807 1614 ibique
822 1531 952 1595 verbum
969 1531 1044 1594 fidei
1063 1530 1249 1615 praedicans,
1266 1531 1362 1595 simul

258 1622 291 1678 et
306 1616 484 1701 exemplum
498 1615 622 1679 vivendi
640 1637 709 1680 sese
724 1615 905 1680 videntibus
927 1623 1025 1702 atquc
1047 1617 1249 1680 audientibus
1271 1617 1361 1680 exhi-

257 1701 345 1776 bens,
371 1702 473 1765 multo
495 1707 640 1786 temporo
668 1702 795 1764 mansit.
850 1701 920 1781 Quo
949 1708 1093 1787 tempore
1121 1702 1257 1766 antistes
1286 1725 1361 1788 pro-

257 1786 367 1851 vinciae
387 1787 478 1863 illius,
500 1787 655 1850 vocabulo
677 1786 780 1862 Boscl,
801 1793 895 1851 tanta
917 1794 987 1851 erat
1009 1787 1150 1872 corporis
1172 1788 1362 1854 infirmitate
1380 1782 1441 1864 169

258 1873 434 1958 depressus,
450 1879 487 1936 ut
508 1872 646 1936 officium
660 1872 861 1957 episcopatus
876 1894 933 1957 per
948 1895 981 1936 se
996 1873 1126 1958 implere
1144 1895 1208 1936 non
1227 1881 1358 1958 posset:

258 1966 391 2044 propter
405 1957 490 2042 quod
504 1959 645 2022 omnium
656 1958 776 2042 judicio
792 1958 945 2042 praefatus
957 1959 1005 2021 vir
1019 1959 1052 2021 in
1066 1981 1084 2022 e
1107 1959 1284 2044 iscopatum
1299 1983 1360 2045 pro

100 2057 296 2126 [aD.691.]co
318 2044 445 2120 electus,
468 2065 506 2106 ac
525 2044 658 2127 jubente
679 2043 850 2107 AEdilredo
873 2066 956 2129 rege,
980 2067 1037 2129 per
1093 2045 1231 2108 ilfridum
1253 2047 1360 2109 beatae

257 2129 417 2192 memoriae
430 2129 609 2193 antistitem
627 2129 682 2213 qui
700 2136 776 2193 tunc
791 2129 944 2214 temporis
966 2130 1275 2194 Mediterraneorum
1290 2131 1360 2193 An-

256 2214 380 2298 glorum
403 2214 620 2298 episcopatum
644 2217 788 2300 gerebat,
819 2215 984 2279 ordinatus
1014 2223 1081 2280 est:
1116 2237 1174 2301 pro
1204 2238 1242 2278 eo
1273 2217 1384 2300 quods

257 2299 513 2385 archiepiscopus
538 2301 724 2364 Theodorus
744 2302 813 2385 jam
837 2301 1003 2366 defunctus
1031 2308 1111 2376 erat,
1139 2308 1172 2365 et
1202 2303 1360 2365 nnecdum

257 2383 338 2448 alius
352 2406 411 2470 pro
426 2406 464 2448 co
479 2386 644 2451 ordinatus
659 2387 835 2472 episcopus.
883 2385 920 2448 In
939 2395 1054 2470 ⁰quam
1069 2387 1213 2450 videlicet
1233 2387 1358 2471 provin-

257 2469 338 2533 ciam
360 2469 455 2556 paulo
474 2478 559 2548 aute,
576 2472 636 2535 hoc
652 2479 710 2549 est,
726 2479 803 2536 ante
825 2473 994 2558 praefatum
1010 2473 1111 2535 virum
1123 2473 1183 2536 Dei
1198 2473 1356 2550 Bosclum,

257 2554 305 2618 vir
327 2555 562 2623 strenuissimus
584 2565 640 2622 vet
662 2558 872 2635 doctissimus,
897 2565 994 2643 atque
1020 2557 1200 2622 excellentis
1229 2558 1357 2644 ingenii,

257 2644 410 2708 vocabulo
422 2644 557 2721 Tatfrid,
570 2644 609 2708 de
625 2646 766 2729 ejusdem
781 2644 954 2709 abbatissae
969 2643 1162 2708 monasterio
1177 2644 1296 2708 electus
1307 2654 1358 2710 est

290 2761 298 2800 ί
310 2763 490 2811 Dmuaroertroe
501 2762 531 2809 V.
596 2764 612 2802 k
624 2766 775 2824 Augustaid.
786 2764 815 2812 V.
883 2763 889 2797 ¹
901 2769 1016 2827 torporis
1026 2765 1053 2813 V.
1120 2774 1143 2803 m
1155 2764 1316 2811 Huictiorum
1328 2764 1356 2812 V.

258 2826 411 2874 Wiccimum
423 2828 453 2875 G.
552 2838 568 2867 11
581 2830 690 2875 'modum
702 2827 763 2876 V.G.
863 2840 877 2868 0
889 2832 1076 2891 proprovincia
1088 2828 1118 2875 V.
1216 2834 1315 2890 ratque
1326 2828 1356 2887 V,

258 2898 285 2938 ut
295 2892 402 2950 videtur,
414 2893 456 2939 sed
467 2892 548 2940 locum
561 2906 610 2938 non
623 2901 690 2940 certo
701 2893 789 2941 statuit
801 2894 825 2941 S.

257 2988 365 3036 chartam
383 2989 448 3037 iuter
459 2991 549 3038 multas
566 2991 627 3038 alias
644 3006 741 3037 summa
757 2991 909 3039 humanitate
927 2990 985 3039 mihi
1003 2990 1138 3052 impertivit
1151 2990 1301 3037 honorabilis
1315 2992 1358 3039 ad-

257 3054 356 3101 modum
366 3055 480 3101 dominus
491 3057 589 3102 Somers
600 3070 648 3103 non
661 3070 691 3101 ex
703 3056 816 3116 registro,
825 3057 866 3103 sed
878 3056 908 3103 ab
919 3056 973 3117 ipso
984 3057 1144 3116 autographo,
1153 3056 1218 3116 qnod
1230 3070 1299 3103 suam
1311 3071 1357 3103 ati-

256 3118 393 3178 tiquitatem
412 3118 490 3179 prims
509 3120 572 3167 facie
588 3119 703 3179 ostendit,
720 3134 823 3180 euinque
843 3122 936 3181 optime
955 3128 1131 3167 conservatam.
1167 3120 1356 3167 Monumentum

257 3189 302 3243 est,
313 3183 436 3243 quantivis
448 3184 517 3243 pretii
529 3192 555 3231 et
566 3191 635 3232 tanto
646 3198 785 3244 possessore
795 3185 906 3246 dignum.
942 3185 1002 3232 Vide
1014 3185 1123 3246 Append.
1136 3184 1212 3231 Num.
1224 3184 1273 3231 xxi.

259 3261 329 3359 Aulq.
339 3248 536 3359 gJordpcgstrae]
551 3248 650 3359 Pappum
663 3249 709 3359 ipplc
724 3256 832 3359 asprum
846 3249 937 3360 Meggia
949 3249 1094 3361 ipqqluiuque
1104 3249 1212 3359 diocgsels
1224 3249 1302 3361 ‘divisa
1318 3257 1358 3361 ep't

256 3321 1145 3441 ...autautt.ttati.;tt¹3t..t0...t'f'ttt?
1180 3329 1212 3435 ¹¹}
1256 3328 1356 3361 ’Μ’

290 3453 330 3551 {a
339 3442 437 3502 primm
450 3442 671 3503 Hagrutcidmris]
687 3442 725 3489 De
735 3442 851 3491 Johaune
862 3443 975 3504 epismpc
987 3442 1179 3505 Hagustaldensi
1190 3442 1238 3489 vid.
1251 3442 1324 3502 iufra,
1334 3458 1356 3491 r.

259 3521 273 3553 a
319 3519 340 3552 r.

274 3538 325 3617 'ib.
335 3572 457 3618 remundus
467 3570 643 3633 Eboracensis]
663 3571 732 3617 Alius
747 3572 786 3619 hic
800 3571 925 3632 Viifridus,
937 3572 1056 3620 secundus
1073 3572 1127 3633 ejus
1141 3571 1247 3619 nominis
1262 3572 1358 3619 Ebora-

258 3634 338 3681 censis
357 3635 492 3697 episcopus,
510 3636 541 3683 ab
559 3638 587 3683 Α.
601 3636 631 3682 D.
648 3636 704 3698 718,
721 3636 770 3683 vid.
787 3636 860 3696 infra,
872 3652 896 3683 v.
908 3635 931 3685 6.
943 3642 968 3682 et
986 3649 1026 3695 23,
1045 3637 1084 3685 cui
1105 3637 1223 3697 Egbertus
1240 3637 1359 3685 antecessit

258 3698 388 3761 A.D.732.
404 3699 557 3748 Videbron.
567 3701 788 3748 Continuatinsra.
804 3700 933 3747 Vilfiidum
944 3702 1075 3749 secundum
1086 3701 1221 3761 luculenter
1227 3701 1360 3763 distinguit

259 3763 317 3811 Gul.
326 3763 465 3823 Malmesb„
474 3765 515 3824 qui
527 3779 582 3811 eum
593 3764 717 3812 Jotanau
723 3766 896 3826 presbyterum
908 3773 934 3813 et
942 3780 1104 3813 antecessorem
1115 3774 1195 3824 vocat,
1206 3767 1274 3814 Gest.
1285 3766 1358 3815 Pont.

259 3828 295 3875 iii.
307 3843 331 3889 p.
344 3825 399 3889 269.
422 3828 579 3876 Wilferthum
590 3836 663 3876 vocat
674 3830 764 3877 Chron.
776 3831 833 3877 Sar.
845 3830 874 3876 A.
883 3830 915 3877 D.
926 3830 982 3891 685.

292 3891 332 3953 36.
345 3892 521 3954 Huira'cmm]
537 3893 634 3940 Huicrii
647 3908 703 3955 pars
713 3900 783 3942 erant
795 3894 894 3941 Merciae
906 3892 983 3957 (Flor.
997 3893 1051 3955 vig.
1066 3910 1088 3956 p.
1099 3892 1168 3958 695.)
1180 3902 1205 3942 et
1212 3894 1359 3955 jamdudum

258 3956 331 4003 fidem
344 3956 507 4005 Christianam
524 3965 685 4019 acceperant3
702 3959 765 4006 conf.
779 3973 845 4019 strpr.
862 3973 905 4018 13:
922 3972 1004 4005 eorum
1024 3972 1092 4019 reges
1109 3959 1231 4020 subreguli
1243 3960 1358 4017 fuerunt3

257 4021 297 4068 hic
313 4022 380 4070 enim
399 4021 470 4069 Boscl
486 4021 577 4069 dicitur
592 4023 719 4070 ordinatus
730 4023 806 4070 fuisse
823 4022 926 4082 imperio
938 4023 1057 4071 AEdilredi
1076 4024 1140 4085 regis
1157 4024 1270 4072 Merciaz
1288 4022 1359 4083 cujus

257 4086 331 4133 etiam
350 4086 495 4134 auctoritate
511 4086 577 4147 regis
593 4088 662 4134 sedes
677 4087 822 4148 episcopalis
835 4087 994 4135 Huicciorum
1013 4088 1146 4135 constituta
1162 4096 1200 4136 cst
1216 4090 1241 4134 iu
1258 4087 1358 4136 civitate

256 4149 436 4262 Vigorffqiaqnae
443 4150 514 4264 jusfisg
521 4157 559 4199 est
570 4152 649 4211 primo
657 4167 709 4199 esse
716 4153 824 4214 quinque
833 4152 1001 4213 parochiarum
1011 4152 1213 4211 Mercinensium,
1224 4155 1252 4200 Α.
1260 4152 1290 4199 D.
1299 4151 1357 4217 679.

280 4215 288 4261 i
306 4248 314 4262 .
354 4222 432 4263 orent.
443 4231 466 4276 p.
526 4248 534 4262 .

288 4292 312 4336 4.
325 4229 524 4342 tunctempm'ri
535 4281 569 4329 A.
578 4278 610 4329 D.
623 4282 680 4329 circ.
693 4279 749 4341 691.
774 4281 845 4330 Cont'.
861 4281 905 4329 inf.
919 4296 941 4328 v.
951 4281 975 4328 8.

288 4344 311 4392 8.
327 4344 442 4406 Totsrid]
456 4345 553 4393 Primus
562 4346 691 4407 episcopus
702 4346 821 4407 Vuigom.
834 4346 975 4408 designatus
987 4345 1035 4393 fuit
1045 4345 1145 4393 Tstfrid
1156 4360 1222 4393 anno
1234 4344 1297 4401 68ος
1315 4345 1359 4392 ἰΙΙο

255 4415 313 4456 unte
324 4411 532 4460 consecrationem
543 4411 669 4469 defuncto,
681 4411 799 4459 succussit
811 4411 882 4457 Bosel
895 4411 925 4458 ad
938 4426 978 4458 an.
989 4410 1033 4471 691
1045 4428 1053 4468 3
1070 4410 1095 4458 iu
1108 4411 1162 4472 ejus
1174 4410 1264 4459 infirmi
1276 4411 1358 4458 locum

255 4473 372 4521 successit
383 4473 482 4530 Ofticrz
501 4474 557 4523 huic
567 4475 668 4525 obeunti
681 4490 722 4523 an.
734 4473 781 4539 692
794 4477 912 4524 successit
927 4476 1047 4537 Erguina
1059 4474 1128 4538 cujus
1139 4476 1248 4525 chartam
1261 4476 1291 4523 de
1304 4474 1358 4522 Fle-

254 4538 367 4599 dsnburg
377 4535 451 4586 babes
462 4539 488 4585 in
500 4539 613 4600 Append.
629 4541 660 4587 ad
672 4547 722 4587 not.
735 4539 849 4601 priorem.
863 4540 888 4586 S.
