3100 5125
534 318 699 384 GENTIS
723 319 994 384 ANGLORUM.
1246 323 1310 386 215

212 467 407 552 pei-plurium
427 475 531 533 mater
545 471 643 556 virgo,
659 478 694 534 et
713 471 864 556 exemplis
878 471 952 535 vitae
968 470 1102 534 caelestis
1122 491 1190 535 csse
1210 472 1310 555 coepit

211 560 247 616 et
260 555 399 618 monitis.
444 555 494 618 De
512 578 576 641 qua
592 559 709 633 i'erunt,
725 557 800 640 quia
820 579 861 619 ex
876 579 939 642 quo
958 557 1187 620 monasterium
1206 557 1309 641 petiit,

212 661 374 723 nunquam
399 641 499 717 lineis,
526 642 582 704 sed
608 643 709 708 solum
734 643 833 706 laneis
857 643 1053 706 vestimentis
1082 642 1130 706 uti
1156 642 1307 706 voluerit:

212 747 348 808 raroque
373 725 406 788 in
431 726 541 790 calidis
570 727 700 804 balneis,
730 735 849 812 praeter
877 727 1115 792 imminentibus
1141 728 1310 792 sollemniis

187 811 394 895 majoribus,
409 813 496 876 verbi
510 814 616 898 gratia
630 815 768 897 paschae,
784 820 993 898 pentecostes,
1009 813 1194 898 epiphaniae,
1210 813 1308 880 lavari

210 897 363 972 voluerit3
388 905 422 962 ct
436 906 513 963 tunc
535 899 706 963 novissima
720 899 869 977 omnium,
885 899 959 964 lotis
981 899 1068 983 prius
1090 920 1147 962 suo
1167 921 1308 964 suarum-

210 1005 272 1065 que
294 983 512 1048 ministrarum
537 985 690 1069 obsequio
715 985 840 1048 caeteris
864 1007 934 1068 quae
964 985 1009 1048 ibi
1033 992 1140 1048 essent
1165 985 1177 1024 f
1181 985 1307 1050 famulis

209 1067 340 1132 Christi.
374 1069 480 1133 &Raro
495 1078 614 1156 praeter
627 1072 750 1155 majora
764 1070 936 1147 sollemnia,
952 1071 1000 1134 vel
1015 1069 1185 1134 arctiorem
1200 1093 1306 1135 necas-

208 1152 348 1230 sitatem,
371 1156 442 1240 plus
464 1179 560 1241 quam
581 1157 678 1221 semel
699 1180 756 1241 per
771 1156 856 1220 diem
877 1157 1098 1220 manducavit:
1130 1179 1262 1241 semper,
1279 1157 1306 1227 si

208 1261 273 1301 non
301 1240 470 1306 infirmitas
493 1243 620 1327 gravior
644 1241 868 1326 prohibuisset,
897 1265 936 1306 ex
966 1249 1109 1326 ternpore
1137 1242 1304 1308 matutinae

170 1341 372 1408 ¹0synaxcos,
391 1350 491 1412 usque
511 1329 554 1391 ad
576 1336 683 1392 ortum
704 1328 776 1404 diei,
800 1329 834 1390 in
856 1328 986 1391 ecclesia
1009 1329 1156 1410 precibus
1179 1327 1305 1393 intenta

207 1412 395 1494 perstiterit.
440 1415 523 1477 Sunt
537 1414 635 1478 etiam
650 1413 704 1498 qui
719 1414 829 1478 dicant
845 1413 919 1497 quia
939 1435 997 1497 per
1018 1413 1194 1496 prophetiae
1215 1414 1304 1497 spiri-

206 1503 286 1573 tum,
308 1504 341 1561 et
362 1499 577 1583 pestilentiam
599 1523 663 1584 qua
683 1500 752 1583 ipsa.
773 1509 859 1563 esset
880 1499 1044 1574 moritura,
1060 1498 1253 1583 praedixerit,
1270 1507 1304 1566 et
1353 1561 1363 1572 ,

206 1603 373 1646 numerum
388 1607 512 1670 quoque
531 1607 651 1663 eorum,
667 1585 721 1669 qui
743 1584 783 1648 de
799 1607 856 1648 suo
877 1585 1070 1648 monasterio
1092 1584 1174 1648 hliae
1195 1593 1303 1649 essent

205 1668 248 1731 de
268 1670 387 1732 mundo
409 1671 562 1755 rapiendi,
586 1672 692 1756 palam
718 1670 841 1736 cunctis
864 1670 1076 1754 praesentibus
1097 1665 1301 1734 intimaverit.

206 1753 315 1837 Rapta
328 1762 379 1818 est
399 1765 508 1820 autem
522 1757 566 1820 ad
580 1757 751 1820 Dominum
774 1755 807 1818 in
829 1755 933 1819 medio
955 1778 1093 1832 suorum,
1109 1762 1183 1839 post
1202 1778 1302 1820 annos
1315 1778 1460 1844 [AD-⁶79]

204 1848 328 1923 septem
352 1863 392 1904 ex
422 1864 485 1926 quo
509 1841 680 1906 abbatissae
703 1842 839 1927 gradum
862 1849 1063 1925 susceperat:
1095 1848 1129 1904 et
1151 1863 1241 1925 aeque
1265 1843 1408 1906 „totitas

167 1935 195 1986 ι5
206 1923 277 2009 ipse
287 1928 436 2010 jusserat,
452 1949 515 1990 non
530 1927 605 1991 alibi
621 1950 716 2012 quam
737 1927 770 1990 in
785 1926 889 1990 medio
911 1949 1029 2002 eorum,
1042 1927 1136 2010 juxte
1158 1927 1301 2000 ordinem

204 2033 268 2094 quo
281 2012 464 2089 transierat,
479 2013 583 2098 ligneo
597 2013 630 2076 in
644 2013 753 2077 locello
768 2013 902 2096 sepulta.

246 2096 472 2162 antecessit
489 2099 523 2161 in
538 2099 745 2163 ministerium
760 2097 932 2162 abbatissae
948 2119 1038 2162 soror
1058 2098 1125 2182 ejus
1143 2097 1298 2184 Scxburg‚
1309 2111 1428 2174 sexburg.

202 2201 300 2264 qnam
318 2184 476 2249 habuerat
496 2184 530 2247 in
551 2186 717 2270 conjugem
732 2184 950 2248 Earconberct
971 2205 1028 2247 rex
1044 2183 1297 2248 (lantuariorum.
1310 2175 1458 2286 h[V¹A‚·¹)·⁶95·]

203 2265 335 2332 Etcum
349 2271 485 2334 sedecim
495 2271 587 2338 annis
602 2271 698 2334 iesset
712 2270 846 2353 sepulta,
857 2269 977 2354 placuit
992 2268 1114 2333 keidem
1125 2269 1297 2334 abbatissae
1307 2256 1417 2352 'uppen-

163 2351 300 2418 wlevari
318 2377 391 2419 ossa
409 2357 486 2440 ejus,
502 2364 537 2420 et
557 2357 590 2419 in
612 2357 721 2420 locello
743 2377 824 2419 novo
844 2355 949 2440 posita
966 2355 999 2416 in
1016 2355 1179 2418 ecclesiam
1194 2361 1298 2418 trans·

201 2439 297 2515 lerri;
317 2441 476 2526 jussitque
491 2443 645 2525 quosdam
665 2441 830 2506 ¹fratribus
850 2463 990 2525 quaerere
1012 2440 1157 2525 lapidem,
1177 2441 1298 2525 dequo

200 2523 344 2590 locellum
366 2526 399 2591 in
421 2529 481 2593 hoc
502 2529 606 2593 iacere
627 2536 775 2612 possent:
800 2527 853 2612 qui
875 2548 1006 2591 ascensa
1025 2524 1107 2602 navi,
1124 2525 1193 2611 ipsa
1215 2527 1298 2591 enim

199 2612 288 2696 regio
303 2613 383 2700 Elge
398 2614 536 2699 undique
552 2621 602 2679 est
617 2614 709 2699 aquis
728 2636 766 2677 ac
787 2613 955 2697 paludibus
974 2613 1179 2689 circumdata,
1195 2634 1299 2697 neque

199 2696 322 2781 lapides
344 2701 481 2784 majores
506 2701 616 2775 habet,
639 2706 794 2763 venerunt
818 2698 861 2763 ad
885 2698 1111 2763 mcivitatulam
1137 2699 1297 2782 quandam

199 2782 384 2863 desolatam,
414 2808 478 2849 non
506 2786 616 2871 procul
644 2784 718 2848 inde
746 2785 851 2860 sitam,
882 2804 952 2868 quae
980 2782 1089 2869 lingua
1117 2783 1296 2869 Anglorum

199 2868 432 2936 Grantacaestir
447 2879 596 2935 vocatur:
624 2878 658 2935 ct
679 2893 754 2935 mox
775 2870 963 2933 invenerunt
981 2871 1076 2954 juxta
1095 2891 1203 2932 muros
1222 2870 1411 2935 civi-cana.

160 2954 279 3023 astatis
298 2955 442 3021 locellum
456 2958 496 3020 de
510 2979 667 3021 marmore
686 2957 760 3020 albo
780 2954 987 3040 pulcherrime
1001 2955 1131 3031 factum,
1147 2955 1295 3039 operculo
1305 2952 1391 2999 ‘'³⁸²¹‘-

198 3061 325 3187 ppoque
338 3043 449 3105 similis
462 3042 576 3127 lapidis
590 3041 753 3127 aptissime
767 3048 898 3105 tectum.
940 3041 1036 3103 Unde
1050 3040 1261 3126 intelligentes
1276 3064 1296 3105 a

231 3127 337 3191 omino
356 3150 448 3192 suum
468 3129 531 3191 iter
552 3150 620 3193 csse
641 3133 873 3212 prosperatum,
888 3127 1010 3212 gratias
1032 3134 1164 3212 agentes
1181 3126 1295 3191 retule-

196 3218 274 3275 rrmt
288 3214 331 3276 ad
343 3213 580 3278 monasterium.

240 3298 383 3383 Cumque
397 3322 522 3383 corpus
547 3321 646 3363 sacrae
670 3298 800 3383 virginis
828 3320 866 3363 ac
890 3320 1013 3385 sponsae
1037 3297 1164 3369 Christi,
1182 3303 1295 3381 aperto
1305 3303 1410 3351 Miram-

196 3384 342 3469 sepulcro
363 3392 448 3449 esset
469 3386 629 3469 prolatum
650 3385 684 3447 in
700 3385 813 3460 lucem,
832 3384 878 3448 ita
896 3384 1114 3467 incorruptum
1133 3384 1295 3447 inventum
1303 3368 1363 3418 lum.

155 3477 256 3547 sosst,
271 3492 310 3534 aa
323 3470 351 3534 si
365 3471 478 3535 eodem
492 3471 543 3535 die
558 3471 670 3535 luisset
683 3470 843 3547 delimate,
856 3470 920 3534 sive
935 3471 1030 3534 humo
1045 3468 1194 3542 eondita;
1212 3470 1295 3534 sicut

197 3669 200 3674 ,
230 3611 396 3677 ‘famulatus
406 3616 469 3663 V.G.
574 3614 671 3664 auaro
683 3618 758 3662 etiam
768 3614 832 3663 V.G.
931 3615 1003 3662 hacc
1015 3613 1077 3663 V.G.
1177 3614 1252 3662 ierat
1265 3614 1294 3661 V.

194 3677 301 3727 &eidem
311 3681 389 3727 sorori
399 3682 451 3728 aaa.
464 3680 494 3728 V.
577 3678 584 3711 ¹
596 3682 625 3727 de
630 3680 759 3741 fratribus
769 3679 831 3727 V.G.
916 3688 938 3719 m
951 3681 1076 3727 deitatem
1088 3678 1118 3727 V.

195 3800 376 3864 Martyrologio
386 3803 499 3851 Romano
511 3802 594 3850 habuit
606 3802 645 3849 die
655 3801 722 3850 Junii
736 3816 775 3861 ²3·
812 3800 871 3849 Dies
889 3799 1055 3848 uanslaticnis
1073 3800 1098 3846 iu
1116 3798 1294 3861 Martyrologio

196 3866 335 3927 anglicano
357 3881 401 3927 pro
421 3867 483 3915 festo
503 3867 585 3915 habita
604 3874 642 3915 est
659 3867 699 3913 die
719 3866 834 3913 Octobris
849 3875 886 3927 ¹7·
920 3866 958 3913 De
977 3864 1132 3925 AEdilthryde
1151 3864 1205 3909 vide
1223 3863 1293 3923 plura

194 3928 255 3978 wil.
269 3931 354 3978 Malm.
366 3932 396 3979 de
408 3932 478 3979 Pont.
489 3929 522 3981 iv'.
533 3946 556 3993 p.
564 3946 621 3994 ²73·
632 3945 688 3993 293.
699 3930 729 3978 Τ.
740 3929 910 3991 Walsingham
923 3930 948 3975 in
961 3930 1015 3976 Ric.
1029 3930 1047 3975 Ι.
1061 3942 1084 3989 p.
1093 3929 1147 3991 338.
1183 3927 1292 3975 Ecclesia

195 3994 303 4044 Eliensis
320 3997 352 4043 ab
371 3996 526 4061 AEdilthryda
543 4003 684 4044 constructa
701 4010 723 4041 a.
735 3993 794 4056 673,
812 3995 939 4042 combusta
957 4010 971 4041 a
989 3994 1091 4055 paganis
1110 4009 1131 4040 a.
1145 3992 1200 4052 870.
1235 3992 1293 4041 Post

195 4058 289 4120 aliquot
305 4075 383 4109 annos
399 4062 580 4123 quodammodo
598 4059 714 4108 resarcite
731 4059 827 4107 clericis
846 4058 948 4106 accessit
963 4059 993 4105 ad
1011 4072 1033 4105 a.
1046 4069 1102 4121 970.
1137 4056 1292 4105 AEdiluoldus

194 4123 341 4184 cp-Vinton.
352 4125 477 4173 monachis
488 4126 590 4187 replevit
600 4139 665 4172 anno
676 4124 770 4172 codem.
798 4123 920 4171 Hernicus
932 4124 1025 4185 primus
1036 4121 1116 4169 sedem
1129 4120 1291 4182 episcopalem

193 4185 302 4236 instituit
312 4204 334 4238 a.
346 4191 416 4239 1108.
435 4192 461 4238 S.
1203 4202 1208 4205 ·

228 4264 266 4315 17.
280 4254 408 4316 Sesburg]
424 4255 497 4303 Cous.
508 4270 561 4317 sup.
574 4253 610 4301 iii.
622 4254 646 4301 8.
666 4303 668 4306 .
1152 4260 1154 4266 ’

227 4330 266 4377 24.
276 4320 465 4382 θναηιαωείίν]
482 4320 512 4367 In
524 4316 605 4381 pejore
616 4315 682 4367 statu
693 4327 731 4366 est
738 4316 810 4364 hodie
825 4317 1002 4365 Grcntctester
1008 4316 1082 4377 Juxta
1094 4314 1290 4375 marsanam.

194 4383 220 4431 S.
243 4383 291 4431 Sed
303 4384 400 4445 egregie
411 4391 515 4433 testatur
525 4384 625 4445 parvula
635 4383 715 4431 hacce
725 4397 765 4430 res
774 4382 859 4443 quales
870 4390 922 4431 tum
929 4380 1051 4442 'temporis
1062 4379 1153 4427 fuerint
1164 4378 1291 4427 civitatum

193 4453 219 4495 et
230 4448 335 4495 Romani
347 4450 427 4509 operia
443 4449 469 4495 in
480 4448 609 4498 Britannia
622 4447 748 4510 relliquiae,
760 4453 785 4495 et
795 4454 888 4508 quanta
905 4446 935 4495 ab
952 4446 1087 4509 anglorum
1107 4444 1233 4493 Saxonum
1250 4440 1292 4492 sd·

192 4519 268 4561 venai
280 4513 345 4562 iacta
355 4513 389 4561 sit
398 4512 510 4563 mutatio.
