3100 5125
273 286 336 348 ιιι
600 283 1038 366 Hrsrocnnuocnns.
1320 279 1389 344 ιιι.
1409 296 1456 362 17.

270 438 313 502 ab
328 438 406 500 urlle
422 437 461 500 de
476 455 539 521 qua
553 437 679 521 praefati
694 457 810 500 sumus.
850 437 889 500 In
903 436 963 499 hac
974 434 1060 498 enim
1073 433 1194 498 liabens
1208 433 1382 497 ecclesiam-

271 531 304 587 et
319 521 504 598 cubiculum,
522 523 636 608 saepius
650 522 768 586 ibidem
779 521 893 585 diverti
912 543 950 584 ao
969 540 1107 596 manere,
1122 526 1219 603 atque
1233 519 1309 582 inde
1327 520 1374 583 ad

270 607 507 706 praedicandum
522 608 765 707 circumquaque
779 608 867 671 exire
880 611 1105 752 conmeverlrltt:
1122 605 1208 703 quod
1222 605 1327 688 ipsum
1339 612 1376 668 et

270 693 394 855 ¹.th
404 693 1226 872 fflttttltttttttttt'tltt..tet?
1239 711 1373 839 ddi?

272 864 490 928 Teteudernnt
516 885 591 949 ergo
615 865 644 928 ei
669 864 843 949 aegmtanti
868 862 1042 928 tentorium
1070 861 1113 924 ad
1141 859 1371 925 occidentalem

271 949 408 1012 ecclesiae
472 955 564 1025 rtem,
583 949 630 1013 ita
652 955 689 1013 ut
710 950 814 1033 ipsum
827 948 1003 1013 tentorium
1024 946 1140 1032 parieti
1161 947 1298 1010 haereret
1320 968 1415 1010 etr-¹0

271 1035 382 1098 clesiae.
427 971 525 1098 {dide
545 1035 744 1111 factumest,
767 1040 806 1098 ut
827 1034 979 1098 badclinis
1000 1033 1134 1096 destinae
1156 1054 1227 1116 quae
1248 1032 1371 1095 extrin-

272 1141 361 1183 secus
387 1120 526 1184 ecclesiae
556 1142 614 1204 pro
640 1121 813 1183 munimine
838 1126 910 1184 erat
938 1118 1094 1204 adposita,
1122 1117 1269 1203 spiritum
1295 1118 1370 1181 vitae

109 1211 173 1270 Aug.
186 1208 210 1254 d·
222 1221 262 1268 3¹·
272 1205 437 1269 exhalaret
451 1205 604 1268 ultimum.
650 1205 739 1269 Obiit
753 1197 863 1269 autem
878 1205 1011 1289 septimo
1030 1203 1152 1267 decimo
1171 1203 1372 1287 episcopatus

118 1277 149 1321 Α.
158 1275 189 1321 Ι).
199 1272 254 1334 652.
312 1290 319 1305 ·

111 1895 219 1970 Fipuuus

111 1973 239 2020 episcopus

111 2023 243 2135 {ilindisfau

273 1312 321 1352 sur
336 1311 429 1367 anno,
466 1290 545 1354 ridie
561 1291 768 1354 kalendarum
784 1290 1027 1376 Septembrium.
1055 1290 1153 1374 Cujus
1167 1309 1282 1374 eorpus
1296 1310 1372 1350 mox

273 1375 346 1438 inde
361 1314 551 1440 translatum
566 1377 608 1440 ad
622 1375 757 1439 insulam
774 1375 1086 1452 Lindisfarnensium,
1098 1381 1195 1458 atque
1210 1374 1243 1435 in
1257 1395 1372 1436 ocemo-

274 1461 355 1524 terio
369 1461 504 1524 fratrum
520 1462 675 1547 sepultum
691 1467 750 1524 ost.
796 1463 845 1524 At
859 1461 1025 1544 interjecto
1039 1467 1183 1545 tempore
1197 1457 1371 1542 aliquanto,
1384 1481 1413 1528 15

274 1569 345 1608 curn
368 1546 524 1610 fabricata
549 1554 633 1610 esset
662 1547 705 1610 ibi
734 1546 866 1610 basilica
892 1547 1004 1629 major,
1030 1551 1128 1629 atque
1157 1545 1190 1607 in
1219 1545 1373 1606 honorem

273 1631 448 1695 beatissimi
483 1633 701 1718 apostolorum
735 1631 886 1717 principis
920 1629 1077 1707 dedicata,
1107 1631 1160 1692 illo
1196 1651 1269 1693 ossa
1305 1629 1374 1712 ejus

274 1718 440 1794 translata,
457 1724 555 1801 atque
569 1718 611 1781 ad
626 1718 792 1781 dexteram
806 1716 917 1781 altaris
929 1717 1023 1801 juxta
1034 1715 1269 1780 venerationem
1278 1720 1374 1782 tanto

273 1802 422 1888 pontifice
437 1803 566 1888 dignam
581 1803 709 1867 condita
723 1809 807 1866 sunt.

319 1889 477 1952 Successit
492 1911 566 1952 vero
582 1889 610 1952 ei
625 1889 657 1950 in
672 1888 889 1973 episcopatum
911 1886 1024 1964 Finan,
1044 1891 1078 1949 et
1099 1885 1166 1970 ipse
1184 1884 1236 1947 illo
1256 1885 1298 1948 ab
1315 1883 1374 1946 Hii

276 1973 459 2037 Scottorum
480 1973 583 2036 insula
604 1995 642 2037 ac
663 1973 857 2037 monasterio
878 1972 1068 2049 destinatus,
1087 1993 1125 2034 ac
1145 1977 1286 2055 tempore
1308 1991 1375 2032 non

275 2079 376 2141 pauco
390 2059 423 2122 in
439 2057 622 2144 episcopatu
636 2059 823 2142 permansit.
869 2057 1013 2143 Contigit
1034 2063 1142 2121 autem
1159 2061 1234 2141 post
1252 2055 1376 2138 aliquot
1386 2078 1416 2116 το

274 2164 383 2221 annos,
400 2149 437 2206 ut
453 2143 564 2207 Penda
581 2145 774 2208 Marciorum
793 2166 850 2208 rex
870 2166 942 2207 eum
962 2141 1069 2212 hostili
1089 2141 1231 2227 exercitu
1250 2141 1319 2204 haee
1340 2141 1375 2202 in

274 2229 343 2292 loca
365 2229 558 2313 perveniens,
584 2251 655 2292 cum
685 2237 801 2293 cuncta
823 2252 893 2312 quae
924 2235 1051 2313 poterat
1074 2228 1158 2290 ferro
1183 2227 1376 2309 fiammaque

274 2314 430 2397 perderet,
457 2313 542 2376 vicus
569 2337 693 2398 quoque
716 2314 767 2377 ille
793 2315 826 2376 in
850 2337 913 2398 quo
938 2314 1074 2377 antistes
1100 2313 1187 2388 obiit,
1214 2335 1278 2376 una
1302 2333 1376 2385 cum

276 2399 404 2463 ecclesia
419 2406 595 2462 memorata
609 2400 744 2463 flammis
761 2402 991 2463 absumeretur.
1037 2399 1100 2462 Sed
1119 2399 1234 2461 mirum
1253 2397 1287 2459 in
1306 2417 1374 2460 mo-

274 2485 349 2546 dum
366 2484 452 2548 csola
468 2483 520 2547 illa
535 2485 660 2549 destina
675 2485 724 2548 cui
746 2485 930 2548 incumbens
948 2484 1036 2561 obiit,
1051 2486 1093 2548 ab
1112 2483 1237 2570 ignibus
1256 2482 1376 2545 circum

274 2578 389 2635 cuncta
403 2572 598 2648 vorantibus,
614 2572 736 2636 absumi
752 2594 816 2635 non
830 2572 946 2655 potuit.
989 2571 1059 2650 Quo
1074 2571 1265 2633 clarescente
1279 2569 1375 2632 mira

274 2657 353 2734 culo,
369 2680 444 2721 mox
459 2656 577 2720 ibidem
593 2658 722 2721 ecclesia
736 2665 928 2742 restaurata,
944 2662 977 2720 et
993 2656 1060 2719 haee
1075 2656 1186 2719 eadem
1201 2654 1327 2718 destina
1341 2654 1375 2715 in
1386 2675 1415 2723 25

274 2742 504 2807 munimentum
520 2749 569 2806 est
585 2743 726 2828 parietis,
742 2749 780 2806 ut
799 2750 875 2806 ante
892 2744 1005 2818 iuerat,
1021 2742 1194 2805 forinsecus
1215 2740 1374 2825 adposita.

276 2828 476 2911 Rursumque
504 2836 635 2911 peracto
663 2834 807 2913 tempore
836 2826 1008 2911 aliquanto,
1035 2826 1139 2890 evenit
1167 2848 1224 2911 par
1248 2825 1376 2910 culpam

274 2912 411 2987 incuriae,
436 2912 538 2975 vicum
565 2914 707 2988 eundem,
733 2922 766 2977 et
790 2913 891 2997 ipsam
914 2912 1035 2996 pariter
1060 2912 1222 2975 ecclesiam
1248 2911 1375 2996 ignibus

274 2996 424 3061 consumi.
471 2997 534 3060 Sed
549 3020 589 3061 ne
604 3006 680 3062 tuno
696 2999 824 3082 quidem
839 3000 973 3061 eandem
987 3004 1119 3082 tangere
1133 2997 1262 3060 flamma
1276 2996 1374 3059 desti-

273 3104 348 3145 nam
364 3082 508 3145 valebat:
534 3089 567 3146 et
590 3105 660 3146 cum
682 3106 799 3168 magno
818 3083 928 3167 utique
947 3083 1098 3146 miraculo
1119 3082 1188 3166 ipsa
1209 3082 1277 3166 ejus
1291 3082 1374 3144 fora

273 3168 359 3231 mina
374 3167 562 3252 ingrediens,
579 3169 692 3253 quibus
706 3167 840 3251 aedificio
852 3174 922 3231 erat
937 3168 1052 3245 adfixa,
1065 3167 1262 3252 dperederet,
1271 3167 1375 3252 ipsam

340 3352 355 3390 b
367 3351 469 3399 adclivis
482 3352 542 3401 V.G.
729 3365 741 3391 0
753 3355 850 3401 necdum
864 3356 908 3399 illu
919 3353 948 3400 V.
1133 3350 1144 3385 l
1151 3353 1268 3413 perderet
1279 3355 1308 3399 V.

275 3508 393 3553 Attamen
407 3506 477 3553 Beda
488 3509 558 3555 baud
563 3510 639 3569 paulo
651 3500 779 3569 andentior
791 3509 932 3565 thtiua
945 3510 984 3555 lit.
994 3522 1016 3553 r.
1028 3510 1058 3554 de
1070 3508 1256 3561 Architectura,
1269 3521 1322 3567 cap.
1336 3520 1372 3554 re.

275 3570 316 3616 ua·
327 3572 383 3629 ugit
396 3570 551 3633 deportatur
562 3578 585 3618 et
596 3577 731 3619 structuras
743 3576 769 3619 ic
780 3588 848 3635 aqua
853 3573 990 3635 sumendis,
1004 3573 1112 3619 destinas
1127 3574 1245 3633 appellnt,
1256 3574 1293 3617 rie
1307 3574 1373 3617 mim

275 3636 366 3681 tabent
384 3634 465 3682 MSS.
483 3637 575 3683 codices
590 3652 607 3683 a
618 3636 763 3684 Plumea
781 3638 889 3693 medati,
900 3639 1001 3683 vinmtla
1017 3652 1059 3683 seu
1077 3642 1188 3690 catenae,
1206 3636 1293 3697 quitus
1308 3650 1374 3681 arco

275 3702 362 3758 lig-nec
380 3701 503 3746 cementis
523 3700 650 3762 consectae,
671 3708 694 3747 et
713 3703 739 3747 in
760 3714 842 3761 equas
859 3702 1012 3748 ‹devolvenda›
1031 3702 1280 3760 cobestrcrgetantum
1308 3701 1374 3746 unde

275 3765 375 3809 destinae
386 3766 487 3829 uincula
499 3766 570 3811 dietoe
582 3767 608 3811 in
619 3767 730 3825 antiquie
741 3766 876 3824 glossariis.
911 3768 981 3811 Duos
998 3768 1055 3811 ictos
1071 3767 1134 3811 vocis
1151 3766 1224 3823 trajice
1235 3766 1373 3822 intellectus

274 3829 309 3873 ste
327 3830 431 3887 colligo:
458 3828 509 3875 Ect
526 3830 622 3875 destina
640 3830 668 3874 id
689 3844 735 3890 quo
755 3830 827 3875 aliud
844 3831 946 3890 quilibet
965 3834 1091 3875 coercetur
1112 3830 1151 3875 vet
1171 3828 1305 3884 cohibetur,
1323 3830 1374 3874 sive

199 3902 201 3911 ¹
274 3892 421 3950 dtetrtctunr,
433 3907 465 3938 ne
475 3892 589 3954 difflua:
602 3896 653 3938 stre
663 3890 805 3955 suffultum,
817 3908 849 3939 ne
860 3899 971 3940 coement.
991 3892 1092 3939 cniffler.
1107 3894 1132 3940 S.
1156 3893 1203 3939 Vid
1217 3892 1336 3953 Ducange
1347 3892 1373 3938 in

274 3971 297 4001 V·
310 3970 350 4015 <1¹¹¹
362 3963 431 4011 Μ’
470 4020 505 4066 Eg
518 4020 625 4067 Thomas
638 4020 737 4081 Libyroe
748 4022 864 4067 nutantia
874 4020 969 4067 destina
982 4027 1062 4067 terroe.

276 4115 344 4162 ldem
357 4116 471 4176 estquod
483 4115 554 4162 hodie
566 4116 668 4176 Anglice
683 4116 799 4163 Buttrecc
808 4122 917 4162 vocatur.

311 4194 346 4226 rr.
358 4182 459 4241 septimo
471 4180 573 4240 decimo]
590 4179 688 4226 Scilicet
699 4180 808 4227 ineunte.
845 4181 921 4237 infre,
938 4179 978 4236 26,
993 4182 1059 4227 Beda
1076 4183 1110 4227 ait
1124 4181 1194 4227 illurn
1208 4180 1375 4240 episcopatum

276 4246 381 4290 tenuisse
392 4245 474 4290 decem
487 4253 510 4290 et
523 4254 614 4303 septem
628 4245 714 4301 enuis3
731 4245 794 4305 quod
807 4244 860 4304 ejus
874 4246 1016 4291 numerandi
1029 4246 1127 4292 modum
1140 4251 1323 4291 commonstrat.

312 4320 346 4367 ¹9·
359 4310 506 4354 monasterio
519 4308 667 4367 destinatus]
681 4310 747 4354 Setis
758 4317 796 4355 est
807 4309 892 4354 borum
905 4309 1034 4355 verborum
1048 4310 1137 4369 positio
1151 4309 1181 4354 nd
1196 4308 1372 4355 confutandum
1415 4311 1420 4316 “

275 4371 404 4417 absurdum
427 4384 509 4417 eorum
534 4386 639 4417 errorem
662 4374 703 4432 qui
727 4372 775 4419 Hit
795 4372 911 4430 insulam,
937 4373 1036 4420 nornine
1060 4374 1246 4420 Hir'dcstinutus
1268 4372 1374 4431 appella-

275 4442 339 4481 runt.
352 4435 377 4481 S.
