3100 5125
94 350 218 405 -1103
504 339 669 406 GENTIS
691 341 962 408 ANGLORUM.
1216 346 1279 410 lca

181 501 240 570 tes,
256 492 322 556 suis
337 515 395 579 per
419 493 500 558 'haec
522 494 655 560 infirmis
671 496 808 560 multum
825 496 981 561 commodi
1001 497 1172 562 adferrent.
1217 498 1279 579 Qui

181 579 327 644 videlicet
346 601 417 644 mos
429 581 511 644 adeo
525 580 692 660 increbuit,
707 588 746 646 ut
764 583 920 667 paulatim
939 583 1050 648 ablata
1064 582 1178 646 exinde
1191 590 1280 648 terra

180 666 299 730 fossam
317 666 360 730 ad
382 688 564 731 mensuram
580 673 714 732 staturae
728 667 827 732 virilis
846 668 1031 733 reddiderit.
1077 668 1143 734 Neo
1163 668 1279 733 miran-

181 751 258 814 dum
280 751 315 814 in
335 751 405 816 loco
430 752 544 816 mortis
565 752 647 817 illius
669 753 812 817 infirmos
835 753 952 832 sanari,
977 753 1031 840 qui
1057 776 1181 840 sempor
1204 754 1280 816 dum

156 836 304 906 sviveret
328 836 462 901 infirmis
484 844 520 902 et
544 838 737 924 pauperibus
762 839 934 914 consulere,
957 839 1169 924 eleemosynas
1192 840 1279 916 darc,

181 944 276 1007 opem
296 921 380 987 ferre
392 945 457 987 non
472 925 628 988 cessabat.
673 925 719 990 Et
738 925 840 990 multa
860 924 988 1024 quidem
1009 924 1043 987 in
1061 925 1131 991 loco
1153 925 1216 1002 illc,
1231 923 1280 989 vel

181 1008 222 1072 de
236 1008 364 1094 pulvere
378 1009 439 1073 loci
454 1009 537 1073 illius
556 1009 644 1074 facts
657 1010 814 1075 virtutum
835 1011 987 1074 miracula
1009 1017 1200 1076 narrantur:
1223 1011 1280 1074 sed

180 1094 329 1242 {osduo
353 1101 482 1160 tantum
505 1117 576 1180 quae
601 1118 623 1160 a
646 1095 820 1182 majoribus
837 1096 1031 1189 audivimus,
1058 1098 1176 1161 referre
1200 1095 1280 1161 satis

204 1201 339 1244 uxnnus.

227 1265 300 1328 Non
321 1266 423 1330 multo
444 1272 519 1351 post
540 1267 794 1331 interfectionem
814 1267 884 1351 ejus
904 1273 1018 1330 exacto
1037 1273 1190 1351 tempore,
1206 1289 1282 1331 con-

182 1350 264 1436 tigit
280 1358 318 1415 ut
340 1350 470 1435 quidam
491 1373 573 1437 equo
591 1354 704 1417 sedens
723 1352 787 1415 iter
804 1352 900 1437 juxta
914 1352 1019 1416 locum
1038 1358 1149 1437 ageret
1171 1352 1278 1428 illum;

144 1459 175 1494 ιο
183 1437 273 1521 cujus
298 1459 398 1522 equus
423 1437 530 1502 subito
554 1438 733 1516 lassescere,
758 1437 941 1516 consistere,
971 1442 1070 1524 caput
1098 1436 1131 1500 in
1159 1443 1281 1502 terram

183 1521 352 1600 declinam,
378 1544 508 1608 spumas
531 1546 572 1588 ex
600 1546 656 1589 ore
685 1523 864 1602 demittere,
891 1531 925 1589 et
953 1529 1143 1609 augescente
1172 1523 1281 1587 dolore

183 1607 289 1683 nimio,
304 1607 338 1671 in
360 1613 481 1672 terram
502 1608 601 1694 ooepit
622 1631 723 1674 ruere.
767 1609 928 1674 chsiluit
943 1631 1048 1694 eques,
1072 1615 1106 1673 et
1127 1608 1281 1674 stramine

183 1694 348 1759 substrato
362 1693 462 1780 coepit
481 1702 668 1781 exspectare
686 1695 888 1781 horamque
907 1701 965 1759 aut
983 1694 1185 1760 melioratum
1201 1695 1282 1760 racis

183 1786 275 1864 peret
295 1780 486 1864 jumentum,
509 1786 568 1846 aut
592 1780 785 1864 relinqueret
809 1787 980 1845 mortuum.
1024 1781 1073 1845 At
1096 1779 1199 1865 ipsum
1225 1779 1280 1844 diu

182 1864 273 1950 gravi
289 1864 400 1930 dolore
416 1873 577 1943 vexatum,
595 1888 669 1931 cum
692 1866 833 1930 diversas
855 1865 888 1928 in
911 1872 1021 1951 partes
1047 1888 1081 1932 se
1104 1873 1278 1950 torqueret,

183 1957 315 2035 repente
332 1952 506 2016 volutando
525 1952 652 2016 devenit
675 1951 708 2014 in
731 1951 808 2015 illud
827 1951 887 2016 loci
910 1951 964 2015 ubi
987 1973 1045 2014 rex
1066 1952 1281 2016 memorabilis

145 2036 344 2102 ¹5occubuit.
389 2037 456 2101 Nec
475 2059 574 2116 mora,
595 2038 777 2122 quiescente
800 2038 909 2101 dolore
932 2038 1078 2102 cessabat
1100 2039 1142 2102 ab
1160 2037 1280 2102 insanis

183 2124 397 2186 membrorum
416 2123 565 2201 motibus,
585 2131 619 2188 et
636 2131 789 2188 consueto
810 2144 963 2209 equorum
982 2145 1078 2200 moro,
1095 2123 1185 2208 quasi
1207 2130 1281 2208 post

183 2208 403 2272 lassitudinem
418 2208 451 2271 in
462 2209 621 2273 diversum
633 2209 720 2274 latus
728 2208 867 2274 vicissim
883 2230 951 2273 sese
964 2209 1095 2284 volvere,
1108 2208 1281 2308 statimque
1393 2244 1396 2250 ·

183 2315 357 2380 exsurgens
372 2295 461 2380 quasi
475 2294 600 2360 ¹ssnum
614 2318 671 2382 per
682 2295 798 2374 omnia,
814 2295 964 2360 mvirecta
975 2295 1145 2359 herbarum
1159 2295 1282 2360 avidius

97 2529 101 2534 .
184 2387 457 2546 cadddeilleoeiido,
473 2471 511 2530 ut
525 2466 574 2532 vir
586 2466 712 2552 sagacis
733 2466 861 2554 ingenii,
877 2464 1036 2531 intellexit
1054 2465 1174 2550 aliquid
1193 2465 1282 2530 mirae

186 2551 371 2618 sanctitatis
384 2552 457 2616 huic
479 2553 548 2617 loco
562 2575 626 2638 quo
639 2575 740 2639 equus
753 2559 804 2619 est
818 2559 957 2631 curatus,
973 2551 1096 2625 inesse;
1121 2558 1155 2616 et
1176 2551 1282 2638 posito

145 2666 178 2701 ιο
186 2638 231 2701 ibi
245 2638 345 2724 signo,
360 2661 425 2703 uon
438 2638 540 2703 multo
554 2646 628 2724 post
641 2640 788 2705 ascendit
802 2661 926 2724 equum,
939 2644 1036 2722 atque
1050 2638 1093 2701 ad
1107 2638 1283 2724 hospitium

185 2746 250 2873 lqpo
266 2731 490 2823 proposuerat,
503 2726 673 2825 accessitz·
684 2748 747 2825 quo
768 2726 846 2789 dum
866 2722 1040 2873 adpqpiret,
1055 2723 1176 2872 invqnit
1197 2725 1282 2809 puel-

185 2811 743 2963 stlttffltlffifftttt
757 2812 856 2975 lili,
870 2833 913 2960 ld
932 2831 1282 2980 ,dlismssleiaegllliss

185 2981 392 3132 urbitatebipdpo
413 2988 571 3067 praesente
591 2988 809 3067 quererentur,
828 2981 928 3131 coepiit
950 2980 1058 3129 dgpcrp
1079 2981 1131 3045 ille
1154 2982 1283 3047 deloco

185 3090 207 3129 u
230 3067 241 3130 i
265 3090 304 3132 ca
367 3089 406 3131 us
430 3090 506 3131 suus
530 3075 615 3131 esset
639 3074 780 3131 curatus.
854 3090 886 3131 ιιι
931 3089 964 3130 ιιι
997 3074 1051 3132 tu.
1085 3067 1129 3130 im
1151 3075 1283 3132 onentes

185 3174 257 3216 cam
271 3176 373 3229 carro,
389 3154 550 3218 duxerunt
570 3154 613 3217 ad
635 3153 748 3228 locum,
763 3068 944 3239 ibidquue
966 3091 1189 3238 deposuerdnt.
1234 3153 1283 3218 At

144 3238 239 3313 25illa
260 3240 368 3325 posita
389 3239 422 3301 in
444 3238 962 3325 1¹loco,obdormivitparumper;
993 3246 1028 3303 et
1042 3239 1097 3302 ubi
1112 3239 1281 3323 evigilavit,

184 3332 332 3390 sanatam
351 3347 386 3389 se
407 3326 450 3389 ab
473 3325 527 3389 illa
550 3325 695 3409 corporis
717 3324 924 3391 dissolutione
948 3324 1097 3401 sentiens,
1120 3323 1283 3410 postulata

182 3433 278 3495 equs,
294 3411 365 3497 ipsa
378 3411 457 3475 lavit
470 3410 593 3489 faciam,
611 3411 716 3475 crines
734 3412 924 3496 composuit,
940 3417 1038 3496 caput
1057 3410 1156 3474 linteo
1171 3432 1283 3495 coope

184 3497 260 3573 ruit,
276 3504 398 3561 etcum
418 3496 469 3561 his
491 3496 545 3582 qui
567 3519 602 3561 se
622 3496 834 3575 adduxerant,
850 3519 929 3562 sana
950 3495 1084 3581 pedibus
1106 3495 1283 3582 incedendo

185 3603 313 3646 reverse
326 3588 385 3647 est.

643 3733 751 3799 CAP.
777 3735 825 3798 X.
943 3724 945 3729 ’

143 3862 177 3911 30
413 3840 451 3896 Ut
458 3839 553 3914 pulvis
566 3839 620 3896 loci
632 3839 708 3897 illius
721 3847 817 3897 contra
830 3840 918 3915 ipnem
931 3839 1056 3895 calamit.

229 3933 363 3997 ⁰Eonnn
381 3942 448 3998 tem
471 3956 526 3998 ore
544 3934 630 3998 venit
647 3933 728 3998 alius
742 3934 871 4020 quidam
887 3934 926 3997 de
940 3932 1071 3996 natione
1086 3930 1281 4008 Brittonum,
1292 3952 1438 4003 nasutum

185 4026 224 4083 ut
237 4019 353 4097 lerunt,
369 4020 432 4083 iter
445 3957 566 4084 liciens
582 4021 678 4105 juxta
692 4020 797 4105 ipsum
816 4020 921 4083 locum
935 4018 969 4080 in
984 4040 1046 4103 quo
1060 4017 1197 4102 praefata
1211 4024 1282 4081 crat
1291 4018 1316 4065 ³¹¹
1325 4019 1445 4101 incendu-
1457 4052 1472 4063 -·

185 4127 294 4192 pugna
314 4105 491 4192 completa;
526 4113 560 4169 et
574 4106 655 4169 vidit
672 4104 766 4168 unius
784 4104 846 4167 loci
864 4103 1004 4189 spatium
1028 4109 1145 4167 caetero
1169 4124 1283 4187 campo
1315 4104 1328 4111 ”

185 4190 320 4256 viridius
334 4214 373 4257 ac
388 4192 569 4256 venustius:
594 4214 643 4255 coe
669 4189 758 4276 itque
773 4189 881 4277 sagaci
899 4188 1005 4253 animo
1026 4189 1182 4274 conjicere
1197 4190 1282 4274 quod

186 4277 272 4341 nulla
286 4285 371 4342 esset
385 4278 448 4342 alia
462 4300 559 4342 causa
574 4214 710 4341 insolitae
729 4276 783 4339 illo
801 4275 834 4339 in
848 4276 919 4339 loco
934 4274 1116 4373 viriditatis,
1132 4273 1192 4338 nisi
1209 4274 1285 4361 quia

174 4462 360 4511 ,iacvss
448 4462 594 4510 suessos
607 4462 638 4513 V.
728 4462 824 4510 tronus
836 4460 866 4509 V.
948 4460 1062 4508 marea
1074 4462 1103 4507 V.
1181 4434 1286 4509 11100001

187 4529 259 4574 illum
271 4528 302 4574 V.
400 4538 414 4567 ⁰
427 4526 467 4574 Eo
479 4533 588 4589 tempore
599 4528 629 4575 V.
