<?xml version="1.0" encoding="UTF-8"?>
<!DOCTYPE html PUBLIC "-//W3C//DTD XHTML 1.0 Transitional//EN"
    "http://www.w3.org/TR/xhtml1/DTD/xhtml1-transitional.dtd">
<html xmlns="http://www.w3.org/1999/xhtml" xml:lang="en" lang="en">
 <head>
  <title>
</title>
<meta http-equiv="Content-Type" content="text/html;charset=utf-8" />
  <meta name='ocr-system' content='tesseract 3.04.00' />
  <meta name='ocr-capabilities' content='ocr_page ocr_carea ocr_par ocr_line ocrx_word'/>
</head>
<body>
  <div class='ocr_page' id='page_1' title='image "./historiaecclesi00hussgoog/historiaecclesi00hussgoog_0029.png"; bbox 0 0 3100 5125; ppageno 0'>
   <div class='ocr_carea' id='block_1_1' title="bbox 272 282 1453 357">
    <p class='ocr_par' dir='ltr' id='par_1_1' title="bbox 272 282 1453 357">
     <span class='ocr_line' id='line_1_1' title="bbox 272 282 1453 357; baseline -0.004 -3"><span class='ocrx_word' id='word_1_1' title='bbox 272 293 314 355; x_wconf 91' lang='lat'>10</span> <span class='ocrx_word' id='word_1_2' title='bbox 602 292 840 357; x_wconf 81' lang='lat' dir='ltr'>HISTORIAE</span> <span class='ocrx_word' id='word_1_3' title='bbox 862 292 1039 357; x_wconf 81' lang='lat' dir='ltr'>EOOLES.</span> <span class='ocrx_word' id='word_1_4' title='bbox 1339 282 1366 346; x_wconf 93' lang='lat' dir='ltr'>I.</span> <span class='ocrx_word' id='word_1_5' title='bbox 1384 302 1453 349; x_wconf 83' lang='lat'>2—</span> 
     </span>
    </p>
   </div>
   <div class='ocr_carea' id='block_1_2' title="bbox 185 444 1410 1212">
    <p class='ocr_par' dir='ltr' id='par_1_2' title="bbox 271 444 1370 614">
     <span class='ocr_line' id='line_1_2' title="bbox 271 444 1370 614; baseline -0.003 -23"><span class='ocrx_word' id='word_1_6' title='bbox 271 444 1370 614; x_wconf 51' lang='lat' dir='ltr'>Sutttffl..⁰t.t⁰”tttttttttttffitgtitt.</span> 
     </span>
    </p>

    <p class='ocr_par' dir='ltr' id='par_1_3' title="bbox 185 553 1410 1212">
     <span class='ocr_line' id='line_1_3' title="bbox 185 553 1370 697; baseline -0.002 -22"><span class='ocrx_word' id='word_1_7' title='bbox 185 643 190 650; x_wconf 94' lang='lat'><em>·</em></span> <span class='ocrx_word' id='word_1_8' title='bbox 273 612 420 691; x_wconf 80' lang='lat' dir='ltr'><strong>diximus,</strong></span> <span class='ocrx_word' id='word_1_9' title='bbox 443 615 573 679; x_wconf 77' lang='lat' dir='ltr'><strong>tertiam</strong></span> <span class='ocrx_word' id='word_1_10' title='bbox 593 614 628 678; x_wconf 93' lang='lat' dir='ltr'>in</span> <span class='ocrx_word' id='word_1_11' title='bbox 639 553 812 679; x_wconf 55' lang='lat' dir='ltr'>Brittania</span> <span class='ocrx_word' id='word_1_12' title='bbox 833 614 1035 679; x_wconf 91' lang='lat' dir='ltr'>Brittonibns</span> <span class='ocrx_word' id='word_1_13' title='bbox 1058 620 1092 678; x_wconf 90' lang='lat' dir='ltr'>et</span> <span class='ocrx_word' id='word_1_14' title='bbox 1118 611 1219 676; x_wconf 88' lang='lat' dir='ltr'>Pictis</span> <span class='ocrx_word' id='word_1_15' title='bbox 1241 617 1370 697; x_wconf 82' lang='lat' dir='ltr'>gentem</span> 
     </span>
     <span class='ocr_line' id='line_1_4' title="bbox 272 694 1370 784; baseline -0.004 -21"><span class='ocrx_word' id='word_1_16' title='bbox 272 698 474 763; x_wconf 88' lang='lat' dir='ltr'>addiderunt.</span> <span class='ocrx_word' id='word_1_17' title='bbox 518 701 580 765; x_wconf 87' lang='lat' dir='ltr'>Est</span> <span class='ocrx_word' id='word_1_18' title='bbox 601 708 709 765; x_wconf 87' lang='lat' dir='ltr'>autem</span> <span class='ocrx_word' id='word_1_19' title='bbox 734 701 821 765; x_wconf 90' lang='lat' dir='ltr'>sinus</span> <span class='ocrx_word' id='word_1_20' title='bbox 846 700 943 765; x_wconf 90' lang='lat' dir='ltr'>maris</span> <span class='ocrx_word' id='word_1_21' title='bbox 965 698 1188 784; x_wconf 87' lang='lat' dir='ltr'>permaximus,</span> <span class='ocrx_word' id='word_1_22' title='bbox 1211 696 1266 781; x_wconf 87' lang='lat' dir='ltr'>qui</span> <span class='ocrx_word' id='word_1_23' title='bbox 1287 694 1370 760; x_wconf 85' lang='lat' dir='ltr'>anti-</span> 
     </span>
     <span class='ocr_line' id='line_1_5' title="bbox 272 782 1370 869; baseline -0.002 -22"><span class='ocrx_word' id='word_1_24' title='bbox 272 782 380 867; x_wconf 90' lang='lat' dir='ltr'>quitus</span> <span class='ocrx_word' id='word_1_25' title='bbox 394 792 521 869; x_wconf 84' lang='lat' dir='ltr'>gentem</span> <span class='ocrx_word' id='word_1_26' title='bbox 535 784 719 850; x_wconf 90' lang='lat' dir='ltr'>Brittonum</span> <span class='ocrx_word' id='word_1_27' title='bbox 733 809 754 849; x_wconf 86' lang='lat' dir='ltr'>a</span> <span class='ocrx_word' id='word_1_28' title='bbox 769 785 871 850; x_wconf 84' lang='lat' dir='ltr'>Pictis</span> <span class='ocrx_word' id='word_1_29' title='bbox 882 786 1076 863; x_wconf 76' lang='lat' dir='ltr'>secernebat,</span> <span class='ocrx_word' id='word_1_30' title='bbox 1088 784 1143 869; x_wconf 88' lang='lat' dir='ltr'>qui</span> <span class='ocrx_word' id='word_1_31' title='bbox 1154 785 1196 847; x_wconf 90' lang='lat' dir='ltr'>ab</span> <span class='ocrx_word' id='word_1_32' title='bbox 1207 782 1370 847; x_wconf 82' lang='lat' dir='ltr'>oecidente</span> 
     </span>
     <span class='ocr_line' id='line_1_6' title="bbox 271 869 1368 957; baseline -0.003 -25"><span class='ocrx_word' id='word_1_33' title='bbox 271 870 305 932; x_wconf 91' lang='lat' dir='ltr'>in</span> <span class='ocrx_word' id='word_1_34' title='bbox 319 877 421 933; x_wconf 89' lang='lat' dir='ltr'>terras</span> <span class='ocrx_word' id='word_1_35' title='bbox 435 870 529 955; x_wconf 92' lang='lat' dir='ltr'>longo</span> <span class='ocrx_word' id='word_1_36' title='bbox 543 871 648 956; x_wconf 89' lang='lat' dir='ltr'>spatio</span> <span class='ocrx_word' id='word_1_37' title='bbox 662 872 810 957; x_wconf 81' lang='lat' dir='ltr'>erumpit,</span> <span class='ocrx_word' id='word_1_38' title='bbox 826 871 881 936; x_wconf 93' lang='lat' dir='ltr'>ubi</span> <span class='ocrx_word' id='word_1_39' title='bbox 901 880 951 937; x_wconf 91' lang='lat' dir='ltr'>est</span> <span class='ocrx_word' id='word_1_40' title='bbox 971 870 1083 935; x_wconf 86' lang='lat' dir='ltr'>civitas</span> <span class='ocrx_word' id='word_1_41' title='bbox 1099 869 1284 934; x_wconf 91' lang='lat' dir='ltr'>Brittonum</span> <span class='ocrx_word' id='word_1_42' title='bbox 1302 889 1368 929; x_wconf 93' lang='lat' dir='ltr'>mu·</span> 
     </span>
     <span class='ocr_line' id='line_1_7' title="bbox 271 952 1410 1041; baseline 0.004 -24"><span class='ocrx_word' id='word_1_43' title='bbox 271 954 429 1019; x_wconf 85' lang='lat' dir='ltr'>nitissima</span> <span class='ocrx_word' id='word_1_44' title='bbox 451 978 550 1041; x_wconf 89' lang='lat' dir='ltr'>usque</span> <span class='ocrx_word' id='word_1_45' title='bbox 571 956 666 1020; x_wconf 92' lang='lat' dir='ltr'>hodie</span> <span class='ocrx_word' id='word_1_46' title='bbox 688 980 759 1041; x_wconf 88' lang='lat' dir='ltr'>quae</span> <span class='ocrx_word' id='word_1_47' title='bbox 780 963 913 1021; x_wconf 86' lang='lat' dir='ltr'>vocatur</span> <span class='ocrx_word' id='word_1_48' title='bbox 929 957 1092 1021; x_wconf 90' lang='lat' dir='ltr'>Aloluith:</span> <span class='ocrx_word' id='word_1_49' title='bbox 1114 956 1156 1021; x_wconf 88' lang='lat' dir='ltr'>ad</span> <span class='ocrx_word' id='word_1_50' title='bbox 1179 952 1410 1039; x_wconf 84' lang='lat' dir='ltr'>cujusvide-15</span> 
     </span>
     <span class='ocr_line' id='line_1_8' title="bbox 271 1039 1368 1127; baseline -0.002 -23"><span class='ocrx_word' id='word_1_51' title='bbox 271 1040 346 1105; x_wconf 88' lang='lat' dir='ltr'>lieet</span> <span class='ocrx_word' id='word_1_52' title='bbox 375 1041 462 1104; x_wconf 91' lang='lat' dir='ltr'>sinus</span> <span class='ocrx_word' id='word_1_53' title='bbox 491 1049 617 1126; x_wconf 84' lang='lat' dir='ltr'>partem</span> <span class='ocrx_word' id='word_1_54' title='bbox 651 1042 942 1127; x_wconf 71' lang='lat' dir='ltr'>septemtrionalem</span> <span class='ocrx_word' id='word_1_55' title='bbox 971 1043 1084 1119; x_wconf 66' lang='lat' dir='ltr'>stetui,</span> <span class='ocrx_word' id='word_1_56' title='bbox 1114 1062 1194 1126; x_wconf 91' lang='lat' dir='ltr'>quos</span> <span class='ocrx_word' id='word_1_57' title='bbox 1223 1039 1368 1114; x_wconf 80' lang='lat' dir='ltr'>diximus,</span> 
     </span>
     <span class='ocr_line' id='line_1_9' title="bbox 270 1126 968 1212; baseline 0.001 -21"><span class='ocrx_word' id='word_1_58' title='bbox 270 1126 483 1204; x_wconf 84' lang='lat' dir='ltr'>advenientes,</span> <span class='ocrx_word' id='word_1_59' title='bbox 497 1127 558 1191; x_wconf 83' lang='lat' dir='ltr'>sibi</span> <span class='ocrx_word' id='word_1_60' title='bbox 573 1129 675 1191; x_wconf 86' lang='lat' dir='ltr'>locum</span> <span class='ocrx_word' id='word_1_61' title='bbox 689 1128 803 1212; x_wconf 82' lang='lat' dir='ltr'>patriae</span> <span class='ocrx_word' id='word_1_62' title='bbox 818 1129 968 1192; x_wconf 83' lang='lat' dir='ltr'>fecerunt.</span> 
     </span>
    </p>
   </div>
   <div class='ocr_carea' id='block_1_3' title="bbox 406 1228 909 1348">
    <p class='ocr_par' dir='ltr' id='par_1_4' title="bbox 406 1228 909 1348">
     <span class='ocr_line' id='line_1_10' title="bbox 406 1228 909 1348; baseline -0.002 0"><span class='ocrx_word' id='word_1_63' title='bbox 406 1228 410 1254; x_wconf 42' lang='lat' dir='ltr'>I</span> <span class='ocrx_word' id='word_1_64' title='bbox 731 1282 840 1348; x_wconf 81' lang='lat' dir='ltr'><strong>OAP.</strong></span> <span class='ocrx_word' id='word_1_65' title='bbox 864 1283 909 1347; x_wconf 92' lang='grc' dir='ltr'>ΙΙ.</span> 
     </span>
    </p>
   </div>
   <div class='ocr_carea' id='block_1_4' title="bbox 392 1385 1254 1462">
    <p class='ocr_par' dir='ltr' id='par_1_5' title="bbox 392 1385 1254 1462">
     <span class='ocr_line' id='line_1_11' title="bbox 392 1385 1254 1462; baseline -0.001 -20"><span class='ocrx_word' id='word_1_66' title='bbox 392 1385 430 1442; x_wconf 89' lang='lat' dir='ltr'>Ut</span> <span class='ocrx_word' id='word_1_67' title='bbox 443 1387 610 1443; x_wconf 79' lang='lat' dir='ltr'>Brittaniam</span> <span class='ocrx_word' id='word_1_68' title='bbox 618 1388 728 1462; x_wconf 82' lang='lat' dir='ltr'>primus</span> <span class='ocrx_word' id='word_1_69' title='bbox 741 1388 924 1445; x_wconf 82' lang='lat' dir='ltr'>Romanorum</span> <span class='ocrx_word' id='word_1_70' title='bbox 941 1388 1027 1443; x_wconf 79' lang='lat' dir='ltr'>Gaius</span> <span class='ocrx_word' id='word_1_71' title='bbox 1038 1387 1133 1445; x_wconf 80' lang='lat' dir='ltr'>Julius</span> <span class='ocrx_word' id='word_1_72' title='bbox 1146 1386 1254 1443; x_wconf 85' lang='lat' dir='ltr'>adierit.</span> 
     </span>
    </p>
   </div>
   <div class='ocr_carea' id='block_1_5' title="bbox 108 1480 1414 3189">
    <p class='ocr_par' dir='ltr' id='par_1_6' title="bbox 127 1480 1370 1567">
     <span class='ocr_line' id='line_1_12' title="bbox 127 1480 1370 1567; baseline 0 -24"><span class='ocrx_word' id='word_1_73' title='bbox 127 1487 193 1564; x_wconf 60' lang='lat'>⁸2⁰·</span> <span class='ocrx_word' id='word_1_74' title='bbox 206 1485 246 1536; x_wconf 83' lang='lat'>60·</span> <span class='ocrx_word' id='word_1_75' title='bbox 315 1480 435 1544; x_wconf 82' lang='lat' dir='ltr'>Vnnuu</span> <span class='ocrx_word' id='word_1_76' title='bbox 456 1483 566 1546; x_wconf 90' lang='lat' dir='ltr'>eadem</span> <span class='ocrx_word' id='word_1_77' title='bbox 581 1482 745 1547; x_wconf 77' lang='lat' dir='ltr'>Brittania</span> <span class='ocrx_word' id='word_1_78' title='bbox 760 1483 912 1548; x_wconf 86' lang='lat' dir='ltr'>Romanis</span> <span class='ocrx_word' id='word_1_79' title='bbox 934 1483 1095 1567; x_wconf 88' lang='lat' dir='ltr'>usquead</span> <span class='ocrx_word' id='word_1_80' title='bbox 1116 1482 1233 1545; x_wconf 82' lang='lat' dir='ltr'>Gaium</span> <span class='ocrx_word' id='word_1_81' title='bbox 1248 1480 1370 1544; x_wconf 88' lang='lat' dir='ltr'>Julium</span> 
     </span>
    </p>

    <p class='ocr_par' dir='ltr' id='par_1_7' title="bbox 108 1554 1414 3189">
     <span class='ocr_line' id='line_1_13' title="bbox 108 1554 1412 1655; baseline -0.001 -25"><span class='ocrx_word' id='word_1_82' title='bbox 108 1554 197 1603; x_wconf 55' lang='lat'>‘&#39;⁰¹¹¹&#39;‘</span> <span class='ocrx_word' id='word_1_83' title='bbox 272 1565 430 1631; x_wconf 81' lang='lat' dir='ltr'>Oaesarem</span> <span class='ocrx_word' id='word_1_84' title='bbox 451 1567 611 1632; x_wconf 80' lang='lat' dir='ltr'>inaccessa</span> <span class='ocrx_word' id='word_1_85' title='bbox 632 1574 730 1653; x_wconf 87' lang='lat' dir='ltr'>atque</span> <span class='ocrx_word' id='word_1_86' title='bbox 752 1568 914 1655; x_wconf 86' lang='lat' dir='ltr'>incognita</span> <span class='ocrx_word' id='word_1_87' title='bbox 927 1568 1007 1632; x_wconf 88' lang='lat' dir='ltr'>fuit:</span> <span class='ocrx_word' id='word_1_88' title='bbox 1035 1568 1090 1652; x_wconf 88' lang='lat' dir='ltr'>qui</span> <span class='ocrx_word' id='word_1_89' title='bbox 1111 1590 1198 1631; x_wconf 88' lang='lat' dir='ltr'>anne</span> <span class='ocrx_word' id='word_1_90' title='bbox 1215 1567 1257 1630; x_wconf 92' lang='lat' dir='ltr'>ab</span> <span class='ocrx_word' id='word_1_91' title='bbox 1278 1566 1412 1629; x_wconf 67' lang='lat' dir='ltr'>Urbano</span> 
     </span>
     <span class='ocr_line' id='line_1_14' title="bbox 271 1652 1370 1739; baseline 0.001 -25"><span class='ocrx_word' id='word_1_92' title='bbox 271 1652 402 1716; x_wconf 86' lang='lat' dir='ltr'>condita</span> <span class='ocrx_word' id='word_1_93' title='bbox 422 1654 652 1717; x_wconf 84' lang='lat' dir='ltr'>sexcentesimo</span> <span class='ocrx_word' id='word_1_94' title='bbox 677 1655 881 1739; x_wconf 88' lang='lat' dir='ltr'>nonagesimo</span> <span class='ocrx_word' id='word_1_95' title='bbox 902 1654 1009 1730; x_wconf 87' lang='lat' dir='ltr'>tertie,</span> <span class='ocrx_word' id='word_1_96' title='bbox 1032 1661 1108 1717; x_wconf 86' lang='lat' dir='ltr'>ante</span> <span class='ocrx_word' id='word_1_97' title='bbox 1130 1675 1204 1717; x_wconf 90' lang='lat' dir='ltr'>vero</span> <span class='ocrx_word' id='word_1_98' title='bbox 1227 1652 1370 1715; x_wconf 73' lang='lat' dir='ltr'>incarna-</span> 
     </span>
     <span class='ocr_line' id='line_1_15' title="bbox 271 1736 1371 1825; baseline -0.002 -24"><span class='ocrx_word' id='word_1_99' title='bbox 271 1736 368 1801; x_wconf 81' lang='lat' dir='ltr'>tionis</span> <span class='ocrx_word' id='word_1_100' title='bbox 398 1738 574 1803; x_wconf 85' lang='lat' dir='ltr'>Dominieae</span> <span class='ocrx_word' id='word_1_101' title='bbox 604 1746 730 1823; x_wconf 91' lang='lat' dir='ltr'>tempus</span> <span class='ocrx_word' id='word_1_102' title='bbox 757 1762 842 1803; x_wconf 90' lang='lat' dir='ltr'>anno</span> <span class='ocrx_word' id='word_1_103' title='bbox 871 1740 1078 1825; x_wconf 85' lang='lat' dir='ltr'>sexagesimo,</span> <span class='ocrx_word' id='word_1_104' title='bbox 1106 1738 1233 1801; x_wconf 85' lang='lat' dir='ltr'>functus</span> <span class='ocrx_word' id='word_1_105' title='bbox 1269 1737 1371 1822; x_wconf 89' lang='lat' dir='ltr'>gradu</span> 
     </span>
     <span class='ocr_line' id='line_1_16' title="bbox 271 1823 1371 1901; baseline 0.001 -16"><span class='ocrx_word' id='word_1_106' title='bbox 271 1824 454 1887; x_wconf 84' lang='lat' dir='ltr'>consulatus</span> <span class='ocrx_word' id='word_1_107' title='bbox 474 1846 546 1887; x_wconf 89' lang='lat' dir='ltr'>cnm</span> <span class='ocrx_word' id='word_1_108' title='bbox 566 1824 665 1887; x_wconf 90' lang='lat' dir='ltr'>Lucio</span> <span class='ocrx_word' id='word_1_109' title='bbox 680 1824 804 1901; x_wconf 90' lang='lat' dir='ltr'>Bibulo,</span> <span class='ocrx_word' id='word_1_110' title='bbox 821 1826 897 1887; x_wconf 90' lang='lat' dir='ltr'>dum</span> <span class='ocrx_word' id='word_1_111' title='bbox 916 1832 1028 1889; x_wconf 88' lang='lat' dir='ltr'>eontra</span> <span class='ocrx_word' id='word_1_112' title='bbox 1047 1826 1279 1888; x_wconf 80' lang='lat' dir='ltr'>Germanorum</span> <span class='ocrx_word' id='word_1_113' title='bbox 1298 1823 1371 1886; x_wconf 81' lang='lat' dir='ltr'>Gal·</span> 
     </span>
     <span class='ocr_line' id='line_1_17' title="bbox 271 1907 1370 1993; baseline 0 -24"><span class='ocrx_word' id='word_1_114' title='bbox 271 1907 436 1992; x_wconf 88' lang='lat' dir='ltr'>lornmqne</span> <span class='ocrx_word' id='word_1_115' title='bbox 460 1916 571 1993; x_wconf 84' lang='lat' dir='ltr'>gentes</span> <span class='ocrx_word' id='word_1_116' title='bbox 601 1909 655 1992; x_wconf 91' lang='lat' dir='ltr'>qui</span> <span class='ocrx_word' id='word_1_117' title='bbox 685 1910 797 1974; x_wconf 86' lang='lat' dir='ltr'>Rheno</span> <span class='ocrx_word' id='word_1_118' title='bbox 822 1916 950 1974; x_wconf 89' lang='lat' dir='ltr'>tantum</span> <span class='ocrx_word' id='word_1_119' title='bbox 973 1909 1102 1973; x_wconf 91' lang='lat' dir='ltr'>flumine</span> <span class='ocrx_word' id='word_1_120' title='bbox 1131 1908 1370 1985; x_wconf 87' lang='lat' dir='ltr'>dirimebantur,</span> 
     </span>
     <span class='ocr_line' id='line_1_18' title="bbox 271 1992 1371 2077; baseline -0.001 -21"><span class='ocrx_word' id='word_1_121' title='bbox 271 1992 388 2056; x_wconf 87' lang='lat' dir='ltr'>bellum</span> <span class='ocrx_word' id='word_1_122' title='bbox 408 2001 542 2077; x_wconf 84' lang='lat' dir='ltr'>gereret,</span> <span class='ocrx_word' id='word_1_123' title='bbox 559 1994 646 2058; x_wconf 88' lang='lat' dir='ltr'>venit</span> <span class='ocrx_word' id='word_1_124' title='bbox 667 1996 709 2058; x_wconf 86' lang='lat' dir='ltr'>ad</span> <span class='ocrx_word' id='word_1_125' title='bbox 732 1995 886 2072; x_wconf 88' lang='lat' dir='ltr'>Morinos,</span> <span class='ocrx_word' id='word_1_126' title='bbox 903 1997 986 2059; x_wconf 92' lang='lat' dir='ltr'>unde</span> <span class='ocrx_word' id='word_1_127' title='bbox 1005 1995 1039 2057; x_wconf 92' lang='lat' dir='ltr'>in</span> <span class='ocrx_word' id='word_1_128' title='bbox 1054 1994 1249 2058; x_wconf 88' lang='lat' dir='ltr'>Brittaniam</span> <span class='ocrx_word' id='word_1_129' title='bbox 1267 1992 1371 2077; x_wconf 82' lang='lat' dir='ltr'>proxi-</span> 
     </span>
     <span class='ocr_line' id='line_1_19' title="bbox 272 2078 1371 2163; baseline 0.002 -23"><span class='ocrx_word' id='word_1_130' title='bbox 272 2099 342 2141; x_wconf 90' lang='lat' dir='ltr'>mus</span> <span class='ocrx_word' id='word_1_131' title='bbox 364 2085 398 2141; x_wconf 90' lang='lat' dir='ltr'>et</span> <span class='ocrx_word' id='word_1_132' title='bbox 419 2079 621 2143; x_wconf 90' lang='lat' dir='ltr'>brevissimus</span> <span class='ocrx_word' id='word_1_133' title='bbox 638 2080 793 2144; x_wconf 84' lang='lat' dir='ltr'>transitus</span> <span class='ocrx_word' id='word_1_134' title='bbox 816 2088 873 2159; x_wconf 87' lang='lat' dir='ltr'>est,</span> <span class='ocrx_word' id='word_1_135' title='bbox 890 2088 923 2145; x_wconf 91' lang='lat' dir='ltr'>et</span> <span class='ocrx_word' id='word_1_136' title='bbox 945 2080 1077 2145; x_wconf 90' lang='lat' dir='ltr'>navibus</span> <span class='ocrx_word' id='word_1_137' title='bbox 1099 2078 1252 2143; x_wconf 88' lang='lat' dir='ltr'>onerariis</span> <span class='ocrx_word' id='word_1_138' title='bbox 1274 2085 1371 2163; x_wconf 88' lang='lat' dir='ltr'>atque</span> 
     </span>
     <span class='ocr_line' id='line_1_20' title="bbox 271 2163 1412 2264; baseline -0.004 -37"><span class='ocrx_word' id='word_1_139' title='bbox 271 2163 423 2227; x_wconf 87' lang='lat' dir='ltr'>actuariis</span> <span class='ocrx_word' id='word_1_140' title='bbox 439 2164 566 2228; x_wconf 87' lang='lat' dir='ltr'>circiter</span> <span class='ocrx_word' id='word_1_141' title='bbox 580 2165 744 2264; x_wconf 84' lang='lat' dir='ltr'>octoginta</span> <span class='ocrx_word' id='word_1_142' title='bbox 758 2166 957 2251; x_wconf 85' lang='lat' dir='ltr'>praeparatis,</span> <span class='ocrx_word' id='word_1_143' title='bbox 973 2166 1006 2228; x_wconf 89' lang='lat' dir='ltr'>in</span> <span class='ocrx_word' id='word_1_144' title='bbox 1021 2164 1215 2229; x_wconf 88' lang='lat' dir='ltr'>Brittaniam</span> <span class='ocrx_word' id='word_1_145' title='bbox 1230 2171 1370 2229; x_wconf 88' lang='lat' dir='ltr'>transve-</span> <span class='ocrx_word' id='word_1_146' title='bbox 1380 2186 1412 2237; x_wconf 77' lang='lat'>²5</span> 
     </span>
     <span class='ocr_line' id='line_1_21' title="bbox 271 2247 1371 2337; baseline 0.003 -27"><span class='ocrx_word' id='word_1_147' title='bbox 271 2247 369 2325; x_wconf 86' lang='lat' dir='ltr'>hitur,</span> <span class='ocrx_word' id='word_1_148' title='bbox 397 2248 451 2311; x_wconf 92' lang='lat' dir='ltr'>ubi</span> <span class='ocrx_word' id='word_1_149' title='bbox 477 2252 592 2314; x_wconf 86' lang='lat' dir='ltr'>acerba</span> <span class='ocrx_word' id='word_1_150' title='bbox 617 2273 755 2333; x_wconf 82' lang='lat' dir='ltr'>prrmum</span> <span class='ocrx_word' id='word_1_151' title='bbox 777 2274 885 2337; x_wconf 89' lang='lat' dir='ltr'>pugna</span> <span class='ocrx_word' id='word_1_152' title='bbox 908 2251 1072 2336; x_wconf 82' lang='lat' dir='ltr'>fatigatus,</span> <span class='ocrx_word' id='word_1_153' title='bbox 1099 2249 1214 2313; x_wconf 88' lang='lat' dir='ltr'>deinde</span> <span class='ocrx_word' id='word_1_154' title='bbox 1238 2250 1371 2313; x_wconf 88' lang='lat' dir='ltr'>adversa</span> 
     </span>
     <span class='ocr_line' id='line_1_22' title="bbox 271 2336 1372 2420; baseline 0.003 -25"><span class='ocrx_word' id='word_1_155' title='bbox 271 2339 464 2417; x_wconf 85' lang='lat' dir='ltr'>tempestate</span> <span class='ocrx_word' id='word_1_156' title='bbox 478 2343 652 2419; x_wconf 84' lang='lat' dir='ltr'>correptus,</span> <span class='ocrx_word' id='word_1_157' title='bbox 664 2336 833 2419; x_wconf 90' lang='lat' dir='ltr'>plurimam</span> <span class='ocrx_word' id='word_1_158' title='bbox 845 2336 952 2401; x_wconf 87' lang='lat' dir='ltr'>elassis</span> <span class='ocrx_word' id='word_1_159' title='bbox 967 2342 1101 2420; x_wconf 88' lang='lat' dir='ltr'>partem,</span> <span class='ocrx_word' id='word_1_160' title='bbox 1114 2341 1147 2399; x_wconf 90' lang='lat' dir='ltr'>et</span> <span class='ocrx_word' id='word_1_161' title='bbox 1161 2357 1226 2398; x_wconf 91' lang='lat' dir='ltr'>non</span> <span class='ocrx_word' id='word_1_162' title='bbox 1240 2357 1372 2419; x_wconf 90' lang='lat' dir='ltr'>parvum</span> 
     </span>
     <span class='ocr_line' id='line_1_23' title="bbox 271 2419 1371 2506; baseline 0.004 -26"><span class='ocrx_word' id='word_1_163' title='bbox 271 2440 437 2482; x_wconf 86' lang='lat' dir='ltr'>numerum</span> <span class='ocrx_word' id='word_1_164' title='bbox 462 2420 607 2497; x_wconf 88' lang='lat' dir='ltr'>militum,</span> <span class='ocrx_word' id='word_1_165' title='bbox 633 2422 776 2505; x_wconf 91' lang='lat' dir='ltr'>equitum</span> <span class='ocrx_word' id='word_1_166' title='bbox 805 2445 879 2485; x_wconf 91' lang='lat' dir='ltr'>vero</span> <span class='ocrx_word' id='word_1_167' title='bbox 907 2444 988 2506; x_wconf 92' lang='lat' dir='ltr'>pene</span> <span class='ocrx_word' id='word_1_168' title='bbox 1017 2443 1143 2485; x_wconf 89' lang='lat' dir='ltr'>omnem</span> <span class='ocrx_word' id='word_1_169' title='bbox 1173 2419 1371 2504; x_wconf 83' lang='lat' dir='ltr'>disperdidit.</span> 
     </span>
     <span class='ocr_line' id='line_1_24' title="bbox 272 2503 1372 2592; baseline 0.001 -24"><span class='ocrx_word' id='word_1_170' title='bbox 272 2503 447 2590; x_wconf 83' lang='lat' dir='ltr'>Regressus</span> <span class='ocrx_word' id='word_1_171' title='bbox 468 2505 502 2568; x_wconf 93' lang='lat' dir='ltr'>in</span> <span class='ocrx_word' id='word_1_172' title='bbox 523 2506 667 2584; x_wconf 67' lang='lat' dir='ltr'>Galliam,</span> <span class='ocrx_word' id='word_1_173' title='bbox 687 2521 703 2567; x_wconf 75' lang='grc' dir='ltr'><em>ε</em></span> <span class='ocrx_word' id='word_1_174' title='bbox 709 2507 847 2592; x_wconf 86' lang='lat' dir='ltr'>legiones</span> <span class='ocrx_word' id='word_1_175' title='bbox 869 2506 902 2570; x_wconf 93' lang='lat' dir='ltr'>in</span> <span class='ocrx_word' id='word_1_176' title='bbox 924 2507 1079 2572; x_wconf 88' lang='lat' dir='ltr'>hhiberna</span> <span class='ocrx_word' id='word_1_177' title='bbox 1100 2505 1229 2585; x_wconf 88' lang='lat' dir='ltr'>dimisit,</span> <span class='ocrx_word' id='word_1_178' title='bbox 1245 2528 1283 2570; x_wconf 89' lang='lat' dir='ltr'>ae</span> <span class='ocrx_word' id='word_1_179' title='bbox 1304 2528 1372 2570; x_wconf 85' lang='lat' dir='ltr'>sex-</span> 
     </span>
     <span class='ocr_line' id='line_1_25' title="bbox 271 2591 1372 2677; baseline 0.001 -23"><span class='ocrx_word' id='word_1_180' title='bbox 271 2597 382 2654; x_wconf 87' lang='lat' dir='ltr'>eentas</span> <span class='ocrx_word' id='word_1_181' title='bbox 411 2614 507 2656; x_wconf 87' lang='lat' dir='ltr'>naves</span> <span class='ocrx_word' id='word_1_182' title='bbox 535 2591 702 2676; x_wconf 90' lang='lat' dir='ltr'>utriusque</span> <span class='ocrx_word' id='word_1_183' title='bbox 737 2592 894 2657; x_wconf 90' lang='lat' dir='ltr'>eommodi</span> <span class='ocrx_word' id='word_1_184' title='bbox 922 2593 991 2656; x_wconf 92' lang='lat' dir='ltr'>fieri</span> <span class='ocrx_word' id='word_1_185' title='bbox 1028 2592 1220 2677; x_wconf 82' lang='lat' dir='ltr'>imperavit:</span> <span class='ocrx_word' id='word_1_186' title='bbox 1259 2591 1372 2676; x_wconf 92' lang='lat' dir='ltr'>quibus</span> 
     </span>
     <span class='ocr_line' id='line_1_26' title="bbox 272 2675 1372 2763; baseline 0 -24"><span class='ocrx_word' id='word_1_187' title='bbox 272 2675 389 2740; x_wconf 86' lang='lat' dir='ltr'>iterum</span> <span class='ocrx_word' id='word_1_188' title='bbox 411 2676 444 2739; x_wconf 91' lang='lat' dir='ltr'>in</span> <span class='ocrx_word' id='word_1_189' title='bbox 468 2677 663 2743; x_wconf 86' lang='lat' dir='ltr'>Brittaniam</span> <span class='ocrx_word' id='word_1_190' title='bbox 684 2678 788 2763; x_wconf 91' lang='lat' dir='ltr'>primo</span> <span class='ocrx_word' id='word_1_191' title='bbox 813 2682 899 2742; x_wconf 83' lang='lat' dir='ltr'>ivere</span> <span class='ocrx_word' id='word_1_192' title='bbox 921 2680 1129 2756; x_wconf 85' lang='lat' dir='ltr'>transveetu&#39;s,</span> <span class='ocrx_word' id='word_1_193' title='bbox 1152 2678 1228 2741; x_wconf 93' lang='lat' dir='ltr'>dum</span> <span class='ocrx_word' id='word_1_194' title='bbox 1250 2676 1372 2760; x_wconf 90' lang='lat' dir='ltr'>ipsein</span> 
     </span>
     <span class='ocr_line' id='line_1_27' title="bbox 272 2761 1414 2847; baseline 0.005 -23"><span class='ocrx_word' id='word_1_195' title='bbox 272 2761 398 2826; x_wconf 88' lang='lat' dir='ltr'>hostem</span> <span class='ocrx_word' id='word_1_196' title='bbox 412 2785 484 2826; x_wconf 90' lang='lat' dir='ltr'>cum</span> <span class='ocrx_word' id='word_1_197' title='bbox 500 2762 663 2828; x_wconf 76' lang='lat' dir='ltr'>¹‘exercitu</span> <span class='ocrx_word' id='word_1_198' title='bbox 683 2787 740 2847; x_wconf 88' lang='lat' dir='ltr'>per</span> <span class='ocrx_word' id='word_1_199' title='bbox 763 2764 798 2842; x_wconf 81' lang='lat' dir='ltr'>‘t,</span> <span class='ocrx_word' id='word_1_200' title='bbox 813 2787 909 2828; x_wconf 89' lang='lat' dir='ltr'>naves</span> <span class='ocrx_word' id='word_1_201' title='bbox 929 2763 962 2826; x_wconf 92' lang='lat' dir='ltr'>in</span> <span class='ocrx_word' id='word_1_202' title='bbox 979 2764 1125 2828; x_wconf 89' lang='lat' dir='ltr'>anchoris</span> <span class='ocrx_word' id='word_1_203' title='bbox 1146 2769 1278 2839; x_wconf 86' lang='lat' dir='ltr'>stantes,</span> <span class='ocrx_word' id='word_1_204' title='bbox 1293 2768 1414 2830; x_wconf 82' lang='lat' dir='ltr'>tem-³0</span> 
     </span>
     <span class='ocr_line' id='line_1_28' title="bbox 272 2787 1372 2932; baseline 0.002 -23"><span class='ocrx_word' id='word_1_205' title='bbox 272 2854 399 2929; x_wconf 88' lang='lat' dir='ltr'>pestate</span> <span class='ocrx_word' id='word_1_206' title='bbox 423 2856 588 2932; x_wconf 75' lang='lat' dir='ltr'>correptae,</span> <span class='ocrx_word' id='word_1_207' title='bbox 615 2850 663 2912; x_wconf 87' lang='lat' dir='ltr'>vel</span> <span class='ocrx_word' id='word_1_208' title='bbox 686 2787 812 2913; x_wconf 71' lang='lat' dir='ltr'>eoniisae</span> <span class='ocrx_word' id='word_1_209' title='bbox 836 2849 921 2915; x_wconf 90' lang='lat' dir='ltr'>inter</span> <span class='ocrx_word' id='word_1_210' title='bbox 943 2871 986 2926; x_wconf 90' lang='lat' dir='ltr'>se,</span> <span class='ocrx_word' id='word_1_211' title='bbox 1011 2851 1061 2914; x_wconf 88' lang='lat' dir='ltr'>vel</span> <span class='ocrx_word' id='word_1_212' title='bbox 1086 2847 1190 2913; x_wconf 88' lang='lat' dir='ltr'>arenis</span> <span class='ocrx_word' id='word_1_213' title='bbox 1213 2848 1311 2911; x_wconf 86' lang='lat' dir='ltr'>inlisae</span> <span class='ocrx_word' id='word_1_214' title='bbox 1334 2869 1372 2911; x_wconf 85' lang='lat' dir='ltr'>ao</span> 
     </span>
     <span class='ocr_line' id='line_1_29' title="bbox 272 2931 1373 3020; baseline 0 -26"><span class='ocrx_word' id='word_1_215' title='bbox 272 2931 434 2995; x_wconf 90' lang='lat' dir='ltr'>dissolutae</span> <span class='ocrx_word' id='word_1_216' title='bbox 450 2940 544 2996; x_wconf 87' lang='lat' dir='ltr'>sunt:</span> <span class='ocrx_word' id='word_1_217' title='bbox 568 2934 736 3017; x_wconf 87' lang='lat' dir='ltr'>exquibus</span> <span class='ocrx_word' id='word_1_218' title='bbox 752 2934 965 3020; x_wconf 88' lang='lat' dir='ltr'>quadraginta</span> <span class='ocrx_word' id='word_1_219' title='bbox 979 2934 1150 3019; x_wconf 87' lang='lat' dir='ltr'>perierunt,</span> <span class='ocrx_word' id='word_1_220' title='bbox 1163 2941 1286 2997; x_wconf 84' lang='lat' dir='ltr'>caeteras</span> <span class='ocrx_word' id='word_1_221' title='bbox 1302 2954 1373 2995; x_wconf 93' lang='lat' dir='ltr'>eum</span> 
     </span>
     <span class='ocr_line' id='line_1_30' title="bbox 272 3017 1373 3103; baseline 0 -23"><span class='ocrx_word' id='word_1_222' title='bbox 272 3037 388 3101; x_wconf 87' lang='lat' dir='ltr'>magna</span> <span class='ocrx_word' id='word_1_223' title='bbox 408 3017 596 3082; x_wconf 88' lang='lat' dir='ltr'>difficultate</span> <span class='ocrx_word' id='word_1_224' title='bbox 617 3026 775 3102; x_wconf 87' lang='lat' dir='ltr'>reparatae</span> <span class='ocrx_word' id='word_1_225' title='bbox 799 3027 883 3084; x_wconf 91' lang='lat' dir='ltr'>sunt.</span> <span class='ocrx_word' id='word_1_226' title='bbox 928 3019 1063 3084; x_wconf 85' lang='lat' dir='ltr'>Oaesaris</span> <span class='ocrx_word' id='word_1_227' title='bbox 1086 3020 1247 3103; x_wconf 89' lang='lat' dir='ltr'>equitatus</span> <span class='ocrx_word' id='word_1_228' title='bbox 1270 3018 1373 3102; x_wconf 91' lang='lat' dir='ltr'>primo</span> 
     </span>
     <span class='ocr_line' id='line_1_31' title="bbox 272 3103 1374 3189; baseline 0 -25"><span class='ocrx_word' id='word_1_229' title='bbox 272 3123 443 3187; x_wconf 84' lang='lat' dir='ltr'>congressu</span> <span class='ocrx_word' id='word_1_230' title='bbox 456 3125 477 3166; x_wconf 91' lang='lat' dir='ltr'>a</span> <span class='ocrx_word' id='word_1_231' title='bbox 492 3103 651 3167; x_wconf 91' lang='lat' dir='ltr'>Brittanis</span> <span class='ocrx_word' id='word_1_232' title='bbox 663 3103 776 3181; x_wconf 84' lang='lat' dir='ltr'>vietus,</span> <span class='ocrx_word' id='word_1_233' title='bbox 793 3104 900 3189; x_wconf 91' lang='lat' dir='ltr'>ibique</span> <span class='ocrx_word' id='word_1_234' title='bbox 917 3105 1076 3169; x_wconf 89' lang='lat' dir='ltr'>Labienus</span> <span class='ocrx_word' id='word_1_235' title='bbox 1091 3104 1239 3170; x_wconf 89' lang='lat' dir='ltr'>tribunus</span> <span class='ocrx_word' id='word_1_236' title='bbox 1253 3103 1374 3168; x_wconf 85' lang='lat' dir='ltr'>occisus</span> 
     </span>
    </p>
   </div>
   <div class='ocr_carea' id='block_1_6' title="bbox 270 3213 1374 3338">
    <p class='ocr_par' dir='ltr' id='par_1_8' title="bbox 270 3213 1374 3338">
     <span class='ocr_line' id='line_1_32' title="bbox 304 3213 1374 3276; baseline -0.001 -16"><span class='ocrx_word' id='word_1_237' title='bbox 304 3222 320 3260; x_wconf 71' lang='grc' dir='ltr'><em>ε</em></span> <span class='ocrx_word' id='word_1_238' title='bbox 332 3213 391 3269; x_wconf 84' lang='grc' dir='ltr'><strong>ΑΙῑί,</strong></span> <span class='ocrx_word' id='word_1_239' title='bbox 403 3215 511 3272; x_wconf 70' lang='lat' dir='ltr'>legiones</span> <span class='ocrx_word' id='word_1_240' title='bbox 522 3220 572 3260; x_wconf 81' lang='lat' dir='ltr'>tres</span> <span class='ocrx_word' id='word_1_241' title='bbox 583 3216 621 3260; x_wconf 84' lang='lat' dir='ltr'>vei</span> <span class='ocrx_word' id='word_1_242' title='bbox 630 3215 691 3265; x_wconf 53' lang='grc' dir='ltr'>αὕη·</span> <span class='ocrx_word' id='word_1_243' title='bbox 711 3215 743 3262; x_wconf 88' lang='lat' dir='ltr'>ni.</span> <span class='ocrx_word' id='word_1_244' title='bbox 754 3231 800 3263; x_wconf 74' lang='lat' dir='ltr'>cer</span> <span class='ocrx_word' id='word_1_245' title='bbox 812 3218 851 3263; x_wconf 85' lang='lat' dir='ltr'>eet</span> <span class='ocrx_word' id='word_1_246' title='bbox 860 3217 905 3263; x_wconf 77' lang='lat' dir='ltr'>nii.</span> <span class='ocrx_word' id='word_1_247' title='bbox 916 3215 946 3264; x_wconf 91' lang='lat' dir='ltr'>V.</span> <span class='ocrx_word' id='word_1_248' title='bbox 1018 3215 1034 3254; x_wconf 81' lang='lat' dir='ltr'>h</span> <span class='ocrx_word' id='word_1_249' title='bbox 1047 3215 1160 3262; x_wconf 74' lang='lat' dir='ltr'>bibernis</span> <span class='ocrx_word' id='word_1_250' title='bbox 1170 3215 1200 3263; x_wconf 88' lang='lat' dir='ltr'>V.</span> <span class='ocrx_word' id='word_1_251' title='bbox 1275 3213 1284 3252; x_wconf 77' lang='lat'>1</span> <span class='ocrx_word' id='word_1_252' title='bbox 1291 3217 1374 3276; x_wconf 77' lang='lat' dir='ltr'>primu</span> 
     </span>
     <span class='ocr_line' id='line_1_33' title="bbox 270 3277 708 3338; baseline 0.007 -17"><span class='ocrx_word' id='word_1_253' title='bbox 270 3291 387 3325; x_wconf 85' lang='lat' dir='ltr'>uereom.</span> <span class='ocrx_word' id='word_1_254' title='bbox 401 3277 430 3324; x_wconf 90' lang='lat' dir='ltr'>V.</span> <span class='ocrx_word' id='word_1_255' title='bbox 496 3278 667 3338; x_wconf 75' lang='lat' dir='ltr'>kingentiex</span> <span class='ocrx_word' id='word_1_256' title='bbox 678 3279 708 3326; x_wconf 88' lang='lat' dir='ltr'>V.</span> 
     </span>
    </p>
   </div>
   <div class='ocr_carea' id='block_1_7' title="bbox 267 3376 1375 4529">
    <p class='ocr_par' dir='ltr' id='par_1_9' title="bbox 269 3376 1374 3496">
     <span class='ocr_line' id='line_1_34' title="bbox 269 3376 1374 3439; baseline 0.002 -19"><span class='ocrx_word' id='word_1_257' title='bbox 269 3381 297 3421; x_wconf 84' lang='lat' dir='ltr'>et</span> <span class='ocrx_word' id='word_1_258' title='bbox 307 3389 394 3422; x_wconf 77' lang='lat' dir='ltr'>eurum</span> <span class='ocrx_word' id='word_1_259' title='bbox 406 3377 540 3424; x_wconf 73' lang='lat' dir='ltr'>cubmibuc</span> <span class='ocrx_word' id='word_1_260' title='bbox 550 3391 645 3438; x_wconf 77' lang='lat' dir='ltr'>semper</span> <span class='ocrx_word' id='word_1_261' title='bbox 656 3379 739 3424; x_wconf 81' lang='lat' dir='ltr'>caruit</span> <span class='ocrx_word' id='word_1_262' title='bbox 750 3384 774 3425; x_wconf 90' lang='lat' dir='ltr'>et</span> <span class='ocrx_word' id='word_1_263' title='bbox 786 3385 856 3426; x_wconf 85' lang='lat' dir='ltr'>caret</span> <span class='ocrx_word' id='word_1_264' title='bbox 867 3380 917 3426; x_wconf 77' lang='lat' dir='ltr'>trec</span> <span class='ocrx_word' id='word_1_265' title='bbox 928 3379 1009 3426; x_wconf 81' lang='lat' dir='ltr'>insutu</span> <span class='ocrx_word' id='word_1_266' title='bbox 1020 3377 1037 3425; x_wconf 89' lang='lat' dir='ltr'>i.</span> <span class='ocrx_word' id='word_1_267' title='bbox 1050 3389 1072 3439; x_wconf 87' lang='lat'>5.</span> <span class='ocrx_word' id='word_1_268' title='bbox 1097 3377 1181 3438; x_wconf 78' lang='lat' dir='ltr'>Negat</span> <span class='ocrx_word' id='word_1_269' title='bbox 1191 3376 1264 3424; x_wconf 82' lang='lat' dir='ltr'>etium</span> <span class='ocrx_word' id='word_1_270' title='bbox 1275 3389 1374 3436; x_wconf 81' lang='lat' dir='ltr'>capreas</span> 
     </span>
     <span class='ocr_line' id='line_1_35' title="bbox 270 3438 712 3496; baseline 0.007 -11"><span class='ocrx_word' id='word_1_271' title='bbox 270 3438 298 3485; x_wconf 89' lang='lat' dir='ltr'>in</span> <span class='ocrx_word' id='word_1_272' title='bbox 311 3439 431 3487; x_wconf 81' lang='lat' dir='ltr'>Hibernia</span> <span class='ocrx_word' id='word_1_273' title='bbox 443 3440 525 3496; x_wconf 83' lang='lat' dir='ltr'>inisse,</span> <span class='ocrx_word' id='word_1_274' title='bbox 537 3441 597 3488; x_wconf 88' lang='lat' dir='ltr'>ibid.</span> <span class='ocrx_word' id='word_1_275' title='bbox 609 3449 634 3488; x_wconf 90' lang='lat' dir='ltr'>et</span> <span class='ocrx_word' id='word_1_276' title='bbox 644 3441 661 3488; x_wconf 92' lang='lat' dir='ltr'>i.</span> <span class='ocrx_word' id='word_1_277' title='bbox 672 3455 712 3488; x_wconf 82' lang='lat'>21.</span> 
     </span>
    </p>

    <p class='ocr_par' dir='ltr' id='par_1_10' title="bbox 271 3504 1374 3890">
     <span class='ocr_line' id='line_1_36' title="bbox 306 3504 1374 3567; baseline 0 -17"><span class='ocrx_word' id='word_1_278' title='bbox 306 3517 317 3549; x_wconf 87' lang='lat' dir='ltr'>r</span> <span class='ocrx_word' id='word_1_279' title='bbox 321 3517 344 3564; x_wconf 88' lang='lat'>5.</span> <span class='ocrx_word' id='word_1_280' title='bbox 355 3505 482 3566; x_wconf 80' lang='lat' dir='ltr'>Aleiuitt]</span> <span class='ocrx_word' id='word_1_281' title='bbox 498 3505 711 3564; x_wconf 81' lang='lat' dir='ltr'>Brittanodunum,</span> <span class='ocrx_word' id='word_1_282' title='bbox 722 3506 795 3553; x_wconf 87' lang='lat' dir='ltr'>hodie</span> <span class='ocrx_word' id='word_1_283' title='bbox 809 3514 922 3567; x_wconf 84' lang='lat' dir='ltr'>corrupte</span> <span class='ocrx_word' id='word_1_284' title='bbox 935 3506 1091 3563; x_wconf 87' lang='lat' dir='ltr'>Dunbarton,</span> <span class='ocrx_word' id='word_1_285' title='bbox 1105 3521 1148 3552; x_wconf 84' lang='lat' dir='ltr'>arx</span> <span class='ocrx_word' id='word_1_286' title='bbox 1160 3505 1191 3552; x_wconf 83' lang='lat' dir='ltr'>ad</span> <span class='ocrx_word' id='word_1_287' title='bbox 1203 3504 1317 3552; x_wconf 85' lang='lat' dir='ltr'>Cluidum</span> <span class='ocrx_word' id='word_1_288' title='bbox 1329 3504 1374 3551; x_wconf 85' lang='lat' dir='ltr'>flu-</span> 
     </span>
     <span class='ocr_line' id='line_1_37' title="bbox 271 3566 1373 3632; baseline 0.003 -19"><span class='ocrx_word' id='word_1_289' title='bbox 271 3566 346 3628; x_wconf 86' lang='lat' dir='ltr'>vium,</span> <span class='ocrx_word' id='word_1_290' title='bbox 361 3569 433 3628; x_wconf 81' lang='lat' dir='ltr'>punio</span> <span class='ocrx_word' id='word_1_291' title='bbox 450 3577 505 3627; x_wconf 87' lang='lat' dir='ltr'>pest</span> <span class='ocrx_word' id='word_1_292' title='bbox 522 3570 595 3616; x_wconf 77' lang='lat' dir='ltr'>Beda</span> <span class='ocrx_word' id='word_1_293' title='bbox 608 3577 728 3630; x_wconf 84' lang='lat' dir='ltr'>tempora,</span> <span class='ocrx_word' id='word_1_294' title='bbox 745 3571 791 3618; x_wconf 87' lang='lat' dir='ltr'>i.e.</span> <span class='ocrx_word' id='word_1_295' title='bbox 801 3571 838 3618; x_wconf 87' lang='grc' dir='ltr'>.Α.</span> <span class='ocrx_word' id='word_1_296' title='bbox 851 3569 907 3632; x_wconf 85' lang='lat'>756,</span> <span class='ocrx_word' id='word_1_297' title='bbox 925 3570 1061 3618; x_wconf 88' lang='lat' dir='ltr'>Esdbereto</span> <span class='ocrx_word' id='word_1_298' title='bbox 1078 3571 1129 3630; x_wconf 76' lang='lat' dir='ltr'>regi</span> <span class='ocrx_word' id='word_1_299' title='bbox 1146 3568 1333 3630; x_wconf 83' lang='lat' dir='ltr'>Nordeuhymb,</span> <span class='ocrx_word' id='word_1_300' title='bbox 1348 3576 1373 3616; x_wconf 89' lang='lat' dir='ltr'>et</span> 
     </span>
     <span class='ocr_line' id='line_1_38' title="bbox 272 3631 1374 3697; baseline 0 -17"><span class='ocrx_word' id='word_1_301' title='bbox 272 3631 361 3694; x_wconf 83' lang='lat' dir='ltr'>Oengo</span> <span class='ocrx_word' id='word_1_302' title='bbox 381 3635 432 3695; x_wconf 79' lang='lat' dir='ltr'>regi</span> <span class='ocrx_word' id='word_1_303' title='bbox 451 3634 574 3681; x_wconf 86' lang='lat' dir='ltr'>Pictorum</span> <span class='ocrx_word' id='word_1_304' title='bbox 597 3635 688 3690; x_wconf 83' lang='lat' dir='ltr'>dedita,</span> <span class='ocrx_word' id='word_1_305' title='bbox 710 3635 836 3682; x_wconf 76' lang='lat' dir='ltr'>Heroden.</span> <span class='ocrx_word' id='word_1_306' title='bbox 858 3638 889 3682; x_wconf 84' lang='grc' dir='ltr'>Α.</span> <span class='ocrx_word' id='word_1_307' title='bbox 907 3634 964 3697; x_wconf 82' lang='grc'>869,</span> <span class='ocrx_word' id='word_1_308' title='bbox 984 3649 1026 3694; x_wconf 87' lang='lat' dir='ltr'>per</span> <span class='ocrx_word' id='word_1_309' title='bbox 1048 3635 1131 3681; x_wconf 84' lang='lat' dir='ltr'>Duces</span> <span class='ocrx_word' id='word_1_310' title='bbox 1152 3633 1262 3681; x_wconf 88' lang='lat' dir='ltr'>funditus</span> <span class='ocrx_word' id='word_1_311' title='bbox 1284 3633 1374 3680; x_wconf 82' lang='lat' dir='ltr'>deleta.</span> 
     </span>
     <span class='ocr_line' id='line_1_39' title="bbox 271 3696 1374 3762; baseline -0.002 -18"><span class='ocrx_word' id='word_1_312' title='bbox 271 3696 416 3758; x_wconf 87' lang='lat' dir='ltr'>Brempton.</span> <span class='ocrx_word' id='word_1_313' title='bbox 430 3699 455 3746; x_wconf 89' lang='lat' dir='ltr'>S.</span> <span class='ocrx_word' id='word_1_314' title='bbox 490 3699 546 3745; x_wconf 84' lang='lat' dir='ltr'>vin.</span> <span class='ocrx_word' id='word_1_315' title='bbox 564 3699 692 3754; x_wconf 71' lang='lat' dir='ltr'>Heroden,</span> <span class='ocrx_word' id='word_1_316' title='bbox 705 3714 727 3758; x_wconf 93' lang='lat' dir='ltr'>p.</span> <span class='ocrx_word' id='word_1_317' title='bbox 739 3713 782 3759; x_wconf 83' lang='lat'>²3¹</span> <span class='ocrx_word' id='word_1_318' title='bbox 800 3697 842 3758; x_wconf 85' lang='lat' dir='ltr'>(al.</span> <span class='ocrx_word' id='word_1_319' title='bbox 852 3699 926 3762; x_wconf 82' lang='lat'>402),</span> <span class='ocrx_word' id='word_1_320' title='bbox 939 3713 992 3759; x_wconf 83' lang='lat' dir='ltr'>quae</span> <span class='ocrx_word' id='word_1_321' title='bbox 1003 3698 1045 3746; x_wconf 86' lang='lat' dir='ltr'>iile</span> <span class='ocrx_word' id='word_1_322' title='bbox 1056 3698 1137 3745; x_wconf 77' lang='lat' dir='ltr'>hausit</span> <span class='ocrx_word' id='word_1_323' title='bbox 1150 3700 1180 3746; x_wconf 88' lang='lat' dir='ltr'>de</span> <span class='ocrx_word' id='word_1_324' title='bbox 1193 3698 1307 3744; x_wconf 85' lang='lat' dir='ltr'>simeone</span> <span class='ocrx_word' id='word_1_325' title='bbox 1320 3697 1374 3744; x_wconf 89' lang='lat' dir='ltr'>Du-</span> 
     </span>
     <span class='ocr_line' id='line_1_40' title="bbox 272 3761 1373 3822; baseline -0.001 -15"><span class='ocrx_word' id='word_1_326' title='bbox 272 3762 392 3810; x_wconf 85' lang='lat' dir='ltr'>neirnensi</span> <span class='ocrx_word' id='word_1_327' title='bbox 403 3763 436 3810; x_wconf 84' lang='lat' dir='ltr'>A.</span> <span class='ocrx_word' id='word_1_328' title='bbox 446 3764 478 3810; x_wconf 91' lang='lat' dir='ltr'>D.</span> <span class='ocrx_word' id='word_1_329' title='bbox 492 3761 553 3822; x_wconf 74' lang='lat'>7562</span> <span class='ocrx_word' id='word_1_330' title='bbox 570 3763 612 3810; x_wconf 88' lang='lat' dir='ltr'>sed</span> <span class='ocrx_word' id='word_1_331' title='bbox 629 3778 671 3810; x_wconf 84' lang='lat' dir='ltr'>rex</span> <span class='ocrx_word' id='word_1_332' title='bbox 688 3763 813 3810; x_wconf 88' lang='lat' dir='ltr'>Pictorum</span> <span class='ocrx_word' id='word_1_333' title='bbox 829 3764 884 3818; x_wconf 85' lang='lat' dir='ltr'>fuit,</span> <span class='ocrx_word' id='word_1_334' title='bbox 896 3764 1029 3811; x_wconf 88' lang='lat' dir='ltr'>secundum</span> <span class='ocrx_word' id='word_1_335' title='bbox 1043 3763 1182 3810; x_wconf 81' lang='lat' dir='ltr'>Simeonem</span> <span class='ocrx_word' id='word_1_336' title='bbox 1196 3762 1294 3812; x_wconf 68' lang='lat' dir='ltr'>Uenuste</span> <span class='ocrx_word' id='word_1_337' title='bbox 1321 3761 1373 3809; x_wconf 89' lang='lat' dir='ltr'>Ho-</span> 
     </span>
     <span class='ocr_line' id='line_1_41' title="bbox 271 3826 1299 3890; baseline -0.001 -18"><span class='ocrx_word' id='word_1_338' title='bbox 271 3827 348 3873; x_wconf 82' lang='lat' dir='ltr'>rcden</span> <span class='ocrx_word' id='word_1_339' title='bbox 365 3827 489 3890; x_wconf 63' lang='lat' dir='ltr'>Uenustr</span> <span class='ocrx_word' id='word_1_340' title='bbox 508 3827 680 3874; x_wconf 81' lang='lat' dir='ltr'>Continuetor.</span> <span class='ocrx_word' id='word_1_341' title='bbox 693 3826 767 3874; x_wconf 74' lang='lat' dir='ltr'>Beda</span> <span class='ocrx_word' id='word_1_342' title='bbox 780 3827 895 3874; x_wconf 75' lang='lat' dir='ltr'>Chronet</span> <span class='ocrx_word' id='word_1_343' title='bbox 910 3827 1019 3886; x_wconf 70' lang='lat' dir='ltr'>Oeagro.</span> <span class='ocrx_word' id='word_1_344' title='bbox 1038 3827 1110 3875; x_wconf 79' lang='lat' dir='ltr'>Cous.</span> <span class='ocrx_word' id='word_1_345' title='bbox 1122 3827 1187 3875; x_wconf 82' lang='lat' dir='ltr'>infru</span> <span class='ocrx_word' id='word_1_346' title='bbox 1199 3826 1229 3873; x_wconf 85' lang='lat' dir='ltr'>ud</span> <span class='ocrx_word' id='word_1_347' title='bbox 1240 3841 1265 3871; x_wconf 89' lang='lat' dir='ltr'>v.</span> <span class='ocrx_word' id='word_1_348' title='bbox 1277 3837 1299 3872; x_wconf 79' lang='lat'>2.</span> 
     </span>
    </p>

    <p class='ocr_par' dir='ltr' id='par_1_11' title="bbox 305 3891 951 3953">
     <span class='ocr_line' id='line_1_42' title="bbox 305 3891 951 3953; baseline 0.006 -19"><span class='ocrx_word' id='word_1_349' title='bbox 305 3891 444 3953; x_wconf 79' lang='lat' dir='ltr'>cAP.11.]</span> <span class='ocrx_word' id='word_1_350' title='bbox 460 3892 552 3938; x_wconf 85' lang='lat' dir='ltr'>Totum</span> <span class='ocrx_word' id='word_1_351' title='bbox 564 3891 609 3938; x_wconf 91' lang='lat' dir='ltr'>hec</span> <span class='ocrx_word' id='word_1_352' title='bbox 619 3898 694 3950; x_wconf 81' lang='lat' dir='ltr'>caput</span> <span class='ocrx_word' id='word_1_353' title='bbox 704 3907 733 3938; x_wconf 86' lang='lat' dir='ltr'>ex</span> <span class='ocrx_word' id='word_1_354' title='bbox 744 3891 835 3938; x_wconf 86' lang='lat' dir='ltr'>Oresio</span> <span class='ocrx_word' id='word_1_355' title='bbox 846 3891 879 3938; x_wconf 90' lang='lat' dir='ltr'>vi.</span> <span class='ocrx_word' id='word_1_356' title='bbox 889 3906 912 3953; x_wconf 87' lang='lat'>9.</span> <span class='ocrx_word' id='word_1_357' title='bbox 926 3893 951 3938; x_wconf 88' lang='lat' dir='ltr'>S.</span> 
     </span>
    </p>

    <p class='ocr_par' dir='ltr' id='par_1_12' title="bbox 270 3952 1373 4078">
     <span class='ocr_line' id='line_1_43' title="bbox 304 3952 1373 4016; baseline -0.003 -15"><span class='ocrx_word' id='word_1_358' title='bbox 304 3971 344 4003; x_wconf 80' lang='lat'>20.</span> <span class='ocrx_word' id='word_1_359' title='bbox 356 3956 437 4016; x_wconf 79' lang='lat' dir='ltr'>tertie]</span> <span class='ocrx_word' id='word_1_360' title='bbox 453 3956 492 4003; x_wconf 89' lang='lat' dir='ltr'>De</span> <span class='ocrx_word' id='word_1_361' title='bbox 503 3955 548 4002; x_wconf 87' lang='lat' dir='ltr'>hoc</span> <span class='ocrx_word' id='word_1_362' title='bbox 559 3970 624 4001; x_wconf 85' lang='lat' dir='ltr'>anno</span> <span class='ocrx_word' id='word_1_363' title='bbox 637 3955 781 4012; x_wconf 86' lang='lat' dir='ltr'>notandum,</span> <span class='ocrx_word' id='word_1_364' title='bbox 793 3957 857 4014; x_wconf 87' lang='lat' dir='ltr'>quod</span> <span class='ocrx_word' id='word_1_365' title='bbox 870 3971 918 4002; x_wconf 91' lang='lat' dir='ltr'>non</span> <span class='ocrx_word' id='word_1_366' title='bbox 931 3954 1045 4016; x_wconf 86' lang='lat' dir='ltr'>respiciat</span> <span class='ocrx_word' id='word_1_367' title='bbox 1057 3955 1184 4003; x_wconf 89' lang='lat' dir='ltr'>introitum</span> <span class='ocrx_word' id='word_1_368' title='bbox 1196 3957 1219 4002; x_wconf 84' lang='lat' dir='ltr'>J.</span> <span class='ocrx_word' id='word_1_369' title='bbox 1233 3953 1336 4001; x_wconf 84' lang='lat' dir='ltr'>Cressris</span> <span class='ocrx_word' id='word_1_370' title='bbox 1347 3952 1373 3998; x_wconf 88' lang='lat' dir='ltr'>in</span> 
     </span>
     <span class='ocr_line' id='line_1_44' title="bbox 270 4017 925 4078; baseline 0.006 -16"><span class='ocrx_word' id='word_1_371' title='bbox 270 4019 427 4076; x_wconf 81' lang='lat' dir='ltr'>Brittaniam,</span> <span class='ocrx_word' id='word_1_372' title='bbox 439 4021 481 4067; x_wconf 81' lang='lat' dir='ltr'>sed</span> <span class='ocrx_word' id='word_1_373' title='bbox 493 4020 645 4066; x_wconf 81' lang='lat' dir='ltr'>consulatum</span> <span class='ocrx_word' id='word_1_374' title='bbox 658 4017 710 4078; x_wconf 84' lang='lat' dir='ltr'>ejus</span> <span class='ocrx_word' id='word_1_375' title='bbox 721 4034 775 4065; x_wconf 91' lang='lat' dir='ltr'>cum</span> <span class='ocrx_word' id='word_1_376' title='bbox 789 4019 886 4066; x_wconf 83' lang='lat' dir='ltr'>Bibule.</span> <span class='ocrx_word' id='word_1_377' title='bbox 899 4021 925 4066; x_wconf 88' lang='lat' dir='ltr'>S.</span> 
     </span>
    </p>

    <p class='ocr_par' dir='ltr' id='par_1_13' title="bbox 268 4079 1374 4194">
     <span class='ocr_line' id='line_1_45' title="bbox 305 4079 1374 4146; baseline -0.002 -17"><span class='ocrx_word' id='word_1_378' title='bbox 305 4097 342 4131; x_wconf 84' lang='lat'>21.</span> <span class='ocrx_word' id='word_1_379' title='bbox 354 4083 522 4144; x_wconf 77' lang='lat' dir='ltr'>eerageeime}</span> <span class='ocrx_word' id='word_1_380' title='bbox 534 4083 588 4129; x_wconf 89' lang='lat' dir='ltr'>Hoc</span> <span class='ocrx_word' id='word_1_381' title='bbox 600 4098 676 4128; x_wconf 90' lang='lat' dir='ltr'>unum</span> <span class='ocrx_word' id='word_1_382' title='bbox 690 4083 755 4130; x_wconf 85' lang='lat' dir='ltr'>Beda</span> <span class='ocrx_word' id='word_1_383' title='bbox 767 4083 858 4132; x_wconf 85' lang='lat' dir='ltr'>Oresio</span> <span class='ocrx_word' id='word_1_384' title='bbox 870 4083 971 4141; x_wconf 81' lang='lat' dir='ltr'>addidit,</span> <span class='ocrx_word' id='word_1_385' title='bbox 986 4099 1078 4130; x_wconf 82' lang='lat' dir='ltr'>annum</span> <span class='ocrx_word' id='word_1_386' title='bbox 1094 4099 1181 4146; x_wconf 88' lang='lat' dir='ltr'>nempe</span> <span class='ocrx_word' id='word_1_387' title='bbox 1198 4079 1374 4130; x_wconf 80' lang='lat' dir='ltr'>incarnationis</span> 
     </span>
     <span class='ocr_line' id='line_1_46' title="bbox 268 4145 654 4194; baseline 0.003 -4"><span class='ocrx_word' id='word_1_388' title='bbox 268 4145 302 4190; x_wconf 79' lang='lat' dir='ltr'>ud</span> <span class='ocrx_word' id='word_1_389' title='bbox 314 4162 406 4194; x_wconf 78' lang='lat' dir='ltr'>annum</span> <span class='ocrx_word' id='word_1_390' title='bbox 420 4147 493 4193; x_wconf 83' lang='lat' dir='ltr'>Urbis</span> <span class='ocrx_word' id='word_1_391' title='bbox 504 4148 615 4194; x_wconf 73' lang='lat' dir='ltr'>condita.</span> <span class='ocrx_word' id='word_1_392' title='bbox 629 4147 654 4194; x_wconf 91' lang='lat' dir='ltr'>S.</span> 
     </span>
    </p>

    <p class='ocr_par' dir='ltr' id='par_1_14' title="bbox 267 4210 1373 4335">
     <span class='ocr_line' id='line_1_47' title="bbox 305 4210 1373 4273; baseline -0.001 -16"><span class='ocrx_word' id='word_1_393' title='bbox 305 4225 344 4257; x_wconf 78' lang='lat' dir='ltr'>nn.</span> <span class='ocrx_word' id='word_1_394' title='bbox 357 4211 447 4271; x_wconf 82' lang='lat' dir='ltr'>Lucio]</span> <span class='ocrx_word' id='word_1_395' title='bbox 463 4211 567 4258; x_wconf 85' lang='lat' dir='ltr'>Bibulus</span> <span class='ocrx_word' id='word_1_396' title='bbox 583 4217 676 4271; x_wconf 84' lang='lat' dir='ltr'>putrem</span> <span class='ocrx_word' id='word_1_397' title='bbox 694 4211 778 4258; x_wconf 85' lang='lat' dir='ltr'>habuit</span> <span class='ocrx_word' id='word_1_398' title='bbox 793 4218 818 4258; x_wconf 86' lang='lat' dir='ltr'>et</span> <span class='ocrx_word' id='word_1_399' title='bbox 834 4211 911 4258; x_wconf 86' lang='lat' dir='ltr'>filium</span> <span class='ocrx_word' id='word_1_400' title='bbox 925 4212 1024 4267; x_wconf 87' lang='lat' dir='ltr'>Lucios,</span> <span class='ocrx_word' id='word_1_401' title='bbox 1035 4212 1087 4273; x_wconf 85' lang='lat' dir='ltr'>ipse</span> <span class='ocrx_word' id='word_1_402' title='bbox 1098 4226 1157 4259; x_wconf 92' lang='lat' dir='ltr'>vero</span> <span class='ocrx_word' id='word_1_403' title='bbox 1170 4214 1269 4259; x_wconf 84' lang='lat' dir='ltr'>Murcus</span> <span class='ocrx_word' id='word_1_404' title='bbox 1280 4210 1334 4258; x_wconf 83' lang='lat' dir='ltr'>init.</span> <span class='ocrx_word' id='word_1_405' title='bbox 1347 4210 1373 4257; x_wconf 89' lang='lat' dir='ltr'>S.</span> 
     </span>
     <span class='ocr_line' id='line_1_48' title="bbox 267 4273 1259 4335; baseline 0.004 -17"><span class='ocrx_word' id='word_1_406' title='bbox 267 4273 319 4320; x_wconf 65' lang='lat' dir='ltr'>&#39;Sed</span> <span class='ocrx_word' id='word_1_407' title='bbox 331 4276 439 4322; x_wconf 84' lang='lat' dir='ltr'>Lucium</span> <span class='ocrx_word' id='word_1_408' title='bbox 453 4276 586 4334; x_wconf 86' lang='lat' dir='ltr'>Eutropius</span> <span class='ocrx_word' id='word_1_409' title='bbox 597 4289 693 4335; x_wconf 86' lang='lat' dir='ltr'>quoqne</span> <span class='ocrx_word' id='word_1_410' title='bbox 703 4283 775 4322; x_wconf 86' lang='lat' dir='ltr'>voest</span> <span class='ocrx_word' id='word_1_411' title='bbox 787 4276 819 4322; x_wconf 86' lang='lat' dir='ltr'>vi.</span> <span class='ocrx_word' id='word_1_412' title='bbox 831 4286 866 4335; x_wconf 77' lang='lat'>17.</span> <span class='ocrx_word' id='word_1_413' title='bbox 878 4277 920 4324; x_wconf 89' lang='lat' dir='ltr'>ubi</span> <span class='ocrx_word' id='word_1_414' title='bbox 931 4290 1037 4324; x_wconf 89' lang='lat' dir='ltr'>errorem</span> <span class='ocrx_word' id='word_1_415' title='bbox 1048 4276 1141 4324; x_wconf 84' lang='lat' dir='ltr'>notavit</span> <span class='ocrx_word' id='word_1_416' title='bbox 1152 4277 1259 4326; x_wconf 78' lang='lat' dir='ltr'>Hetrne.</span> 
     </span>
    </p>

    <p class='ocr_par' dir='ltr' id='par_1_15' title="bbox 268 4339 1375 4529">
     <span class='ocr_line' id='line_1_49' title="bbox 305 4339 1373 4402; baseline -0.001 -17"><span class='ocrx_word' id='word_1_417' title='bbox 305 4352 345 4400; x_wconf 76' lang='lat'>33.</span> <span class='ocrx_word' id='word_1_418' title='bbox 358 4339 495 4400; x_wconf 72' lang='lat' dir='ltr'>Latiares]</span> <span class='ocrx_word' id='word_1_419' title='bbox 507 4339 539 4400; x_wconf 77' lang='lat' dir='ltr'>Q.</span> <span class='ocrx_word' id='word_1_420' title='bbox 550 4339 666 4385; x_wconf 81' lang='lat' dir='ltr'>Laberius</span> <span class='ocrx_word' id='word_1_421' title='bbox 675 4339 766 4396; x_wconf 87' lang='lat' dir='ltr'>Durus,</span> <span class='ocrx_word' id='word_1_422' title='bbox 778 4339 839 4386; x_wconf 79' lang='lat' dir='ltr'>Cas.</span> <span class='ocrx_word' id='word_1_423' title='bbox 852 4341 950 4388; x_wconf 83' lang='lat' dir='ltr'>B.G.L.</span> <span class='ocrx_word' id='word_1_424' title='bbox 958 4341 986 4388; x_wconf 93' lang='lat' dir='ltr'>V.</span> <span class='ocrx_word' id='word_1_425' title='bbox 1003 4341 1066 4402; x_wconf 85' lang='lat'><strong>[¹5·]</strong></span> <span class='ocrx_word' id='word_1_426' title='bbox 1089 4340 1213 4388; x_wconf 81' lang='lat' dir='ltr'>Labienus</span> <span class='ocrx_word' id='word_1_427' title='bbox 1222 4339 1287 4386; x_wconf 89' lang='lat' dir='ltr'>enim</span> <span class='ocrx_word' id='word_1_428' title='bbox 1297 4339 1373 4386; x_wconf 81' lang='lat' dir='ltr'>aCoe-</span> 
     </span>
     <span class='ocr_line' id='line_1_50' title="bbox 273 4401 1372 4466; baseline 0 -18"><span class='ocrx_word' id='word_1_429' title='bbox 273 4417 327 4450; x_wconf 79' lang='lat' dir='ltr'>rure</span> <span class='ocrx_word' id='word_1_430' title='bbox 336 4404 361 4450; x_wconf 90' lang='lat' dir='ltr'>in</span> <span class='ocrx_word' id='word_1_431' title='bbox 374 4402 462 4450; x_wconf 81' lang='lat' dir='ltr'>Galliis</span> <span class='ocrx_word' id='word_1_432' title='bbox 474 4403 582 4458; x_wconf 85' lang='lat' dir='ltr'>relictus,</span> <span class='ocrx_word' id='word_1_433' title='bbox 592 4401 676 4450; x_wconf 85' lang='lat' dir='ltr'>multis</span> <span class='ocrx_word' id='word_1_434' title='bbox 683 4402 718 4449; x_wconf 89' lang='lat' dir='ltr'>ibi</span> <span class='ocrx_word' id='word_1_435' title='bbox 728 4404 799 4450; x_wconf 87' lang='lat' dir='ltr'>rebus</span> <span class='ocrx_word' id='word_1_436' title='bbox 808 4405 892 4464; x_wconf 80' lang='lat' dir='ltr'>gestis,</span> <span class='ocrx_word' id='word_1_437' title='bbox 904 4412 987 4466; x_wconf 86' lang='lat' dir='ltr'>postea</span> <span class='ocrx_word' id='word_1_438' title='bbox 996 4406 1026 4451; x_wconf 79' lang='lat' dir='ltr'>ad</span> <span class='ocrx_word' id='word_1_439' title='bbox 1034 4405 1175 4466; x_wconf 86' lang='lat' dir='ltr'>Pompeium</span> <span class='ocrx_word' id='word_1_440' title='bbox 1185 4404 1282 4456; x_wconf 83' lang='lat' dir='ltr'>defecit.</span> <span class='ocrx_word' id='word_1_441' title='bbox 1291 4410 1316 4450; x_wconf 84' lang='lat' dir='ltr'>et</span> <span class='ocrx_word' id='word_1_442' title='bbox 1323 4416 1372 4449; x_wconf 89' lang='lat' dir='ltr'>nen</span> 
     </span>
     <span class='ocr_line' id='line_1_51' title="bbox 268 4467 1375 4529; baseline 0.002 -17"><span class='ocrx_word' id='word_1_443' title='bbox 268 4467 319 4515; x_wconf 85' lang='lat' dir='ltr'>nisi</span> <span class='ocrx_word' id='word_1_444' title='bbox 332 4469 356 4515; x_wconf 92' lang='lat' dir='ltr'>in</span> <span class='ocrx_word' id='word_1_445' title='bbox 369 4468 453 4529; x_wconf 82' lang='lat' dir='ltr'>praelio</span> <span class='ocrx_word' id='word_1_446' title='bbox 465 4467 596 4515; x_wconf 87' lang='lat' dir='ltr'>Mundensi</span> <span class='ocrx_word' id='word_1_447' title='bbox 614 4467 694 4527; x_wconf 85' lang='lat' dir='ltr'>periit.</span> <span class='ocrx_word' id='word_1_448' title='bbox 726 4467 917 4518; x_wconf 67' lang='lat' dir='ltr'>hibernantem</span> <span class='ocrx_word' id='word_1_449' title='bbox 930 4470 1006 4518; x_wconf 83' lang='lat' dir='ltr'>futuru</span> <span class='ocrx_word' id='word_1_450' title='bbox 1018 4469 1131 4518; x_wconf 83' lang='lat' dir='ltr'>Cuntiani</span> <span class='ocrx_word' id='word_1_451' title='bbox 1142 4469 1188 4516; x_wconf 90' lang='lat' dir='ltr'>sibi</span> <span class='ocrx_word' id='word_1_452' title='bbox 1198 4468 1337 4524; x_wconf 75' lang='lat' dir='ltr'>vendicant,</span> <span class='ocrx_word' id='word_1_453' title='bbox 1350 4473 1375 4514; x_wconf 87' lang='lat' dir='ltr'>et</span> 
     </span>
    </p>
   </div>
   <div class='ocr_carea' id='block_1_8' title="bbox 0 0 1554 5125">
    <p class='ocr_par' dir='ltr' id='par_1_16' title="bbox 0 0 1554 5125">
     <span class='ocr_line' id='line_1_52' title="bbox 0 0 1554 5125; baseline 0 0"><span class='ocrx_word' id='word_1_454' title='bbox 0 0 1554 5125; x_wconf 95' lang='lat' dir='ltr'> </span> 
     </span>
    </p>
   </div>
  </div>
 </body>
</html>
