3100 5125
279 256 325 321 88
616 253 848 321 meream
873 252 1051 321 uectus
1328 253 1357 318 Ι.
1374 274 1463 325 21—

280 406 419 484 dicabat,
433 427 523 471 mare
543 406 736 485 conscendit,
756 416 791 473 et
812 408 1082 473 consentientibus
1104 407 1269 473 elementis
1289 414 1379 474 tran

280 491 377 577 quille
390 491 516 577 navigio
530 492 709 557 Brittanias
722 492 826 578 petiit.

118 588 268 666 pomulam
325 576 454 641 Interea
475 577 595 642 sinistri
615 577 747 679 spiritus
768 578 989 663 spervolantes
1010 584 1115 643 totam
1136 577 1280 655 insrrlnm,
1296 579 1378 642 Ger·
1387 595 1420 643 35

117 668 145 701 ¹¹¹
156 654 251 704 ⁰¹⁸⁰d⁰³
280 684 410 727 manum
422 661 530 727 venire
548 663 656 729 invitis
669 663 948 728 vaticinationibus
964 664 1178 739 nunciabant:
1202 664 1236 727 in
1250 670 1379 728 tentum

281 752 320 811 ut
349 747 471 812 Elafius
494 748 624 848 quidam
651 749 805 835 rregionis
833 748 915 813 illius
943 749 1073 833 primm,
1102 756 1140 814 ut
1168 748 1201 812 in
1230 762 1379 813 ⁸occursu

281 839 463 898 sanctorum
491 856 559 897 sme
586 834 651 898 ulla
677 834 838 899 manifesti
867 833 972 897 nuncii
1000 835 1153 899 relatione
1181 841 1378 918 properaret,

281 918 435 982 exhibens
456 940 562 982 secum
580 920 681 983 filium
697 941 791 1004 quem
812 921 845 984 in
867 920 935 1004 ipso
954 920 1032 985 flore
1053 919 1273 983 adolescentiae
1292 918 1378 983 debi-

280 1003 355 1067 litas
384 1004 519 1067 dolenda
544 1004 759 1069 damnaverat.
806 1006 888 1069 Erat
917 1005 1000 1068 enirn
1029 1004 1244 1068 arescentibus
1274 1004 1378 1067 nervis

281 1096 448 1153 contracto
461 1090 590 1174 poplite,
606 1090 656 1153 eui
670 1112 729 1174 per
742 1090 919 1154 siccitatem
933 1090 1032 1153 cruris
1052 1112 1126 1153 usus
1141 1088 1265 1173 vestigii
1283 1106 1420 1174 negato

215 1213 220 1221 ι
280 1175 387 1237 batur.
437 1174 533 1237 Hunc
555 1175 693 1239 Elafium
714 1174 876 1259 provincia
896 1181 969 1239 tota
994 1174 1213 1258 subsequitur:
1247 1174 1377 1238 veniunt

281 1260 471 1335 sacerdotes,
487 1260 625 1324 occurrit
645 1260 745 1324 inscia
758 1260 939 1337 multitudo,
954 1260 1121 1323 confestim
1140 1259 1327 1335 benedictio,
1343 1266 1378 1324 et

282 1344 435 1407 sermonis
450 1344 546 1408 divini
561 1345 707 1409 doctrum
720 1346 931 1430 profunditur.
969 1346 1212 1431 Recognoscunt
1226 1338 1429 1427 populum58

281 1428 316 1492 in
337 1451 459 1513 eaqua
480 1429 671 1513 treliquerat
691 1430 881 1495 credulitate
903 1432 1087 1495 durantem:
1112 1429 1293 1513 intelligunt
1314 1430 1377 1493 cul-

385 1536 453 1578 esse
482 1537 663 1598 paucorum,
689 1515 854 1599 inquirunt
884 1522 1040 1591 auctores,
1070 1515 1277 1597 inventosque
1305 1536 1378 1578 eon·

419 1606 443 1663 t.
473 1600 554 1665 (lum
568 1599 675 1665 subito
690 1601 812 1665 Elafius
826 1602 960 1685 pedibus
975 1600 1153 1665 advolvitur
1167 1600 1377 1675 sacerdotum,

281 1684 416 1749 offerens
435 1684 545 1761 filium,
568 1687 657 1769 cujus
678 1686 900 1751 necessitatem
923 1686 993 1771 ipsa
1014 1684 1163 1751 debilitas
1188 1684 1286 1749 etiam
1310 1684 1378 1749 sine

281 1770 427 1854 precibus
451 1770 640 1855 adlegabat:
672 1772 711 1835 fit
734 1770 909 1835 communis
932 1772 1072 1836 omnium
1094 1771 1193 1845 dolor,
1220 1768 1378 1853 praecipue

281 1855 492 1931 sacerdotmn,
518 1854 573 1939 qui
598 1863 786 1939 conceptam
811 1856 1058 1920 misericordiam
1082 1856 1125 1918 ad
1150 1854 1289 1919 divinam
1317 1854 1401 1919 cle-5

281 1939 435 2003 mantiam
456 1940 681 2004 contulerunt:
708 1940 881 2025 statimque
903 1940 1135 2005 adolescentem
1160 1941 1273 2003 beatus
1300 1940 1377 2003 Ger-

266 2046 394 2087 ·manus
417 2025 526 2088 sedere
555 2026 715 2110 compulit,
742 2027 905 2090 adtrectat
933 2025 1085 2111 poplitem
1114 2024 1279 2089 debilitate
1309 2046 1378 2087 cur-

281 2115 400 2190 vatum,
425 2116 459 2173 et
487 2132 545 2193 per
567 2117 639 2174 tota
668 2110 863 2174 infirmitatis
888 2110 993 2195 spatia
1022 2109 1216 2173 medicabilis
1244 2110 1378 2174 dextera

282 2195 449 2278 percurrit,
476 2195 695 2279 salubremque
719 2202 844 2260 tactum
872 2196 993 2260 sanitas
1018 2194 1135 2258 festina
1164 2193 1376 2278 subsequitur,

282 2279 416 2343 ariditas
441 2302 578 2357 succum,
604 2280 692 2345 nervi
723 2280 826 2344 officia
854 2286 1050 2365 receperunt,
1082 2286 1115 2343 et
1144 2280 1176 2341 in
1206 2285 1378 2363 conspectu

283 2364 423 2427 omnium
441 2366 507 2428 filio
528 2365 737 2443 incolumitas,
752 2365 838 2451 patri
860 2365 943 2429 filius
964 2364 1155 2428 restituitur.
1201 2364 1378 2447 Implentur

281 2449 388 2534 populi
403 2456 533 2534 stupore
547 2451 699 2529 miraculi,
716 2459 750 2515 et
767 2451 800 2513 in
814 2450 997 2534 pectoribus
1014 2448 1154 2513 omnium
1168 2449 1248 2512 fides
1268 2449 1377 2513 catho·
1390 2470 1420 2503 ιο

281 2534 343 2600 lica
371 2535 529 2601 inculcata
553 2536 708 2601 firmatur.
753 2535 946 2600 Praedicatio
975 2535 1088 2600 deinde
1117 2535 1160 2599 ad
1188 2534 1312 2619 plebem
1338 2534 1377 2598 de

282 2619 552 2704 praevaricationis
583 2622 804 2686 emendatione
837 2620 1041 2698 convertitur,
1071 2620 1273 2703 omniumque
1308 2641 1378 2682 sen·

281 2706 386 2771 tentia
414 2707 582 2790 pravitatis
610 2713 767 2784 auctores,
792 2706 846 2790 qni
872 2713 965 2770 erant
990 2705 1111 2790 expulsi
1137 2705 1248 2781 insula,
1274 2725 1378 2768 sacer·

282 2791 411 2854 dotibus
431 2793 633 2856 adducuntur
653 2793 696 2857 ad
717 2791 951 2856 mediterranea
976 2791 1145 2867 deferendi,
1169 2797 1206 2853 ut
1231 2796 1265 2853 et
1290 2789 1378 2873 regio

281 2875 480 2940 absolutione
502 2884 536 2941 et
557 2876 601 2940 illi
627 2877 848 2941 emendatione
869 2877 1059 2940 fruerentur.
1105 2876 1303 2958 Factumque
1328 2880 1379 2936 cst

282 2967 320 3108 pt
341 2960 375 3022 in
396 2960 457 3024 illis
477 2961 554 3025 locis
575 2962 675 3025 multo
696 2984 738 3026 ex
758 2983 797 3025 eo
818 2969 970 3045 tempore,
994 2961 1072 3024 fides
1095 2961 1286 3024 intemerata
1307 2979 1378 3042 per·

305 3050 423 3109 uraret.
1390 3057 1399 3090 ¹

122 3136 247 3212 &wuda
328 3129 443 3214 Itaque
464 3128 648 3215 compositis
669 3130 814 3194 omnibus
835 3130 923 3194 beati
945 3131 1126 3194 sacerdotes
1149 3151 1187 3194 ea
1206 3151 1270 3213 qua
1286 3149 1378 3192 vene-

120 3199 276 3249 ffi‘ffim'*
283 3221 359 3279 rant
379 3216 592 3300 prosperitate
610 3214 784 3280 redierunt.
828 3216 931 3280 Porro
952 3217 1132 3280 Germanus
1153 3223 1227 3300 post
1249 3215 1316 3278 haec
1337 3213 1379 3277 ad

1403 3057 1418 3104 5

316 3377 494 3436 cprovolanees
505 3375 534 3424 V.
650 3377 802 3436 rreltgioais
813 3377 842 3425 V.
953 3385 964 3414 ε
975 3391 1103 3424 occursum
1115 3375 1176 3424 V.G.
1286 3375 1378 3420 ticam

282 3441 435 3501 reliquerant
446 3439 508 3488 V.G.

319 3581 355 3630 17.
363 3577 419 3632 port
426 3571 487 3632 tae]
497 3570 656 3619 musantia.-
663 3579 747 3620 auctor
755 3579 793 3620 est
804 3573 952 3620 Germanum
962 3587 992 3619 ex
1004 3571 1124 3618 Brittania
1134 3585 1266 3624 reversum,
1275 3569 1379 3616 alterum

284 3648 342 3681 mox
353 3635 400 3683 iter
410 3634 494 3682 iniisse
505 3635 642 3693 Arelatem,
654 3651 703 3697 que
715 3645 822 3697 tempore
834 3637 968 3684 Galliarum
986 3637 1099 3697 praetorio
1114 3636 1240 3695 praefectus
1251 3641 1289 3680 est
1304 3633 1379 3680 Auxi-

283 3697 361 3746 liaris.
370 3699 422 3760 qui,
434 3706 462 3746 ut
472 3700 551 3760 inquit
562 3700 717 3756 Sirmondus,
727 3702 895 3761 prefecturam
908 3701 983 3762 pessit
994 3714 1059 3748 anno
1068 3712 1126 3760 449,
1134 3707 1159 3746 et
1168 3697 1294 3759 proximis.
1316 3698 1381 3745 Con·

283 3761 353 3809 tiano
361 3763 525 3810 aGerrnanns
535 3764 677 3811 Ravennam
689 3765 802 3826 perrexit,
814 3765 845 3812 ad
857 3765 1001 3824 placandum
1013 3764 1113 3810 Aetium
1124 3761 1291 3810 Armorieanis
1301 3761 1380 3808 infeu-

283 3840 348 3882 sum,
359 3828 423 3888 quod
439 3827 594 3883 defecissent,
609 3828 678 3888 cujas
694 3829 805 3875 criminis
822 3843 895 3876 eausa
912 3828 993 3875 miseri
1006 3827 1148 3875 Alemannis
1165 3826 1290 3886 puniendi,
1306 3835 1379 3885 atque
1460 3875 1466 3883 ,

282 3889 413 3937 ulciscendi
432 3892 588 3939 dedebantur.
625 3894 691 3939 Dum
710 3893 834 3940 Ravennae
851 3899 915 3939 esset
932 3894 1000 3939 veuit
1016 3906 1082 3938 mors
1097 3891 1160 3951 ejus,
1180 3897 1205 3938 et
1222 3889 1380 3951 supellectilis

283 3953 431 4010 distributio,
442 3955 468 4001 in
480 3971 529 4016 qna
541 3957 621 4004 obiter
634 3956 780 4013 noandum,
792 3955 904 4003 Placidiae
917 3956 1002 4002 matris
1016 3955 1170 4015 imperatoris
1186 3953 1246 4000 sorti
1263 3953 1380 4014 obtigisse

282 4019 405 4077 capsulam
418 4019 584 4080 reliquiarum,
596 4020 621 4067 in
637 4035 714 4081 eaque
728 4020 835 4080 pulveris
850 4034 931 4067 annon
944 4020 1033 4081 aliquid
1045 4019 1173 4078 sanguinei
1185 4018 1324 4066 Verolamio
1336 4016 1379 4063 ab·

283 4081 346 4130 lati?
381 4083 420 4130 Ex
437 4089 489 4131 toto
506 4092 581 4144 patet,
595 4087 745 4132 Germanum
764 4085 863 4132 rediisse
880 4083 1207 4131 secundaviceeBrittania
1223 4082 1268 4128 sub
1285 4080 1380 4128 ultimis

283 4151 379 4194 tantum
390 4145 447 4194 vitae
458 4161 507 4194 sure
517 4148 596 4207 annis,
603 4155 638 4205 et,
647 4149 666 4196 sl
677 4149 748 4196 Beda
757 4156 782 4196 et
792 4148 929 4196 Cerretantii
939 4147 1095 4208 chronologia
1105 4146 1241 4207 abjiciatur,
1251 4152 1379 4206 postquam

285 4209 418 4256 maximum
435 4210 525 4258 diutini
540 4213 693 4272 episcopatus
709 4212 813 4272 spatium
831 4212 857 4258 in
875 4211 998 4258 Brittania
1015 4212 1179 4272 transegisset
1213 4210 1285 4271 Quod
1297 4217 1379 4256 tamen

283 4272 422 4332 legentibus
431 4274 556 4322 Nannium
568 4283 595 4324 et
605 4277 732 4324 hisurricos
743 4283 873 4330 nostrates,
886 4289 1025 4335 persuasum
1038 4277 1110 4333 foret,
1123 4274 1169 4320 nisi
1182 4280 1220 4320 tot
1234 4273 1339 4320 absurda
1350 4272 1380 4318 de

283 4354 305 4386 s,
317 4337 450 4394 Germano,
462 4337 561 4399 quimus
572 4341 756 4388 conversatione
767 4340 793 4386 in
808 4339 927 4386 Brittania
939 4339 1101 4386 tradidissent.
1131 4339 1251 4398 Denique,
1263 4337 1312 4384 deo
1324 4343 1381 4382 sunt

284 4401 373 4451 calcrdi
383 4403 414 4450 de
430 4402 513 4464 magni
527 4403 599 4464 hujus
609 4406 654 4452 viri
671 4403 834 4466 legationibus
848 4403 1000 4458 Brittanicis,
1013 4403 1074 4451 alter
1090 4403 1201 4462 Prosperi
1213 4403 1244 4450 ab
1255 4418 1278 4448 a.
1289 4413 1338 4464 ⁴²9
1350 4403 1379 4447 ad
1417 4447 1420 4453 ,
