3100 5125
77 345 178 409 -··-17.
477 300 646 389 'annuis
669 323 941 389 suetonum.
1213 324 1254 389 s1

161 476 215 561 qui
244 476 330 539 solus
354 476 437 539 forte
463 476 616 541 Bomanae
641 476 746 562 gentis
771 476 914 560 praeiatae
940 472 1126 560 tempestati
1150 494 1258 557 super·

161 564 276 637 tuerat,
290 560 401 625 occisis
419 561 453 625 in
473 562 585 626 eadam
604 562 790 647 parentibus
808 560 930 645 regium
949 580 1064 623 nomen
1084 565 1118 623 et
1136 558 1259 645 insigne

121 648 344 712 osferentibus.
391 648 463 712 Hoo
492 669 569 732 ergo
598 648 677 711 duee
705 646 787 711 vires
822 638 991 730 capessunt
1020 644 1194 721 Brittones,
1226 651 1260 709 et

161 734 296 797 victores
313 740 522 817 provocantes
539 734 581 797 ad
600 732 752 817 praelium,
768 731 933 796 victoriam
953 730 1022 815 ipsi,
1038 731 1108 794 Deo
1123 731 1258 807 favente,

162 819 345 904 suscipiunt.
390 818 437 882 Et
453 840 493 881 ex
511 840 549 882 eo
568 825 712 902 tempore
730 840 814 881 nuno
829 817 921 893 cives,
937 838 1020 880 nuno
1034 816 1144 879 hostes
1159 816 1260 880 vinee

161 906 251 981 bant,
274 925 374 987 usque
394 904 437 967 ad
458 925 577 969 annum
598 903 787 967 obsessionis
807 901 960 967 Badonioi
982 901 1109 976 montis,
1133 902 1403 986 quandomousm

162 1012 226 1054 non
248 990 394 1053 minimas
415 990 534 1053 eisdem
556 989 701 1053 hostibus
722 996 848 1074 strages
870 989 1000 1064 dabant,
1019 987 1261 1073 quadragesimo
1269 976 1380 1025 donicus.

163 1075 289 1139 circiter
308 1082 342 1139 et
361 1083 477 1159 quarto
497 1096 582 1138 anno
601 1074 757 1139 adventus
776 1096 887 1138 eorum
900 1074 934 1137 in
949 1072 1152 1137 Brittaniam.
1197 1073 1262 1137 Sed

139 1203 142 1209 ·
164 1162 232 1225 haee
245 1162 458 1246 postmodum.

109 1263 155 1327 54
587 1246 694 1310 OAP.
717 1246 836 1309 XVH.

166 1335 204 1393 Ut
217 1335 366 1391 Germanus
377 1335 517 1410 episcopua
530 1353 587 1391 cmm
599 1335 678 1410 Lupo
689 1336 856 1391 Brittaniam
869 1334 1009 1409 noviacus,
1024 1341 1052 1389 et
1059 1333 1151 1407 primo
1165 1332 1261 1397 moris,

132 1489 134 1493 Ι
212 1424 240 1471 et
248 1416 419 1491 postmodum
432 1415 642 1490 Pelopionorum
656 1424 837 1490 tempestatem
851 1416 942 1471 divino
955 1416 1056 1471 virtute
1067 1414 1210 1470 sedaverit.

206 1509 300 1572 Auen
313 1529 431 1593 paucos
445 1531 522 1573 sane
535 1509 691 1573 adventus
705 1531 816 1573 eorum
830 1530 930 1572 annos
945 1506 1075 1572 haeresis
1090 1507 1168 1571 Pela
1190 1506 1405 1579 'anuPetagtrna

139 1618 220 1680 sper
232 1594 419 1680 Agrioolam
435 1594 544 1671 inlata,
561 1594 721 1659 Severimi
739 1593 913 1679 cEpisnopi
932 1594 1040 1671 filium,
1061 1592 1157 1656 tidem
1206 1582 1375 1656 rithmi*

534 1726 548 1755 θ
560 1716 699 1777 Pelaginmi
710 1717 814 1778 episcopi
824 1715 854 1764 V.
864 1715 894 1762 G.

162 1812 246 1861 omnia
267 1812 305 1860 vel
329 1812 438 1859 fabulosa
460 1812 498 1859 vel
521 1813 614 1861 incerta
637 1812 724 1861 saltem
749 1810 850 1872 judico3
888 1812 962 1860 Liber
983 1812 1013 1859 de
1036 1811 1145 1860 Victoria
1167 1810 1262 1859 Aurelii

163 1877 287 1927 Ambrosii
302 1893 374 1937 quem
387 1878 451 1925 Gali.
464 1877 534 1925 Mon.
546 1878 572 1925 ii.
584 1893 604 1925 r.
618 1878 738 1937 meminit,
751 1876 789 1923 vel
807 1877 904 1936 penitus
921 1877 994 1937 periit
1008 1876 1045 1924 rel
1059 1891 1183 1938 uunquam
1196 1876 1262 1923 meus

163 1950 208 1991 est.
227 1944 252 1991 S.
296 1943 353 1990 Non
374 1942 608 2003 praetermittendum
629 1942 750 2003 estquod
770 1941 801 1989 de
818 1942 857 1989 his
877 1942 1028 2001 temporibus
1047 1941 1122 1988 tradit
1138 1940 1260 1989 Nunnius.

164 2008 243 2068 Capta
258 2008 337 2055 Roma
349 2007 461 2055 Britanni
478 2006 503 2053 in
521 2007 652 2068 imperium
671 2009 837 2053 Romamruru
855 2005 1032 2053 rebellaverunt
1048 2012 1073 2053 et
1089 2006 1161 2053 duces
1177 2019 1261 2053 eorum

162 2073 320 2126 occiderunt:
342 2086 439 2118 rursum
457 2086 471 2118 a
488 2072 579 2119 Scottis
595 2080 620 2119 et
637 2071 710 2118 Pictis
726 2072 802 2132 pressi
820 2071 938 2117 auxilium
956 2072 1108 2131 petiverunt:
1134 2069 1262 2117 Brittones

158 2142 260 2197 propter
274 2138 427 2195 gravitatem
442 2137 541 2197 imperii
555 2136 697 2183 occidebant
712 2137 786 2183 duces
802 2136 980 2192 Bomnmomm,
998 2140 1022 2181 et
1038 2135 1161 2181 munitium
1176 2140 1262 2195 posteo

158 2202 284 2262 petriunt.
319 2199 362 2247 Bis
378 2200 476 2259 quidem
493 2201 539 2247 hoc
550 2200 641 2249 iactum
661 2214 759 2247 narrare
768 2200 866 2247 videtur
882 2200 1012 2247 Nenniusr
1030 2206 1080 2245 tum
1098 2198 1192 2258 pergite
1210 2198 1261 2245 Ro·

164 2267 234 2311 mani
244 2270 329 2311 eutem
340 2265 375 2311 nd
384 2267 515 2326 imperium
523 2267 704 2326 missiliumque,
713 2271 738 2311 et
747 2266 783 2312 ad
789 2265 966 2311 vindicandum
975 2263 1114 2319 ocnieiont,
1124 2268 1147 2309 et
1157 2264 1262 2323 spoliato

164 2329 317 2376 Brittannia
332 2343 395 2375 our-o
411 2334 564 2391 argentoque
579 2345 635 2376 cum
653 2344 710 2383 aere,
728 2336 752 2375 et
768 2330 835 2375 omni
848 2330 961 2389 preciosa
974 2334 1048 2384 ueste,
1065 2333 1091 2373 et
1105 2328 1185 2381 meua,
1205 2340 1261 2372 emm

164 2408 257 2453 magno
269 2395 393 2454 triumpho
404 2394 599 2440 revertebantur.
624 2393 766 2441 Ambrosius
777 2407 835 2441 vero
846 2393 942 2439 videtur
954 2396 1032 2451 partes
1044 2390 1210 2437 Rornanorum
1224 2389 1261 2436 vel

165 2456 460 2504 Romano-britannorum
471 2458 546 2504 tuitus
554 2472 608 2505 csse
616 2465 702 2505 contm
713 2467 738 2505 et
747 2457 828 2504 Pictos
839 2464 864 2504 et
876 2456 1008 2503 Britannos
1018 2454 1145 2516 indigenas
1157 2468 1260 2515 quorum

165 2537 209 2570 rex
225 2531 278 2569 erat
294 2521 471 2584 Vortigernrrse
493 2517 565 2578 nrrm,¹
579 2521 614 2570 ait
630 2521 752 2582 Nomius,
773 2519 919 2584 (Brittones)
937 2534 983 2582 per
999 2520 1171 2582 quodraginta
1186 2534 1264 2566 annos

159 2587 272 2649 suerunt
280 2588 324 2634 ereb
332 2594 407 2635 metu.
430 2588 631 2647 Guortiigermue
640 2589 758 2647 regnavit
768 2589 795 2633 im
806 2586 966 2642 Brittannia,
976 2592 1000 2632 et
1011 2586 1070 2632 dum
1081 2585 1132 2645 ipse
1140 2583 1265 2642 regnabat

164 2653 193 2698 in
200 2654 360 2709 Brittnnmin,
369 2653 508 2712 urgeiutur
516 2667 533 2698 a
540 2659 607 2698 metu
615 2652 746 2699 Pictorum
757 2657 782 2698 et
795 2650 945 2705 Scottorum,
955 2656 980 2695 ct
990 2664 1007 2695 o
1019 2649 1154 2696 Romamico
1162 2649 1263 2708 impetu,

164 2731 260 2762 mennon
271 2721 296 2763 et
307 2731 324 2762 u
335 2719 423 2763 timore
434 2716 563 2763 Ambrosii.
576 2727 616 2772 30.
628 2730 669 2776 31·
702 2715 773 2763 Certe
790 2715 855 2761 inter
871 2728 897 2760 se
913 2713 984 2760 divisi
1003 2719 1060 2760 suut
1076 2711 1188 2758 Britanni
1205 2712 1263 2758 dum

164 2779 288 2828 Pictorum
306 2788 331 2828 et
347 2782 484 2828 Scottorum
502 2779 641 2828 incursibus
657 2780 817 2827 resistendum
835 2785 895 2825 erat.
929 2777 1001 2825 Conf.
1016 2777 1089 2824 Gunu
1105 2777 1135 2823 ad
1154 2775 1258 2838 (Nona.)

167 2844 233 2892 Hist.
247 2845 353 2892 Brittan.
366 2853 416 2892 not.
430 2842 469 2904 ⁶4.
481 2844 642 2906 Lappeuberg
653 2845 755 2906 History
766 2843 795 2890 oi
804 2843 917 2903 England
933 2841 1052 2904 (Thorpe)
1068 2841 1084 2888 i.
1098 2855 1120 2901 p.
1131 2839 1171 2888 tr.

199 2908 238 2971 36.
250 2925 318 2956 nunc
328 2912 398 2968 moes,
409 2924 478 2956 nunc
488 2909 576 2970 trostes]
595 2909 635 2957 De
652 2908 728 2956 variis
743 2922 826 2955 eorum
844 2915 981 2968 temporum
999 2905 1088 2967 praeliis
1104 2905 1160 2953 vide
1171 2904 1262 2952 Chron.

167 2975 226 3022 Sax.
244 2975 275 3020 ab
292 2989 313 3021 a.
326 2988 373 3034 455
389 2974 419 3020 ad
431 2988 453 3019 a.
465 2982 524 3034 5973
536 2988 566 3020 ex
581 2988 631 3021 una
641 2980 720 3034 parte,
731 2980 757 3020 et
767 2971 893 3020 Neanium
905 2987 920 3018 a
931 2987 983 3033 cap.
996 2987 1069 3018 xxxv.
1081 2985 1113 3018 ex
1122 2969 1209 3029 altera,
1221 2968 1262 3017 ubi

166 3038 234 3086 brevi
246 3038 319 3084 babes
329 3038 419 3085 intuitu
429 3037 545 3098 quicquid
557 3037 598 3084 alii
611 3038 724 3099 utrinque
735 3037 897 3084 diversimode
909 3037 1066 3096 reliquerunt.
1079 3037 1104 3082 S.
1198 3097 1204 3111 .

167 3101 887 3228 n.tt;.ittttrtttl.,¹t¹tt⁰stlfflttljtt
897 3101 1136 3222 itlttttlt,
1147 3097 1264 3210 titt

167 3231 282 3278 uesdorrn
294 3231 458 3278 consentiunt.
471 3232 498 3279 S.

199 3297 240 3355 38.
251 3297 441 3356 quadragesimo
450 3298 552 3343 circiter
562 3302 586 3342 et
597 3295 697 3358 quarto]
709 3295 790 3343 Verba
800 3294 879 3342 Gildae
894 3292 956 3356 [um]
969 3300 1036 3348 sunt,
1048 3292 1148 3355 ¹Quique
1155 3293 1265 3354 quadru-

166 3363 276 3420 gerimus
286 3367 400 3422 quartum
413 3367 443 3407 ut
457 3363 524 3415 noui,
534 3361 642 3415 orditur,
654 3359 686 3408 al.
696 3362 786 3416 oritur,
797 3374 880 3406 numus
896 3373 978 3406 mense
986 3353 1043 3418 jum
1056 3358 1148 3418 primo,
1161 3355 1192 3402 al.
1204 3370 1263 3413 erno,

167 3439 263 3471 merua
273 3425 317 3486 qui
327 3430 352 3471 et
361 3440 421 3471 mcor
430 3425 572 3497 matuffatir
583 3430 626 3471 ert.
660 3424 756 3486 Quibus
766 3423 891 3485 perpensis
902 3437 1021 3470 annorum
1033 3436 1150 3469 numerus
1165 3437 1179 3467 a
1191 3419 1265 3467 Gilda

167 3487 248 3535 aditus
266 3496 362 3548 tempus
381 3489 460 3549 potius
479 3489 610 3550 scribendi,
626 3504 699 3549 quarn
721 3490 845 3535 Saxonum
864 3488 993 3535 adventum
1017 3479 1125 3546 spectare
1144 3485 1263 3532 videatur.

168 3552 298 3612 Scripsisse
308 3552 402 3601 scilicet
412 3553 509 3601 Gildam
519 3562 585 3600 anno
594 3569 608 3600 a
617 3568 700 3615 pugna
713 3552 834 3600 Bsdonica
843 3568 883 3612 44,
893 3565 958 3598 anno
966 3549 1012 3612 ipsi
1021 3549 1143 3610 imprimis
1153 3548 1264 3608 notabili,

168 3617 208 3664 eui
225 3624 251 3664 et
266 3617 392 3665 natrslitius
408 3616 463 3665 fuit.
498 3620 558 3664 Haec
574 3618 594 3664 si
613 3632 669 3665 vera
684 3625 722 3666 est
738 3616 916 3676 interpretatio,
935 3615 1008 3662 aliam
1024 3615 1094 3662 nobis
1110 3613 1178 3660 dabit
1193 3613 1265 3674 hujus

169 3681 287 3741 temporis
301 3682 491 3743 chronologiam.
507 3698 532 3729 v.
547 3682 630 3729 Usser.
646 3683 677 3730 ad
692 3698 715 3730 a.
732 3692 788 3742 520.
804 3682 831 3729 S.
857 3680 966 3728 Omnino
982 3694 1038 3727 vera
1052 3693 1105 3726 esse
1118 3678 1214 3726 videtur
1227 3677 1266 3724 in-

169 3746 310 3806 terpretatio
324 3747 411 3794 Smith.
441 3748 512 3794 Certe
523 3747 588 3794 AJ).
600 3760 659 3809 492,
675 3762 748 3808 quem
766 3746 803 3794 ita
818 3745 912 3807 colligit
922 3744 997 3804 Beda,
1010 3759 1055 3790 nec
1066 3757 1149 3804 pacem
1168 3756 1213 3788 uec
1229 3756 1266 3789 re-

168 3810 250 3870 quiem
262 3810 387 3858 Britaunis
397 3811 488 3858 attulit.
512 3812 568 3859 Hoc
578 3811 632 3872 ipso
643 3826 718 3869 anno,
728 3811 763 3859 ait
775 3811 862 3859 Matth.
872 3811 986 3864 Westm.‚
1000 3809 1056 3856 Ella
1066 3807 1130 3868 cepit
1141 3812 1166 3853 et
1177 3805 1267 3854 delevit

168 3875 387 3924 Andredesceaster
407 3875 508 3938 (cirron.
521 3876 592 3924 ab.
603 3890 661 3937 490,
680 3877 742 3924 Flor.
754 3876 810 3937 Vig.
823 3873 890 3940 491.)
907 3893 912 3920 z
931 3875 960 3922 ll.
969 3874 1000 3920 D.
1013 3885 1069 3934 495,
1081 3872 1119 3918 vel
1131 3883 1188 3934 494,
1207 3871 1265 3918 Cer-

168 3939 238 3986 dicus
249 3939 404 3987 Britanniam
415 3941 523 4001 appulit:
542 3943 572 3988 A.
582 3942 613 3988 D.
627 3941 675 4002 508
686 3941 781 3989 occisus
793 3948 830 3988 est
842 3938 989 3988 Natsnleod.
1012 3937 1087 3984 Mitto
1100 3935 1156 3983 alia.

201 4017 242 4068 39.
250 4005 415 4066 postmodum]
431 4005 493 4052 Vide
504 4021 557 4066 cap.
570 4006 629 4055 xxii.
641 4006 667 4054 S.

203 4069 283 4116 cAP.
302 4068 405 4130 XVIL]
427 4070 515 4130 Capita
532 4069 640 4132 quinque
662 4069 788 4131 sequeutia
808 4069 838 4116 ad
857 4066 919 4114 xxii.
937 4066 1066 4125 desumpta
1088 4064 1267 4112 sconstautio

169 4133 310 4194 presbytero
321 4133 480 4194 Lugdunensi
490 4135 533 4196 qui
546 4134 627 4183 Vitam
633 4131 663 4182 S.
670 4133 788 4182 Germani
799 4131 903 4194 scripsit.
932 4131 993 4178 Vide
1006 4130 1104 4178 Surium
1117 4131 1147 4177 ad
1161 4143 1187 4191 3¹
1196 4131 1267 4190 iulii,

168 4205 195 4245 et
205 4197 259 4244 MS.
271 4196 297 4244 in
309 4197 426 4246 Biblioth.
438 4199 537 4246 Cotton.
548 4200 572 4246 S.
678 4199 685 4210 “

201 4279 225 4321 4.
247 4265 315 4308 Ante
332 4263 436 4324 paucos]
469 4263 538 4325 Quot
559 4277 637 4311 annos
659 4269 716 4310 ante
737 4262 867 4308 adventum
892 4261 1018 4308 Saxonum
1043 4259 1069 4306 S.
1082 4261 1220 4306 Germanus
1240 4259 1267 4308 iu

168 4326 315 4374 Brittaniam
328 4327 422 4376 venerit
432 4329 499 4376 Beda
511 4342 560 4375 non
571 4327 639 4376 dicit.
656 4327 759 4387 Prosper
768 4325 898 4373 adventum
911 4325 962 4386 ejus
974 4325 1044 4385 ponit
1055 4325 1085 4371 ad
1097 4339 1119 4371 a.
1128 4338 1185 4384 4²9·
1198 4323 1268 4384 eique

168 4390 273 4438 alterum
296 4399 483 4440 oonseetaueum
506 4391 574 4440 addit
593 4392 623 4439 ad
644 4405 731 4453 ¹1·43²
756 4391 838 4452 [431]‚
859 4404 946 4452 nempe
966 4390 1097 4437 adveutum
1118 4387 1220 4436 Palladii
1240 4387 1267 4434 in

169 4457 288 4503 Scotiam.
323 4455 459 4518 Utrumque
471 4457 538 4505 Beda
553 4457 578 4503 iu
593 4456 703 4504 Historia
721 4463 798 4515 notat,
810 4454 911 4503 Palladii
931 4455 961 4502 ad
973 4469 996 4502 a.
1008 4468 1056 4516 430
1074 4452 1111 4501 vel
1123 4467 1180 4514 431,
1197 4452 1268 4512 ipsia-

168 4520 237 4568 simis
248 4519 360 4582 Prosperi
373 4521 455 4569 verbis
466 4536 519 4582 cap.
530 4535 568 4582 13,
581 4521 698 4569 Germani
712 4521 738 4568 in
755 4520 800 4567 lroc
812 4520 876 4577 loco,
889 4518 968 4568 verbis
979 4520 1054 4568 etiam
1066 4517 1176 4578 Prosperi
1188 4517 1269 4577 quoad

167 4583 322 4634 occmnnem
339 4585 467 4647 adventis,
480 4585 505 4633 iu
523 4587 621 4647 reliquis
633 4584 780 4645 Constantii,
798 4592 882 4646 utpote
899 4583 1006 4633 auctoris
1022 4582 1105 4639 couri,
1121 4593 1269 4643 summaeque
