3100 5125
268 295 330 356 ms
604 289 840 356 marorum
862 288 1040 356 necans.
1306 289 1435 374 111.19

266 444 370 508 exitus
384 447 469 506 esset
482 443 562 506 hore
575 442 692 520 futura,
705 440 831 506 dicente
841 441 997 506 Domino:
1021 439 1153 526 Vecilrtc
1162 441 1275 526 itaqua
1286 441 1367 526 qaia

105 550 254 598 cnourarea
266 529 385 594 maedis
405 529 484 592 diem
504 549 594 612 amus
613 527 727 592 lucrm
772 527 844 609 Qua
863 527 981 592 visione
1002 527 1216 605 confirmatus,
1238 527 1366 592 curarit

104 614 166 692 burg
175 615 370 679 monn-loeurn
391 613 583 691 monasterii,
599 634 693 696 quem
714 635 735 678 a
755 613 891 697 praefato
909 634 985 698 rege
999 612 1166 697 Sigberoto
1182 619 1362 696 acceperat,
1374 643 1409 676 ιο

104 687 212 728 sanum.
267 699 458 764 velocissime
481 705 673 776 construere,
699 719 737 762 ee
765 698 963 783 regularibus
985 697 1154 764 instituere
1179 697 1363 782 disciplinis.

267 787 349 850 Erat
363 791 472 851 autem
485 783 712 850 monasterium
727 783 909 859 usilvenum,
925 790 959 848 et
972 783 1070 846 maris
1084 781 1247 848 vicinitate
1264 805 1365 848 amca

266 893 351 947 num,
367 876 585 934 constructum
605 869 639 932 in
661 876 767 934 castro
803 870 928 944 uodam,
950 869 1032 952 quod
1057 868 1165 954 lingua
1184 869 1365 954 Anglorum

268 956 540 1040 Onobheresburg‚
556 955 589 1018 id
611 962 669 1032 est,
685 956 762 1019 urbs
782 892 942 1019 bnobheri
962 958 1117 1029 uocatum
1142 955 1227 1040 quod
1249 955 1365 1018 deiude

266 1063 322 1105 rex
347 1041 515 1126 prouinoiae
538 1040 620 1106 illius
646 1040 752 1117 Anna,
779 1062 818 1104 ao
841 1040 961 1103 nobiles
984 1040 1100 1130 quique
1124 1040 1362 1125 augurationibus

263 1127 405 1192 sedifioiis
418 1149 456 1192 ao
472 1125 611 1193 donariis
625 1127 832 1192 adornarunt.
877 1125 959 1190 Erat
977 1133 1086 1193 autem
1100 1125 1148 1189 vir
1163 1125 1226 1190 iste
1245 1127 1286 1190 de
1304 1149 1363 1188 no

265 1212 416 1278 bilissimo
439 1233 554 1297 genere
585 1212 777 1289 Scottorum,
804 1211 860 1275 sed
888 1210 981 1296 longe
1009 1211 1116 1276 animo
1141 1233 1237 1298 quem
1265 1233 1404 1284 carneas

263 1297 406 1362 nobilior.
450 1299 505 1361 Ab
519 1297 588 1380 ipso
602 1303 745 1380 tempore
758 1296 903 1382 pueritiae
918 1318 983 1360 susa
999 1317 1108 1361 euram
1121 1319 1186 1360 non
1202 1297 1361 1362 modieam

263 1383 449 1450 leetionibus
463 1383 560 1446 saeris
575 1383 666 1446 simul
681 1387 715 1446 et
731 1382 915 1448 monasticis
929 1381 1102 1447 exhibebat
1116 1382 1298 1466 disciplinis,
1313 1390 1358 1460 et,

253 1469 361 1618 kqulpd·
375 1468 512 1534 maxime
537 1474 673 1618 scenoppst
690 1468 791 1544 deest,
817 1473 932 1532 ennete
951 1489 1022 1554 qua
1046 1468 1171 1552 agenda
1194 1468 1361 1546 didioerat‚

104 1649 178 1699 Alius
187 1663 242 1726 ua
267 1561 530 1722 sotlblitdoenlblldi
539 1575 761 1702 ml’rllodbdente
776 1643 920 1736 tempore
933 1644 968 1704 et
982 1637 1050 1725 ipss
1061 1637 1121 1702 sibi
1132 1639 1363 1702 monasterinm

104 1722 245 1764 euenum.
267 1725 300 1792 in
324 1746 386 1810 quo
410 1724 538 1788 liberius
562 1724 740 1788 eaelestibus
769 1722 884 1787 studris
909 1730 1045 1800 vaserat,
1071 1724 1271 1788 constmxit:
1305 1724 1406 1795 ubiso

265 1818 430 1908 correptus
452 1810 647 1886 infirmitate,
671 1809 753 1874 sicut
773 1808 895 1873 libellus
917 1809 957 1874 de
978 1809 1045 1873 vita
1070 1810 1139 1894 ejus
1163 1809 1363 1893 eonseriptus

266 1895 458 1960 sufficienter
479 1895 599 1970 edoaet,
615 1901 728 1978 raptus
747 1900 798 1959 est
819 1916 838 1958 e
857 1916 1007 1980 corpore:
1031 1901 1066 1958 et
1081 1917 1104 1959 a
1116 1916 1249 1997 vespera
1262 1916 1364 1979 usque
1466 1907 1470 1911 “

265 1982 308 2046 ad
337 1981 411 2066 galli
441 1987 571 2044 cantum
596 2001 727 2065 eorpore
752 1986 877 2058 exutus,
900 1979 1114 2066 angelieorum
1139 2001 1303 2066 agminum
1328 1987 1365 2046 et

266 2072 412 2151 aspeetns
435 2065 559 2142 intueri,
584 2072 619 2129 et
646 2065 756 2130 laudes
782 2067 895 2132 beatas
919 2065 1036 2131 meruit
1059 2065 1179 2129 audire.
1233 2065 1366 2130 Referre

266 2159 375 2216 autern
398 2157 469 2214 erut
491 2150 613 2228 solitus,
634 2152 720 2235 quod
742 2157 854 2235 aperte
875 2173 930 2218 eos
951 2150 1035 2215 inter
1055 2151 1118 2214 alia
1139 2160 1288 2216 resonare
1308 2173 1365 2215 au-

266 2237 369 2301 diret:
394 2236 489 2300 [taut
506 2237 603 2300 susal
617 2237 653 2300 de
667 2237 776 2300 aaut
795 2237 831 2300 tu
849 2238 999 2302 arcuum.
1044 2236 1090 2300 Et
1108 2235 1243 2300 iterum:
1275 2237 1366 2300 Vide-

266 2321 349 2385 bitur
368 2324 451 2405 Deus
470 2323 591 2386 darum
609 2323 644 2385 ia
664 2323 747 2386 Sica.
794 2321 855 2401 Qui
876 2322 1027 2388 reduetus
1046 2321 1081 2383 in
1101 2343 1241 2407 corpore,
1257 2329 1292 2387 et
1313 2322 1407 2398 dieas

265 2408 364 2472 tertia
393 2429 518 2470 rursum
546 2408 681 2472 ednotus
710 2406 791 2470 vidit
823 2429 887 2470 non
915 2407 1017 2471 solum
1044 2407 1168 2491 majora
1195 2409 1366 2472 beatorum

264 2493 389 2579 gaudia,
406 2493 462 2556 sed
481 2500 515 2558 et
535 2493 675 2557 maxima
694 2493 904 2579 malignorum
920 2492 1089 2593 spirituum
1106 2492 1294 2569 certamina,
1311 2493 1366 2577 qui

210 2619 239 2665 '-
266 2580 384 2645 enebris
406 2580 661 2645 accusationibus
684 2579 829 2664 improbi,
852 2579 915 2647 iter
936 2580 981 2641 illi
1006 2579 1132 2643 oaeleste
1153 2579 1366 2643 intercludere

194 2736 198 2743 ,
266 2666 519 2739 contendebant;
555 2686 612 2730 nee
636 2673 745 2729 tamen
770 2664 1011 2751 protegentibus
1037 2686 1110 2728 eum
1134 2664 1254 2750 angelis
1279 2663 1365 2749 quio-

267 2773 362 2835 quam
383 2750 610 2834 proficiebant:
634 2751 673 2813 de
696 2750 810 2849 quibus
832 2750 977 2813 omnibus
999 2750 1025 2813 si
1047 2750 1117 2834 quis
1139 2750 1261 2833 plenius
1283 2750 1365 2813 seire

266 2836 342 2911 vult,
359 2836 465 2911 idest,
482 2844 602 2920 quanta
617 2836 737 2898 fraude
752 2835 894 2899 sollertia
908 2835 1067 2899 daemones
1085 2843 1119 2899 et
1138 2843 1230 2899 actus
1244 2836 1313 2919 ejus
1330 2842 1366 2899 et

266 2922 362 2985 verba
388 2922 554 3005 superflua,
582 2930 615 2985 et
641 2921 726 3005 ipsas
749 2920 848 2984 etiam
873 2920 1091 3005 cogitationes,
1115 2920 1205 3004 quasi
1227 2920 1262 2983 iu
1282 2920 1407 2998 libro40

267 3006 451 3090 descriptas,
468 3005 706 3090 replicaverint3
732 3028 802 3089 quae
818 3008 859 3073 ab
874 3005 994 3091 angelis
1009 3006 1158 3083 asanais
1174 3025 1244 3092 quae
1259 3005 1366 3069 avinis

264 3090 359 3174 justis
381 3091 441 3153 sibi
463 3092 547 3155 inter
568 3092 696 3176 angelos
716 3092 944 3176 apparentibus
965 3092 1041 3156 laeta
1055 3092 1104 3155 vel
1124 3091 1231 3155 tristia
1250 3113 1365 3175 eogno-

104 3192 214 3239 lsueltus
267 3176 357 3252 verit,
373 3177 459 3261 legat
473 3177 585 3261 ipsum,
601 3177 640 3239 de
656 3198 718 3261 quo
739 3177 816 3252 dixi,
831 3177 970 3240 libellum
986 3177 1061 3241 vitae
1079 3178 1159 3261 ejus,
1174 3183 1208 3239 et
1229 3176 1366 3239 multum

103 3256 160 3305 vite
170 3256 229 3319 01¹¹&
268 3282 307 3324 ex
322 3261 382 3338 illo,
399 3268 436 3325 ut
453 3284 533 3339 reor,
549 3262 710 3346 profectus
724 3262 874 3346 spiritalis
888 3262 1030 3346 accipiet.

310 3346 348 3409 In
371 3347 484 3431 quibus
505 3354 613 3411 tamen
635 3370 733 3409 unum
754 3354 813 3423 est,
835 3348 919 3431 quod
941 3355 975 3411 et
997 3370 1055 3411 nos
1078 3347 1111 3409 in
1132 3348 1192 3410 bau
1216 3345 1366 3411 Historia
1386 3375 1443 3439 123

264 3454 382 3520 ponere
395 3433 503 3498 multis
517 3434 716 3496 commodum
727 3432 883 3497 duximus.
927 3433 1009 3498 (lum
1023 3454 1099 3518 ergo
1114 3432 1148 3496 in
1161 3432 1264 3496 altum
1278 3438 1365 3495 esset

427 3580 567 3625 salvorum
579 3577 609 3624 V.
841 3590 855 3628 (1
869 3581 1008 3641 sanctisque
1020 3594 1052 3626 uc
1065 3580 1126 3625 uiris
1139 3578 1167 3625 V.
1172 3577 1202 3625 G.

302 3700 338 3749 18.
353 3698 473 3761 Vigilate]
489 3700 576 3749 Matth.
589 3700 655 3747 xxiv.
666 3713 706 3759 42.

300 3779 340 3812 aa.
356 3764 564 3826 (bottcrcslarffl
584 3764 665 3811 Hodie
677 3764 836 3826 Burghcastle
847 3764 873 3811 in
885 3779 945 3827 agro
957 3764 1112 3813 Suffolciensi
1125 3764 1157 3811 ad
1167 3763 1240 3811 Ostia
1252 3762 1367 3811 (lanienis

269 3828 305 3878 Fi.
318 3830 343 3877 S.
378 3829 431 3876 Vid.
445 3828 579 3885 cambden,
592 3844 614 3889 p.
625 3840 681 3890 ⁴5¹·

299 3908 339 3952 40.
350 3894 533 3954 replicauectnt]
551 3893 605 3939 Hoc
617 3900 664 3949 est,
676 3892 841 3949 recitaverint,
853 3892 891 3939 vel
903 3893 1075 3940 recensuerint.
1099 3892 1181 3950 (tent,
1193 3894 1326 3955 replicavit
1335 3908 1368 3939 es·

267 3959 353 4005 ardiae
364 3964 463 4012 cuncta,
474 3957 530 4004 inlr.
542 3958 574 4003 ir.
588 3970 636 4015 ²²3
651 3965 684 4013 et,
697 3972 751 4019 qaae
762 3960 852 4017 egisset
862 3958 1002 4019 replicavit,
1014 3957 1065 4005 vit.
1080 3958 1168 4005 abbae
1180 3974 1203 4017 4.

299 4034 339 4079 42.
351 4022 458 4069 libellam
469 4023 527 4068 cita
537 4022 599 4083 ejus]
617 4022 642 4069 S.
659 4021 740 4069 Fursei
753 4036 792 4069 res
803 4029 884 4083 gestus
894 4022 989 4083 antiqui
1000 4028 1112 4069 auctores
1123 4029 1181 4079 tres,
1194 4021 1289 4069 duobus
1299 4021 1368 4081 qnis-

267 4100 313 4146 que
325 4086 403 4141 libris,
416 4085 493 4133 altero
505 4086 578 4143 Vita,
590 4086 666 4133 altero
681 4086 857 4134 Miraculorunr
870 4086 1057 4147 descripserunt
1088 4086 1183 4133 Primus
1193 4087 1297 4147 scriptor
1308 4100 1368 4133 ano·

268 4164 357 4211 nymns
374 4164 422 4195 non
441 4150 518 4197 multo
535 4156 590 4210 post
606 4150 722 4197 Fsrrseum
739 4150 808 4210 vixit,
820 4150 939 4212 siqnidem
959 4151 1025 4197 Beda
1041 4150 1114 4198 toties
1129 4150 1209 4210 ipsum
1226 4150 1320 4205 laudat,
1338 4164 1369 4197 ae

269 4227 443 4274 nonnunquam
456 4214 486 4261 de
498 4216 570 4261 verbo
579 4216 694 4275 sequitur.
729 4216 833 4261 Secundi
845 4216 951 4262 auctoris
962 4216 1046 4262 itidem
1059 4216 1175 4277 anonymi
1193 4222 1252 4262 retes
1269 4228 1318 4261 non
1330 4214 1368 4264 ia·

268 4278 314 4325 cite
325 4277 441 4339 distingui
456 4286 541 4339 potest.
576 4279 674 4326 Tertius
687 4278 805 4327 Aruulfus
815 4280 890 4326 abbas
902 4279 1090 4333 Latinincensis,
1101 4280 1143 4341 qui
1156 4286 1267 4327 vertente
1278 4278 1368 4326 mulo

266 4343 300 4392 xi.
311 4342 437 4402 utriusque
448 4343 564 4404 anonymi
576 4344 697 4405 geminam
715 4344 906 4390 lucubrationem
919 4344 943 4389 in
955 4345 1026 4398 duos,
1040 4343 1103 4391 Vitae
1114 4343 1207 4391 scilieet
1217 4351 1243 4392 et
1257 4343 1367 4391 Miracu-

267 4406 357 4461 lorum‚
377 4406 451 4455 libros
469 4407 572 4467 redegit,
591 4407 698 4467 locisque
716 4407 810 4465 aliquot
825 4408 989 4469 interpolavit
1014 4408 1143 4456 Mabillou.
1160 4409 1216 4456 Act.
1233 4409 1294 4456 Bon.
1309 4406 1367 4455 t-ii.

269 4486 290 4535 p.
304 4484 358 4532 299.
371 4470 408 4536 [v.
422 4470 437 4517 i.
451 4486 473 4534 p.
484 4482 540 4530 410,
552 4472 589 4519 ed.
603 4471 694 4519 bened.
706 4471 799 4533 xir.1.]
814 4471 840 4518 S.

1528 954 1530 1031 l
