3100 5125
496 353 661 434 GENTIS
684 351 956 424 ANGLO'RUM.
1208 354 1273 426 tbi

603 545 711 611 OAP.
739 543 838 609 VIII.

174 645 213 701 Ut
227 644 364 704 Theodoro
378 649 504 722 defuncto
518 649 764 725 archiepiscopatus
775 649 891 724 pradum
903 647 1053 704 Berctuuld
1065 647 1231 720 acceperit:
1246 655 1273 700 et

212 728 282 782 iuter
291 729 425 802 plurimos
439 748 505 803 quos
517 731 663 797 ordinauit,
678 730 759 786 etium
775 729 885 785 Tutiam
899 730 988 784 virum
1003 729 1184 784 doctissimum
1194 725 1270 782 Hro-

204 806 285 880 scnst'
298 810 525 884 eccknaefecerit
538 811 693 867 ambitau-

150 914 164 966 5
184 959 187 961 .
216 901 313 964 Auno
326 910 435 967 autem
454 910 529 988 post
548 905 708 989 huncque
724 903 885 968 Oaedualla
905 895 1015 965 Romae
1033 900 1200 965 defunctus
1224 907 1273 964 est
1292 908 1324 956 A.
1331 908 1363 957 D.
1372 907 1428 973 690·

172 983 327 1070 proximo,
343 989 377 1051 id
392 996 451 1067 est,
468 990 697 1054 sexcentesimo
712 988 916 1074 nonagesimo
927 986 1153 1051 incarnationis
1165 973 1436 1086 Domi-{effessffl‘

172 1068 264 1150 nicee,
295 1068 482 1138 Theodorus
512 1076 616 1140 beatae
646 1074 806 1139 memoriae
835 1071 1089 1157 archiepiscopus
1118 1089 1215 1135 senex
1240 1080 1274 1135 et
1282 1101 1352 1152 obiit.

172 1158 284 1242 plenus
297 1159 430 1262 nicrum,
446 1157 479 1224 id
493 1168 552 1238 est,
568 1179 724 1224 annorum
742 1145 906 1245 octoginta
920 1165 1002 1235 octo,
1019 1157 1186 1222 defunctus
1204 1163 1271 1221 est:

171 1261 267 1328 quem
281 1260 315 1308 se
329 1263 496 1310 numerum
509 1267 666 1310 annorum
680 1246 776 1310 luisse
795 1245 988 1321 habiturum,
1003 1243 1070 1328 ipse
1087 1243 1275 1327 jamdudum

172 1325 286 1392 somnii
311 1331 504 1397 revelatione
528 1334 661 1396 edoctus
686 1332 752 1395 suis
776 1329 949 1416 praedicere
974 1329 1105 1392 solebat.
1152 1327 1276 1393 Mansit

135 1421 281 1478 roautem
302 1416 335 1478 in
353 1417 539 1502 episcopatu
556 1419 648 1483 annis
666 1413 778 1503 viginti
796 1416 928 1493 duobus,
945 1416 1148 1500 sepultusque
1170 1423 1220 1478 est
1241 1413 1275 1477 in

172 1497 305 1566 ecclesia
327 1502 430 1566 sancti
453 1503 554 1580 Petri,
576 1505 692 1590 inqua
713 1503 854 1567 omnium
875 1501 1094 1586 episcoporum
1115 1500 1274 1564 Doruver·

171 1584 316 1650 nensium
330 1596 428 1652 scunt
442 1611 577 1674 corpora
592 1589 755 1674 deposita:
776 1589 816 1651 de
831 1610 894 1671 quo
909 1609 973 1651 una
989 1608 1061 1650 cum
1076 1585 1275 1650 consortibus

171 1670 313 1756 ejtrsdem
328 1673 376 1736 sui
389 1673 510 1760 gradus
524 1682 611 1739 recte
626 1696 663 1739 ac
678 1668 836 1738 veraciter
849 1673 911 1737 dici
926 1677 1043 1756 potest,
1054 1672 1129 1757 quia
1140 1692 1275 1755 corpora

128 1785 131 1791 ·
171 1755 314 1841 ipsorum
329 1757 361 1821 in
375 1781 455 1844 pace
469 1761 595 1847 sepulta
610 1767 694 1835 sunt,
710 1767 745 1824 et
766 1781 881 1822 nomen
901 1779 1010 1822 eorum
1024 1757 1109 1821 vivet
1128 1757 1161 1818 in
1181 1778 1274 1842 gene·-

170 1843 312 1907 rationes
337 1853 371 1910 et
395 1845 626 1931 generationes.
672 1842 722 1910 Ut
745 1845 830 1908 enim
852 1844 993 1908 breviter
1012 1839 1124 1920 dicam,
1146 1848 1274 1906 tantum

171 1929 333 2012 profectus
352 1926 504 2015 spiritalis
518 1939 663 2017 tempore
684 1930 877 2016 praesulatus
899 1929 980 1992 illins
1002 1927 1180 2013 Anglornm
1202 1927 1273 1990 hcc*

134 2013 283 2090 naiasin,
308 2025 463 2099 quantum
484 2035 647 2102 nunquam
668 2023 766 2081 antea
791 2022 933 2100 potuere,
957 2019 1130 2098 coeperunt.
1176 2012 1273 2096 cujus

169 2119 349 2183 personam,
365 2103 474 2179 vitam,
489 2109 630 2180 atatem,
647 2110 681 2166 et
702 2102 834 2178 obitum,
851 2099 1048 2185 epitaphium
1066 2121 1190 2182 quoque
1207 2120 1273 2161 moa

169 2181 315 2249 numenti
329 2182 428 2272 ipsius
443 2182 585 2252 versibus
600 2183 737 2252 heroicis
751 2180 887 2272 triginta
902 2192 935 2249 et
950 2191 1088 2268 quatuor
1107 2185 1213 2270 palam
1234 2205 1273 2249 ac

168 2264 272 2418 fficide
287 2273 411 2337 cunctis
428 2274 481 2338 illo
498 2269 753 2338 ¹advenicntibus
771 2271 903 2356 pandit3
928 2291 1063 2355 quorum
1084 2263 1178 2353 primi
1198 2271 1274 2332 sunt

257 2443 467 2508 naama
480 2443 582 2507 tumba
589 2453 706 2528 pausat
720 2462 788 2505 erun
802 2462 924 2526 corpore
932 2439 1060 2523 praeut,
1282 2434 1364 2518 Epiro·

132 2545 164 2580 ὀ
304 2529 396 2608 aaa
409 2551 490 2596 nuuc
507 2529 691 2595 Tteodcrruu
705 2523 811 2612 iinpra
826 2527 958 2613 Peluspc
973 2535 1065 2591 cocat.
1280 2507 1370 2568 ΡΜ

229 2721 245 2762 8
256 2728 360 2776 corporo
370 2722 430 2763 cunt
441 2714 470 2762 V.
569 2716 585 2753 h
598 2718 705 2762 ecclesio
716 2714 858 2774 Angitiam
869 2708 899 2760 V.
998 2702 1171 2758 firmantibus
1183 2708 1210 2756 V.

208 2867 391 2930 CAP.V111.]
408 2869 470 2917 Edd.
483 2869 571 2931 Vulgg.
584 2878 680 2930 panum
695 2868 735 2915 hic
751 2867 893 2915 distinctum
911 2872 985 2928 caput
1001 2873 1027 2914 ct
1043 2873 1213 2928 argumentum
1232 2865 1270 2913 De

170 2932 240 2981 obitu
251 2933 376 2981 Theodori
389 2934 571 2997 archiepiscopi.
589 2934 614 2981 S.
840 2990 842 2993 Ι
1323 2985 1326 2997 .

205 3010 228 3059 5.
248 2997 382 3060 defunctus
399 2999 446 3059 ert]
470 2998 600 3052 Barouins,
621 2996 741 3044 recensita
759 2994 881 3042 Theodori
903 3004 988 3055 morte,
1007 2988 1117 3055 adjungit
1135 2989 1270 3041 Adrianurn

171 3062 285 3110 abbatem
297 3063 388 3123 pariter
398 3063 502 3119 obiisset
520 3063 587 3111 venit
597 3060 639 3109 ille
650 3062 747 3122 quidem
761 3064 816 3107 cum
831 3058 961 3106 Theodoro
974 3060 998 3106 iu
1013 3058 1170 3117 Brittaniam,
1182 3060 1224 3106 scd
1241 3055 1272 3107 ud

171 3126 258 3175 catum
275 3127 321 3175 ivit
338 3128 415 3175 multo
431 3126 559 3189 posterius.
593 3128 658 3174 Num
677 3133 738 3173 teste
754 3125 836 3183 Baeda,
848 3139 869 3170 r.
886 3132 925 3171 21.
939 3125 1003 3187 [tn]
1026 3130 1163 3184 annapost
1178 3124 1272 3171 obitum

75 3198 79 3201 ’
170 3190 270 3238 Villridi
280 3194 403 3253 proximo,
414 3193 430 3240 i.
438 3208 460 3239 c.
473 3208 513 3240 an.
524 3202 579 3253 710.
590 3188 720 3238 destructus
730 3197 776 3237 est.
787 3189 814 3236 S.

204 3254 228 3305 6.
242 3254 393 3319 Thecdmw]
411 3257 463 3305 Hic
473 3259 592 3304 summat
598 3256 716 3318 fidelium
728 3256 882 3301 uoluntatem
894 3260 924 3300 ut
935 3256 961 3301 in
974 3253 1115 3301 civitatibus
1126 3258 1150 3299 et
1160 3255 1224 3299 villis
1235 3268 1273 3299 ece

171 3322 260 3368 otram
264 3320 466 3381 fabricarentur,
474 3323 609 3383 parochias
618 3322 809 3379 dirfinguercnt
819 3323 844 3363 et
852 3332 965 3365 assensus
974 3318 1056 3377 regios
1064 3320 1103 3364 lte
1110 3320 1269 3377 procurarit,-

170 3390 201 3431 ut
211 3386 277 3446 siqui
286 3384 437 3449 sufficienter
448 3392 527 3433 essent
538 3400 610 3447 mper
624 3386 753 3446 proprium
764 3382 879 3444 surdum
893 3388 1033 3429 construere
1047 3384 1167 3440 ecclesias,
1180 3396 1271 3427 curun-

171 3449 227 3496 dem
234 3455 353 3509 perpetuo
359 3456 500 3511 patronatu
511 3451 669 3509 gauderentr
682 3450 703 3495 ri
714 3451 780 3495 inter
792 3450 879 3495 limites
890 3448 994 3493 alterius
1004 3441 1112 3507 alicujrrc
1122 3447 1224 3491 dominii
1235 3460 1273 3491 cc·

171 3515 259 3560 clccim
264 3514 394 3575 forment,
405 3511 513 3575 pardem
518 3514 599 3575 fundi
611 3515 704 3560 domini
715 3520 866 3561 notarentur
872 3526 919 3573 pro
926 3513 1049 3573 patronis.
1073 3510 1194 3557 Elrnlram.
1213 3511 1238 3557 S.

207 3591 245 3626 10.
257 3580 283 3625 ia
295 3593 344 3640 quc
355 3581 465 3627 omnium
491 3577 675 3639 Archiepiscopi
689 3577 908 3626 anteTbeodorutn
918 3587 967 3622 non
979 3575 1004 3621 iu
1014 3575 1067 3635 ipsa
1075 3574 1176 3621 ecclesia
1185 3574 1273 3635 sepulti

171 3648 237 3701 sunt,
250 3642 327 3690 sedin
340 3644 434 3704 porticu
446 3643 464 3690 il
475 3644 513 3690 ius
524 3642 658 3703 aquilonali
669 3641 694 3688 ii.
706 3654 731 3701 3.
766 3641 795 3688 In
810 3644 856 3690 hac
871 3656 890 3687 s.
903 3639 969 3687 Petri
982 3638 1084 3686 ecclesia
1098 3636 1271 3699 archicpiscopi

171 3706 261 3767 sepulti
272 3714 338 3767 sunt,
349 3723 425 3768 usque
441 3709 498 3755 dnm
515 3705 666 3755 cudberctus
682 3706 876 3767 archiepiscopus
888 3704 903 3751 t
914 3704 1027 3751 Romano
1045 3702 1158 3763 pontifice
1175 3712 1199 3750 et
1216 3717 1273 3763 rege

172 3771 295 3819 Eadberto
306 3786 346 3820 sn.
360 3772 414 3833 758.
427 3772 528 3819 liberam
540 3771 567 3819 in
578 3770 680 3819 ecclesia
691 3768 783 3818 Christi
797 3770 945 3831 sepulturam
961 3767 1117 3825 impetrarit3
1135 3767 1273 3814 construxit

170 3834 247 3895 igitur
263 3851 338 3897 prope
354 3836 481 3884 ecclesiam
494 3833 584 3884 Christi
602 3836 626 3881 in
644 3835 761 3882 honorem
776 3851 796 3882 s.
807 3833 931 3882 iohannis
946 3830 1065 3891 Baptista
1080 3830 1217 3886 basilicam,
1231 3828 1273 3877 ubi

171 3900 224 3960 ipse
234 3908 259 3948 ct
269 3915 427 3962 successores,
436 3910 538 3962 excepto
548 3900 679 3956 lamberto,
688 3899 863 3947 condebantur.
873 3910 896 3945 x.
909 3896 995 3955 Script.
1006 3909 1028 3954 p.
1038 3906 1109 3958 1295.
1121 3904 1189 3955 ¹77²·
1199 3907 1271 3943 zato.

171 3964 261 4025 Spelm.
274 3964 335 4013 Con.
347 3965 365 4012 i.
376 3980 399 4027 p.
412 3963 466 4030 289.
485 3966 511 4013 S.
545 3965 638 4025 Nequit
650 3970 719 4023 putet
730 3971 821 4011 temere
832 3962 872 4009 hic
884 3976 899 4009 a
910 3960 979 4007 Beda
990 3959 1080 4006 dictum
1093 3974 1146 4007 esse
1157 3961 1183 4006 in
1194 3960 1270 4006 eccle-

173 4028 218 4088 aia,
230 4030 470 4078 animadvertendum
488 4037 525 4077 est
541 4030 619 4091 ipsam
637 4029 756 4089 porticum
774 4034 868 4089 partem
886 4024 994 4073 ecclesiae
1007 4017 1097 4071 fnisse:
1113 4023 1271 4084 quamobrem

172 4092 248 4141 etiam
259 4094 351 4141 dictum
363 4103 401 4143 est
412 4109 495 4156 snpra,
507 4097 534 4141 in
541 4095 640 4155 porticu
650 4108 670 4140 a.
683 4092 792 4140 Martini
804 4094 873 4139 intra
883 4091 1019 4153 eccteaum,
1031 4089 1058 4136 ii.
1070 4102 1093 4150 5.
1104 4095 1130 4135 ct
1142 4087 1216 4145 infra,
1230 4100 1270 4146 23,

174 4157 204 4205 de
216 4155 342 4219 sepulchro
352 4159 446 4207 Tobiae.

168 4224 171 4227 ’
209 4236 247 4270 12.
259 4225 327 4285 quic,
340 4222 396 4289 Qu]
412 4223 507 4271 Ecclus.
517 4222 576 4269 xlir.
588 4231 625 4279 14.

209 4286 247 4335 16.
258 4288 368 4335 eamus
378 4288 493 4348 laricis]
508 4286 607 4334 Scilicet
617 4287 741 4345 elegiacis.
763 4282 836 4332 Conf.
849 4297 922 4343 supra
934 4281 949 4329 i.
962 4291 999 4329 πο.

208 4362 246 4415 19.
258 4352 355 4413 tumba]
370 4354 394 4400 S.
403 4349 525 4399 Theodori
536 4364 623 4411 corpus
634 4366 683 4397 unu
697 4365 753 4397 cum
766 4364 786 4397 s.
795 4348 927 4409 Augustini
942 4343 1095 4406 aliorumque
1110 4342 1218 4405 reliquiis
1234 4341 1268 4391 ie-

172 4422 257 4463 ratum
274 4422 312 4463 est
329 4431 394 4464 anno
409 4431 467 4479 ¹09¹
481 4424 567 4464 octavo
585 4416 617 4462 id.
631 4414 754 4475 Septemb.
767 4420 829 4461 teste
844 4412 971 4459 Gotselino
988 4410 1117 4464 monacho,
1135 4408 1203 4469 crrjns
1219 4408 1269 4457 haec

172 4480 247 4527 rerba
258 4481 284 4527 in
295 4480 339 4529 lib.
349 4481 377 4527 ii.
388 4481 487 4529 Transi.
499 4496 551 4540 cap.
565 4492 604 4541 27.
638 4478 889 4526 Proeuomirratissr'mi
902 4483 986 4523 autem
999 4474 1120 4522 Theodori
1134 4480 1225 4520 reinero
1242 4474 1269 4519 in

172 4547 337 4592 transtatione
353 4548 441 4594 tutata
456 4548 567 4607 opercdc
583 4560 630 4593 crta
646 4544 757 4591 omnibus
768 4539 870 4606 cuffiam
883 4541 1004 4604 aeluserit
1018 4540 1180 4602 tturfficutr'o,
1193 4539 1270 4584 itcrat

215 4629 314 4672 unca.
706 4607 749 4668 nl
