3100 5125
300 321 367 385 348
611 314 838 382 EPIS'FOLA
861 314 1099 381 BONIFAOII

300 469 396 535 tificis
411 466 557 544 Romani,
572 473 608 531 et
627 473 745 565 rogatu
763 465 943 549 principum
959 464 1158 529 Francorum
1171 470 1207 531 et
1227 465 1404 543 Gallorum,

301 553 654 655 subsperestaurandae
662 550 742 637 lega
750 550 880 628 (113333,
887 551 1220 635 suseep1,crrcumiod1
1232 552 1407 637 cophinum

302 640 452 706 stercoris
464 637 650 723 apportavi.
672 637 730 702 aod
743 658 807 701 non
822 636 986 701 custodivi.
1033 637 1114 701 Cum
1132 644 1241 703 antem
1257 644 1438 722 expecta-³5

301 721 883 810 remutfoeeroturosjecitlabnuece.
914 720 960 785 Et
971 724 1067 807 juxta
1081 722 1178 786 alium
1191 744 1272 808 prop
1272 724 1403 787 hetam:

302 812 550 895 misturam
559 808 805 907 olicaataanqn
815 746 1001 892 conscrisit
1010 830 1099 871 33333.
1131 809 1194 873 Sed
1205 809 1287 893 proh
1302 809 1403 887 dolor,

302 896 440 961 officium
457 895 577 959 laboris
594 894 658 960 mei
679 916 786 957 rerum
806 893 974 957 collatione
987 893 1178 958 simillimum
1193 916 1262 959 esse
1276 894 1405 958 videtur

302 982 374 1046 cani
397 980 542 1058 latranti,
564 987 600 1044 et
622 979 741 1045 videnti
765 980 851 1043 fures
876 986 911 1043 33
932 980 1073 1077 latrones
1096 981 1251 1079 frangere,
1274 988 1309 1044 33
1331 982 1467 1066 sub146

302 1067 421 1144 fodere,
447 1073 481 1131 et
509 1072 637 1130 vastare
662 1064 793 1129 domum
817 1064 935 1129 domini
964 1064 1023 1141 sui,
1050 1072 1083 1128 33
1112 1066 1186 1164 quia
1212 1065 1405 1130 defensionis

302 1153 509 1218 auxiliatores
523 1173 588 1215 nou
602 1151 730 1227 habeat,
746 1152 1007 1215 submurmurans
1023 1150 1230 1301 ingemiscat
1229 1159 1264 1215 33
1272 1152 1403 1301 t‚lugeat

304 1238 397 1302 Nunc
426 1244 544 1314 autem,
569 1237 655 1385 quod
683 1236 794 1299 mihi
785 1258 818 1299 ιιι
842 1237 901 1301 tali
925 1236 1067 1321 periculo
1089 1237 1195 1321 posito
1217 1238 1343 1321 justum
1368 1245 1404 1301 33

303 1330 433 1389 cautum
454 1323 571 1387 cssevi
594 1327 676 1398 3333,
695 1322 821 1387 salubre
843 1322 1007 1387 consilium
1028 1328 1170 1387 vestrum
1190 1344 1345 1407 quaerens,
1368 1330 1423 1389 ets

302 1409 383 1474 scira
403 1408 628 1484 decideram·
619 1408 744 1472 insinuo
765 1408 948 1473 libertatem
969 1407 1181 1493 praedicandi.
1205 1409 1285 1485 dico,
1309 1409 1379 1472 ut
1370 1430 1403 1471 ιιι

302 1496 440 1560 Actibus
469 1493 698 1579 Apostolorum
727 1493 848 1557 Pardus
876 1493 1039 1579 apostolus
1075 1494 1292 1558 sacerdotibus
1330 1494 1404 1557 inti-

302 1582 401 1647 mavit
414 1581 542 1645 dicens:
569 1581 719 1643 03313333
736 1600 786 1643 uos
804 1578 949 1643 1333113333
965 1579 1059 1663 11133
1060 1580 1115 1642 uu'a
1132 1580 1262 1643 muudus
1280 1600 1347 1643 curn
1364 1579 1404 1643 ab

301 1668 435 1731 amulam
447 1666 603 1750 maino.
637 1666 713 1729 Nou
726 1666 807 1729 enirn
819 1663 986 1749 subtersupi
1019 1686 1057 1728 uo
1071 1666 1170 1729 unaue
1184 1666 1404 1729 annunciarem

302 1752 384 1817 331ιί
401 1774 485 1816 omno
500 1750 659 1815 3333371133
676 1752 742 1814 Da.
786 1752 943 1815 Attendite
957 1687 1044 1827 nodie,
1058 1759 1087 1813 at
1104 1751 1242 1815 uniuerso
1258 1752 1404 1835 9339313

302 1858 361 1923 qao
380 1859 430 1901 coe
447 1837 585 1937 Spiritus
602 1838 732 1902 13333133
746 1837 853 1935 posuit
874 1836 1020 1921 episcopos
1041 1856 1140 1919 rapere
1161 1836 1314 1899 3331331333
1327 1837 1440 1913 Dci,10

302 1944 394 2008 queam
408 1922 570 2007 acquisivit
582 1920 643 1985 riti
656 1922 802 2021 mapuiuc
820 1944 882 1985 aue.
927 1920 1082 2005 Regnum,
1102 1920 1215 2019 inquit,
1238 1922 1300 1985 Dei
1318 1920 1404 1986 inter

303 2029 360 2072 vos
373 2008 538 2073 ambulans
552 2006 730 2092 praedioavi,
745 2013 784 2072 33
798 2028 849 2071 me
863 2007 1001 2071 alienum
1014 2008 1057 2070 ab
1068 2006 1209 2070 omnium
1222 2006 1403 2091 perditione

304 2115 471 2158 servarem.
516 2093 600 2157 Nam
620 2093 784 2178 apostolus
805 2094 981 2177 aucupum,
1003 2092 1162 2176 propheta
1181 2093 1403 2176 mandatorem,

306 2179 454 2243 Salvator
480 2178 592 2242 mundi
613 2188 768 2262 pastorem
797 2178 925 2242 33333313
954 2178 1153 2243 sacerdotem
1156 2178 1337 2277 appellat:
1370 2185 1405 2242 33

304 2285 414 2327 omnes
423 2271 585 2328 tacentem
593 2270 727 2347 peccata
736 2264 845 2349 populi
856 2265 1027 2339 doctorem,
1038 2278 1215 2349 rsangmms
1223 2284 1405 2328 ammarum

303 2349 504 2434 perditarum
516 2350 577 2412 sub
591 2348 717 2413 silentio
731 2372 799 2413 esse
814 2350 1032 2433 comprobant.
1414 2376 1440 2427 15

347 2450 378 2519 5
395 2435 461 2497 Pro
460 2441 534 2519 pter
555 2434 614 2497 hoe
636 2434 806 2511 horribilis,
828 2442 863 2499 33
884 2434 1023 2499 maxima
1043 2434 1216 2499 necessitas
1238 2434 1334 2519 cogit,
1354 2441 1402 2511 ut,

301 2522 397 2606 juxta
418 2457 539 2586 dieptum
559 2520 705 2605 apostoli,
720 2542 779 2585 nos
793 2521 928 2586 formam
942 2520 1115 2585 debeamus
1136 2521 1285 2585 exhibere
1304 2520 1403 2585 fideli-

304 2609 375 2683 bus,
391 2608 451 2671 hoc
465 2614 525 2683 est,
540 2606 601 2671 nisi
615 2628 667 2670 me
679 2607 770 2671 fallat
785 2607 900 2692 opinio,
915 2607 962 2672 ita
973 2607 1060 2691 juste
1070 2607 1237 2670 vivendum
1251 2607 1402 2684 sdoctori,

303 2714 345 2755 ne
359 2693 447 2757 dicta
460 2715 519 2757 sua
536 2692 788 2790 repugnantibus
802 2693 896 2756 factis
917 2699 1057 2770 evacuet,
1074 2698 1108 2758 et
1129 2713 1170 2756 ne
1192 2715 1265 2756 eum
1287 2693 1347 2756 sibi
1362 2693 1404 2756 de

326 2777 433 2863 roprio
447 2784 542 2842 caute
556 2777 651 2854 vivat,
661 2784 772 2841 tacens
787 2777 890 2841 alieno
905 2777 1035 2842 damnet
1021 2784 1074 2841 tur
1089 2784 1230 2862 peceato
1264 2777 1346 2858 Quia
1359 2779 1403 2842 ad
1412 2805 1441 2838 ιο

304 2799 366 2926 boc
389 2870 439 2928 est
460 2862 599 2927 ecclesiae
614 2826 676 2926 Ilei
693 2863 892 2947 praepositua
908 2869 945 2926 ut
967 2885 1030 2927 non
1052 2863 1153 2926 solum
1174 2864 1403 2927 benevivendo

305 2947 384 3011 alios
397 2949 542 3033 exemplo
555 2947 715 3025 instituat,
730 2949 787 3012 sed
802 2949 899 3012 etiam
913 2948 1103 3016 fiducialiter
1121 2949 1365 3034 praedicando
1340 2970 1403 3011 sm-

304 3032 387 3118 gulis
401 3040 477 3098 ante
491 3034 597 3097 oculos
611 3041 745 3117 peccata
756 3056 814 3098 sua
825 3033 1013 3099 constituat:
1031 3040 1065 3097 et
1079 3055 1149 3133 quae
1161 3057 1257 3134 poena
1269 3035 1405 3098 thabeat.

305 3119 411 3196 duros,
428 3126 462 3182 et
476 3142 546 3204 quae
561 3119 662 3204 gloria
676 3119 870 3196 obedientes,
886 3119 1045 3196 ostendat,
1061 3119 1145 3203 quia,
1160 3121 1256 3204 juxta
1271 3121 1404 3184 verbum

305 3203 434 3266 Domini
455 3205 498 3268 ad
520 3204 725 3282 Ezechielem,
747 3205 798 3268 cui
822 3205 1038 3289 dispensatio
1037 3205 1123 3268 verbi
1149 3206 1317 3270 commissa
1341 3214 1402 3283 est,

304 3288 449 3354 etiamsi
469 3296 579 3353 sancte
593 3290 687 3366 vivat,
703 3307 738 3354 et
758 3298 868 3354 tamen
888 3291 1013 3374 perdite
1027 3290 1167 3354 viventes
1188 3313 1323 3390 arguere
1343 3297 1441 3365 autes
1517 3303 1518 3354 ξ

304 3375 471 3440 erubescat
491 3382 549 3440 aut
569 3383 703 3453 metuat,
719 3398 792 3440 cum
806 3375 952 3440 omnibus
969 3375 1022 3461 qui
1040 3398 1078 3440 eo
1100 3382 1227 3440 tacente
1250 3377 1404 3463 perierint
1517 3393 1518 3396 ’

336 3498 431 3536 rreum
441 3489 573 3548 maguae
584 3487 626 3548 Sp.
637 3503 710 3535 reum
721 3488 882 3548 supplendum
897 3495 952 3548 post
967 3491 1063 3536 cilentio
1076 3486 1176 3548 conjicit
1187 3488 1239 3536 Ser.
1275 3488 1405 3536 Excidissc

303 3553 399 3600 ridetur
413 3553 446 3600 ob
462 3553 638 3615 precedentem
652 3552 838 3615 syllabam-rem
850 3553 967 3601 vel-rum:
985 3553 1087 3601 13313333
1103 3553 1232 3614 legendum
1242 3553 1404 3614 perditarum

303 3632 376 3664 raum
385 3618 461 3664 rubr.
559 3618 703 3664 ⁸aucerdoti
714 3618 756 3678 Sp.
856 3619 1138 3680 tractandumque
1148 3617 1189 3678 Sp.
1206 3617 1350 3664 maneatG.

338 3719 378 3766 33.
395 3704 562 3765 stanconam]
582 3704 733 3752 Francorum
749 3703 871 3765 principes
888 3711 946 3752 tunc
962 3704 1078 3766 temporis
1095 3711 1165 3751 eraut
1181 3703 1359 3752 Carlomaunus
1377 3713 1403 3753 31

305 3769 432 3830 Pippinus,
443 3775 468 3816 et
479 3768 636 3816 Childericus.
669 3769 736 3816 Nam
748 3769 852 3816 Carolus
865 3769 995 3816 Martellas
1012 3769 1119 3816 moriens
1129 3768 1158 3815 A.
1168 3769 1198 3816 Ι).
1213 3780 1257 3830 741
1272 3768 1401 3829 imperium

304 3849 376 3880 suum
393 3833 450 3880 filiis
466 3833 517 3880 suis
534 3833 682 3890 tradiderat3
699 3832 793 3880 scilicet
809 3833 974 3880 carlomanno
986 3832 1149 3889 austrasiam,
1160 3833 1277 3880 Suaviam
1289 3834 1327 3881 vel
1338 3834 1404 3882 Ale·

303 3897 439 3957 manniam,
455 3904 481 3945 ct
495 3897 665 3958 llroringiam,
683 3896 786 3958 Pippino
803 3904 894 3954 autem,
912 3897 953 3959 qui
970 3904 1029 3944 natu
1043 3897 1126 3959 junior
1141 3905 1202 3958 erat,
1221 3898 1401 3959 burgundiam,

303 3961 457 4017 Neustriam,
468 3969 493 4009 et
503 3961 663 4008 Provinciam.
676 3961 804 4022 Fredegar.
817 3962 889 4009 Ceut.
902 3976 954 4010 ιιο.
979 3961 1044 4009 aaa
1054 3962 1126 4008 Cout.
1137 3963 1164 4008 A.
1175 3963 1207 4008 D.
1221 3973 1276 4022 741.
1303 3962 1402 4010 (1131313-

302 4026 368 4074 ricus
389 4026 475 4074 tertius
491 4025 605 4086 regnavit
621 4025 648 4072 in
669 4033 737 4086 parte
759 4026 867 4073 Francia
885 4026 916 4074 ab
934 4030 963 4074 Α.
973 4027 1004 4074 D.
1018 4035 1074 4086 74²·
1105 4025 1184 4073 L’Art
1200 4027 1231 4073 de
1246 4026 1348 4074 verifier
1363 4027 1402 4074 les

303 4090 388 4138 Dates.
423 4088 471 4138 Scd
482 4103 537 4136 cum
553 4103 602 4136 uon
616 4091 728 4137 nominat
742 4090 874 4138 Zacharias
888 4106 951 4154 papa
966 4091 991 4137 in
1006 4090 1110 4151 epistola
1121 4091 1152 4136 ad
1163 4090 1272 4138 Francos
1281 4098 1306 4138 et
1316 4091 1403 4139 Gallos

303 4155 386 4202 Mans.
398 4154 441 4202 xii.
453 4169 476 4215 p.
486 4155 544 4213 380.
567 4154 645 4201 iidem
663 4154 790 4201 Gallorum
808 4169 903 4216 quoque
920 4154 1041 4216 principes
1057 4161 1136 4208 crant,
1148 4155 1213 4202 Galli
1225 4155 1290 4202 enirn
1302 4155 1402 4202 Francia

303 4218 403 4279 subjecti
415 4225 500 4274 crnut3
517 4219 552 4264 ita
563 4225 645 4265 tamen
657 4225 684 4265 ut
697 4219 754 4280 jura
770 4233 814 4267 sua
830 4227 855 4267 33
870 4220 937 4281 leges
954 4219 1078 4267 haberent.
1102 4219 1157 4266 Vid.
1169 4219 1248 4267 L’Art
1258 4221 1288 4267 de
1298 4219 1402 4268 Verificr

301 4284 339 4331 les
350 4284 437 4341 Dentes,
449 4283 496 4329 vol.
508 4297 530 4328 v.
542 4297 565 4342 p.
576 4295 631 4346 4²9

336 4345 493 4408 Jusacact]
509 4347 542 4394 ls.
554 4361 577 4394 r.
589 4363 613 4406 4.
841 4347 874 4396 ib.
881 4347 1015 4409 propbeta]
1031 4347 1109 4396 azer.
1120 4347 1156 4396 iii.
1168 4357 1205 4409 17.
1224 4347 1308 4396 xxxiii.
1322 4361 1342 4409 J.

333 4411 367 4458 ib.
374 4409 531 4471 proplietam]
547 4411 640 4457 Habac.
651 4411 685 4458 iii.
699 4424 735 4472 ιγ.
843 4426 880 4472 13·
894 4413 1020 4472 Salvator]
1035 4413 1124 4460 laban.
1137 4427 1161 4460 x.
1175 4427 1198 4459 2.

337 4487 359 4532 J.
371 4474 464 4532 ducac]
478 4475 532 4519 Act.
544 4488 586 4520 xx.
599 4473 638 4522 26.
845 4476 881 4522 16.
895 4477 1008 4536 apostoli]
1028 4491 1034 4522 ι
1052 4479 1114 4524 Petr.
1128 4491 1150 4522 v.
1163 4489 1187 4535 3.

338 4547 376 4582 12.
386 4535 518 4594 apostolus]
534 4537 588 4585 Act.
600 4552 641 4584 xx.
652 4537 691 4584 28.
847 4552 885 4597 23.
897 4539 1049 4601 Ezekielem]
1066 4541 1167 4588 Ibidem.
