3100 5125
486 278 650 345 cuens
674 279 946 345 Anesonnu.
1140 258 1144 263 ’
1219 284 1262 347 aa

162 429 311 495 fluctibus
324 432 537 531 mergebatur.
593 433 675 495 Tum
693 434 809 496 beatus
825 433 934 517 Lupus
950 452 1120 518 omnesque
1139 435 1261 500 turbati

162 516 306 582 excitant
341 538 496 580 semerom
531 518 694 582 elementis
723 515 901 582 furentibus
930 520 1171 603 opponendum
1208 520 1262 603 qui

162 601 293 700 periculi
306 601 494 666 inmanitate
509 604 707 667 constantior
717 603 880 668 Christum
894 604 1028 680 invocat,
1045 611 1079 668 et
1093 605 1262 689 adsumpto

164 709 198 749 rn
222 686 348 750 nomine
373 687 517 751 ¹‘sanctes
544 688 711 752 Trinitatis
740 688 800 751 levi
829 711 920 773 aquae
952 689 1117 774 ¹spargine
1147 690 1263 754 fluctus

124 794 154 843 25
164 772 329 837 saevientes
352 773 511 857 opprimit,
534 773 686 858 collegam
709 781 897 851 commonet,
921 775 1070 838 hortatur
1091 775 1261 849 universos,

164 857 269 922 oratio
297 880 361 921 uno
390 879 445 921 ore
475 865 509 922 ct
537 858 673 922 clamore
705 859 930 942 profunditur:
976 859 1068 923 adest
1105 860 1261 938 divinitas,

163 942 316 1028 fugantur
343 943 469 1021 inimici,
499 943 713 1028 tranquillitas
742 965 854 1009 serena
882 944 1092 1028 subsequitur,
1124 946 1208 1009 venti
1245 969 1262 1010 e

163 1029 324 1091 contrario
338 1029 380 1092 ad
398 1028 520 1093 itineris
537 1029 712 1093 ministeria
729 1036 941 1108 revertuntur,
958 1030 1159 1114 decursisque
1174 1032 1261 1095 brevi

163 1112 275 1198 spatiis
289 1113 401 1199 pelagi,
418 1114 521 1199 optati
535 1114 653 1178 littoris
668 1115 774 1198 quiete
788 1116 962 1199 potiuntur.
1009 1116 1060 1179 lbi
1074 1116 1261 1181 conveniens

162 1220 204 1261 ex
226 1198 355 1262 diversis
376 1200 522 1284 partibus
542 1198 713 1263 multitudo
734 1200 860 1284 excepit
881 1201 1071 1277 sacerdotes,
1088 1223 1167 1284 quos
1188 1224 1259 1265 ven·

162 1289 254 1347 turos
290 1284 388 1348 etiam
423 1284 607 1349 vaticinatio
642 1285 776 1349 adversa
811 1285 1013 1370 praedixerat.
1058 1286 1260 1352 Nunciabant

123 1368 248 1441 30enim
265 1369 385 1433 sinistri
405 1370 535 1470 spiritus
555 1369 640 1454 quod
659 1370 826 1447 timebant,
843 1372 896 1455 qui
914 1370 1045 1455 imperio
1060 1373 1260 1439 sacerdotnm

153 1454 240 1517 “dum
253 1456 296 1519 ab
316 1456 452 1518 obsessrs
473 1455 657 1539 corporibus
677 1456 899 1533 detruduntur,
915 1463 948 1521 et
963 1457 1163 1541 tempestatis
1178 1459 1260 1521 ordi-

162 1561 236 1603 nem
250 1546 284 1604 et
298 1540 437 1625 pericula
452 1563 521 1624 quse
536 1540 710 1604 intulerant
724 1542 917 1619 fatebantur,
930 1542 1091 1626 victosque
1103 1564 1136 1604 se
1151 1564 1260 1607 eorum

163 1624 284 1689 meritis
298 1632 333 1690 et
346 1625 478 1709 imperio
491 1648 556 1689 non
569 1628 738 1711 negabant.

112 1719 155 1788 55
209 1710 338 1775 Interea
358 1711 589 1775 Brittaniamm
608 1711 742 1775 insulam
761 1711 926 1796 apostolici
944 1713 1124 1776 sacerdotes
1142 1711 1260 1796 raptim

163 1794 319 1879 opinione,
349 1796 584 1880 praedicatione,
613 1797 784 1860 virtutibus
813 1796 1037 1881 impleverunt:
1077 1797 1260 1881 divinusque

162 1902 220 1964 per
240 1902 295 1944 eos
317 1903 420 1944 sermo
442 1881 583 1965 qnotidie
604 1903 668 1944 non
690 1881 791 1945 solum
813 1882 846 1944 in
868 1883 1014 1959 ecclesiis,
1033 1904 1141 1946 verum
1162 1883 1259 1946 etiam

162 1987 220 2049 per
234 1966 337 2043 trivia,
354 1980 447 2051 mper
465 1988 541 2030 rura
560 1968 813 2051 praedicabatur;
838 1967 885 2031 ita
904 1975 941 2031 nt
960 1968 1078 2052 passim
1099 1974 1132 2031 et
1151 1967 1259 2031 fideles

162 2051 311 2115 catholici
336 2052 549 2128 firmarentur,
576 2059 610 2116 et
636 2053 800 2136 depravati
826 2054 908 2117 viam
934 2054 1137 2117 correctionis
1163 2074 1259 2137 agno-

138 2144 296 2204 sscerent.
341 2136 424 2200 Erat
438 2136 499 2199 illis
513 2138 728 2220 apostolorum
741 2138 854 2215 instar,
870 2146 903 2201 et
917 2138 1018 2223 gloria
1033 2145 1066 2202 et
1085 2138 1259 2202 auctoritas

202 2221 475 2299 rconscicntiam,
500 2222 646 2286 doctrina
667 2245 726 2307 per
748 2223 882 2300 litteras,
907 2224 1041 2287 virtutes
1065 2245 1104 2286 ex
1128 2223 1258 2286 meritis.

161 2242 279 2390 lisque
306 2306 443 2393 regionis
472 2307 659 2371 universitas
689 2308 721 2369 in
750 2331 859 2372 eorum
889 2309 1079 2373 sententiam
1110 2315 1260 2393 prompta

161 2392 345 2456 transierat.
383 2392 545 2457 Latebant
558 2393 662 2456 abditi
676 2392 812 2458 sinistrae
827 2393 1038 2478 persuasionis
1052 2400 1208 2471 auctores,
1224 2400 1272 2471 et

160 2498 250 2540 more
264 2477 392 2564 maligni
407 2478 546 2564 spiritus,
557 2480 728 2564 gemebant
737 2479 841 2564 perire
856 2479 915 2543 sibi
930 2479 1062 2564 populos
1077 2480 1256 2555 evadentes,

160 2563 203 2626 ad
218 2570 396 2627 extremum
411 2565 561 2629 diuturna
575 2565 783 2629 meditatione
798 2573 951 2650 concepta
965 2571 1163 2651 praesumunt
1178 2565 1257 2629 inire

162 2649 352 2713 conflictum.
396 2650 580 2713 Procedant
615 2650 775 2734 conspicui
811 2650 936 2727 divitiis,
967 2658 1055 2715 veste
1090 2651 1255 2735 fulgentes,

123 2751 154 2786 ¹0
162 2732 347 2798 circumdati
369 2735 591 2800 adsentatione
612 2736 801 2799 multorum:
827 2735 1055 2820 discrimenque
1076 2735 1257 2799 certaminis

160 2819 268 2883 subire
278 2820 466 2898 maluerunt,
478 2843 574 2904 quam
588 2820 620 2882 in
634 2821 750 2905 populo
760 2842 855 2903 quern
869 2822 1091 2885 subverterant
1104 2821 1257 2906 pudorem

160 2904 391 2970 taciturnitatis
405 2906 575 2983 incurrere,
591 2927 631 2969 ne
650 2905 832 2970 viderentur
852 2928 885 2969 se
905 2906 963 2990 ipsi
983 2907 1108 2971 silentio
1128 2907 1256 2970 damna

160 2989 251 3053 visse.
297 2990 364 3053 lllic
384 2992 478 3075 plane
498 2991 641 3054 inmensa
660 2991 841 3068 multitudo,
865 2991 962 3056 etiarn
981 3015 1053 3055 curn
1072 2992 1257 3078 conjugibus

159 3097 199 3139 ae
217 3075 323 3138 liberis
341 3077 473 3140 1¹circite
489 3082 688 3153 convenerat,
703 3076 818 3141 aderat
836 3077 970 3161 populus
988 3084 1206 3163 ⁰cxpectator,
1224 3085 1257 3142 et

159 3159 287 3224 futurus
297 3161 406 3245 judex,
421 3162 595 3226 adstabant
608 3169 719 3246 partes
736 3162 855 3246 dispari
874 3163 1053 3228 conditione
1071 3163 1254 3235 dissimiles;

120 3261 149 3308 15
160 3244 235 3309 hinc
249 3245 356 3310 divina
368 3247 457 3323 tides,
473 3247 546 3310 inde
560 3247 700 3311 humana
713 3248 939 3331 praesumpti03
963 3249 1036 3312 hinc
1055 3249 1168 3333 pietas,
1184 3249 1258 3312 inde

160 3331 328 3416 superbia;
359 3331 434 3396 inde
460 3331 609 3418 Pelagius
637 3339 760 3407 auctor,
786 3333 859 3396 hinc
885 3333 1040 3398 Ohristus.
1085 3334 1195 3397 Primo
1224 3334 1257 3396 in

158 3413 228 3479 loco
257 3417 431 3480 beatissimi
460 3418 642 3481 sacerdotes
667 3419 896 3501 rpraebuerunt
921 3419 1108 3483 adversariis
1133 3419 1257 3503 copiam

158 3500 351 3585 disputandi,
368 3524 439 3586 quae
454 3502 522 3567 sola
535 3503 681 3567 nuditate
695 3504 872 3581 verborum,
888 3504 941 3567 diu
959 3505 1097 3586 inaniter
1115 3511 1149 3568 et
1163 3527 1257 3568 aures

158 3587 325 3671 occupavit
345 3594 378 3651 et
398 3595 564 3673 tempora:
588 3588 702 3651 deinde
720 3589 883 3653 antistites
902 3590 1081 3667 venerandi,
1097 3596 1256 3653 torrentes

159 3671 273 3756 eloquii
288 3672 336 3735 sni
348 3695 419 3735 cnm
430 3673 610 3757 apostolicis
621 3679 656 3736 et
666 3674 852 3757 evangelicis
864 3673 1016 3739 imbribus
1026 3675 1253 3759 profuderunt:

158 3757 350 3821 miscebatur
365 3780 468 3822 sermo
482 3758 628 3843 proprius
642 3780 714 3821 cum
729 3759 843 3836 divino,
860 3767 892 3824 et
907 3760 1104 3824 adsertiones
1118 3773 1133 3817 <r
1145 3759 1255 3822 moles·

190 3887 378 3934 krauctiacnoe
389 3887 419 3936 V.
488 3887 713 3949 lespergsnevffl.
785 3898 807 3926 m
820 3893 844 3934 et
851 3902 898 3948 per
909 3887 971 3935 V.G.
1045 3889 1181 3936 neccaram
1193 3888 1255 3935 V.G.

158 3960 174 3988 0
185 3960 209 3996 cr
219 3957 344 4012 spectator
349 3951 458 4012 ficturus
469 3958 493 3998 et
502 3949 565 4000 v‘.o.
576 3952 758 4012 expectaturV.
777 3953 871 3998 Omnes
882 3952 999 3999 lectiones
1008 3952 1110 3999 codices
1121 3959 1230 3999 vetustos
1242 3967 1256 4000 a

157 4029 185 4061 se
196 4014 293 4062 habent.
336 4026 351 4063 P
362 4017 500 4063 sacerdotes
513 4018 651 4062 Germanus
662 4022 737 4077 etque
744 4018 832 4077 erpas
842 4016 871 4063 V.
882 4016 913 4063 G.
948 4027 963 4064 (1
979 4017 1168 4063 modestissimus
1179 4016 1255 4064 chiffl.

157 4079 233 4136 solus,
245 4081 432 4127 obherbescere
442 4079 609 4139 Constantius,
619 4079 656 4126 cui
668 4082 848 4139 mekstiestmas
859 4094 930 4126 sensu
943 4081 1043 4128 accedit.

193 4190 231 4225 12.
243 4178 309 4239 Illic]
331 4179 365 4225 Η.
377 4178 494 4225 Boethius
510 4179 574 4225 bunc
589 4186 734 4224 conventum
748 4177 853 4224 [merlini
867 4177 975 4225 habitum
988 4177 1056 4233 dicit,
1068 4178 1110 4227 lib.
1123 4181 1146 4228 8.
1179 4180 1255 4227 Flori-

157 4241 228 4302 legus
242 4243 362 4304 synodum
382 4242 488 4303 appellat
503 4250 529 4290 et
544 4242 677 4289 Vcrolarni'r
693 4243 783 4288 factum
802 4257 824 4288 a.
836 4241 892 4300 446.
928 4243 1033 4303 Quidam
1051 4244 1180 4305 scriptores
1197 4260 1255 4292 cou-

156 4312 259 4354 ventum
271 4306 335 4353 huuc
346 4307 508 4355 Brittanicum
520 4322 575 4354 cum
588 4307 682 4367 syuodo
693 4305 822 4354 Gallicana
833 4306 993 4355 confundunt
1006 4308 1031 4355 S.

194 4371 231 4417 18.
240 4371 420 4433 profuderant]
439 4371 516 4419 [ecus
526 4385 575 4432 quo
586 4371 613 4417 S.
623 4371 760 4418 Germanus
770 4371 801 4418 sd
814 4371 927 4430 populum
940 4373 1099 4421 concionatus
1109 4380 1156 4432 est,
1167 4372 1256 4420 sacello

157 4435 183 4482 in
196 4433 249 4495 ejus
261 4435 360 4483 nomine
371 4442 512 4484 consecrato
524 4434 662 4497 insignitus,
674 4435 752 4482 adhuc
762 4435 907 4484 ostenditur.
920 4437 946 4485 S.

203 4520 301 4560 BAEDA.
700 4522 717 4559 p
