<?xml version="1.0" encoding="UTF-8"?>
<!DOCTYPE html PUBLIC "-//W3C//DTD XHTML 1.0 Transitional//EN"
    "http://www.w3.org/TR/xhtml1/DTD/xhtml1-transitional.dtd">
<html xmlns="http://www.w3.org/1999/xhtml" xml:lang="en" lang="en">
 <head>
  <title>
</title>
<meta http-equiv="Content-Type" content="text/html;charset=utf-8" />
  <meta name='ocr-system' content='tesseract 3.04.00' />
  <meta name='ocr-capabilities' content='ocr_page ocr_carea ocr_par ocr_line ocrx_word'/>
</head>
<body>
  <div class='ocr_page' id='page_1' title='image "./historiaecclesi00hussgoog_0093.png"; bbox 0 0 3100 5125; ppageno 0'>
   <div class='ocr_carea' id='block_1_1' title="bbox 262 240 1449 311">
    <p class='ocr_par' dir='ltr' id='par_1_1' title="bbox 262 222 1531 311">
     <span class='ocr_line' id='line_1_1' title="bbox 262 240 1449 311; baseline -0.002 -2"><span class='ocrx_word' id='word_1_1' title='bbox 262 247 305 311; x_wconf 85' lang='lat' dir='ltr'>m</span> <span class='ocrx_word' id='word_1_2' title='bbox 601 244 837 309; x_wconf 79' lang='lat' dir='ltr'>nnsromm</span> <span class='ocrx_word' id='word_1_3' title='bbox 860 240 1037 309; x_wconf 79' lang='lat' dir='ltr'>nouum.</span> <span class='ocrx_word' id='word_1_4' title='bbox 1347 244 1449 307; x_wconf 83' lang='lat'><strong>11.1.</strong></span> 
     </span>
    </p>
   </div>
   <div class='ocr_carea' id='block_1_2' title="bbox 262 393 1366 480">
    <p class='ocr_par' dir='ltr' id='par_1_2' title="bbox 262 393 1366 480">
     <span class='ocr_line' id='line_1_2' title="bbox 262 393 1366 480; baseline 0 -21"><span class='ocrx_word' id='word_1_5' title='bbox 262 396 367 480; x_wconf 81' lang='lat' dir='ltr'>linproa</span> <span class='ocrx_word' id='word_1_6' title='bbox 379 396 556 472; x_wconf 79' lang='lat' dir='ltr'>Brittonioe,</span> <span class='ocrx_word' id='word_1_7' title='bbox 569 418 637 480; x_wconf 76' lang='lat' dir='ltr'>quse</span> <span class='ocrx_word' id='word_1_8' title='bbox 646 394 695 458; x_wconf 85' lang='lat' dir='ltr'>nil</span> <span class='ocrx_word' id='word_1_9' title='bbox 706 394 928 461; x_wconf 79' lang='lat' dir='ltr'>attudeorum</span> <span class='ocrx_word' id='word_1_10' title='bbox 938 416 1029 479; x_wconf 86' lang='lat' dir='ltr'>quam</span> <span class='ocrx_word' id='word_1_11' title='bbox 1040 393 1366 478; x_wconf 69' lang='lat' dir='ltr'>temenmftmdem,</span> 
     </span>
    </p>
   </div>
   <div class='ocr_carea' id='block_1_3' title="bbox 254 476 1365 564">
    <p class='ocr_par' dir='ltr' id='par_1_3' title="bbox 254 476 1365 564">
     <span class='ocr_line' id='line_1_3' title="bbox 254 476 1365 564; baseline 0 -21"><span class='ocrx_word' id='word_1_12' title='bbox 254 482 439 564; x_wconf 77' lang='lat' dir='ltr'>yamdnmnn</span> <span class='ocrx_word' id='word_1_13' title='bbox 454 482 488 544; x_wconf 90' lang='lat' dir='ltr'>in</span> <span class='ocrx_word' id='word_1_14' title='bbox 502 482 617 544; x_wconf 71' lang='lat' dir='ltr'>diuinos</span> <span class='ocrx_word' id='word_1_15' title='bbox 631 479 772 545; x_wconf 73' lang='lat' dir='ltr'>mudiim</span> <span class='ocrx_word' id='word_1_16' title='bbox 785 476 948 543; x_wconf 80' lang='lat' dir='ltr'>Heiroerrm</span> <span class='ocrx_word' id='word_1_17' title='bbox 963 481 1051 564; x_wconf 78' lang='lat' dir='ltr'>eupit</span> <span class='ocrx_word' id='word_1_18' title='bbox 1069 479 1206 544; x_wconf 87' lang='lat' dir='ltr'>Alleluia</span> <span class='ocrx_word' id='word_1_19' title='bbox 1227 494 1365 544; x_wconf 65' lang='lat' dir='ltr'>”sonare</span> 
     </span>
    </p>
   </div>
   <div class='ocr_carea' id='block_1_4' title="bbox 256 564 1412 1676">
    <p class='ocr_par' dir='ltr' id='par_1_4' title="bbox 256 564 1412 1676">
     <span class='ocr_line' id='line_1_4' title="bbox 263 564 1368 651; baseline 0.001 -22"><span class='ocrx_word' id='word_1_20' title='bbox 263 568 340 630; x_wconf 83' lang='lat' dir='ltr'>Ecce</span> <span class='ocrx_word' id='word_1_21' title='bbox 353 567 503 651; x_wconf 77' lang='lat' dir='ltr'>quaedam</span> <span class='ocrx_word' id='word_1_22' title='bbox 516 566 659 643; x_wconf 88' lang='lat' dir='ltr'>tumidus,</span> <span class='ocrx_word' id='word_1_23' title='bbox 672 565 744 649; x_wconf 83' lang='lat' dir='ltr'>jum</span> <span class='ocrx_word' id='word_1_24' title='bbox 756 564 922 630; x_wconf 76' lang='lat' dir='ltr'>substratus</span> <span class='ocrx_word' id='word_1_25' title='bbox 939 576 1108 629; x_wconf 81' lang='lat' dir='ltr'>martorum</span> <span class='ocrx_word' id='word_1_26' title='bbox 1128 564 1255 650; x_wconf 75' lang='lat' dir='ltr'>pertun</span> <span class='ocrx_word' id='word_1_27' title='bbox 1272 565 1368 630; x_wconf 82' lang='lat' dir='ltr'>seruit</span> 
     </span>
     <span class='ocr_line' id='line_1_5' title="bbox 263 650 1369 736; baseline -0.001 -21"><span class='ocrx_word' id='word_1_28' title='bbox 263 674 398 729; x_wconf 80' lang='lat' dir='ltr'>maanus,</span> <span class='ocrx_word' id='word_1_29' title='bbox 415 652 532 736; x_wconf 73' lang='lat' dir='ltr'>u&#39;rsque</span> <span class='ocrx_word' id='word_1_30' title='bbox 552 650 695 715; x_wconf 79' lang='lat' dir='ltr'>tartara</span> <span class='ocrx_word' id='word_1_31' title='bbox 716 662 811 715; x_wconf 87' lang='lat' dir='ltr'>motus</span> <span class='ocrx_word' id='word_1_32' title='bbox 831 674 901 736; x_wconf 87' lang='lat' dir='ltr'>quos</span> <span class='ocrx_word' id='word_1_33' title='bbox 920 652 1033 714; x_wconf 88' lang='lat' dir='ltr'>terreni</span> <span class='ocrx_word' id='word_1_34' title='bbox 1047 651 1208 735; x_wconf 76' lang='lat' dir='ltr'><strong><em>principes</em></strong></span> <span class='ocrx_word' id='word_1_35' title='bbox 1228 652 1369 715; x_wconf 88' lang='lat' dir='ltr'>edomare</span> 
     </span>
     <span class='ocr_line' id='line_1_6' title="bbox 256 736 1412 822; baseline -0.002 -21"><span class='ocrx_word' id='word_1_36' title='bbox 256 738 345 820; x_wconf 85' lang='lat' dir='ltr'>serre</span> <span class='ocrx_word' id='word_1_37' title='bbox 359 738 564 822; x_wconf 79' lang='lat' dir='ltr'>nequiverant,</span> <span class='ocrx_word' id='word_1_38' title='bbox 579 737 629 800; x_wconf 80' lang='lat' dir='ltr'>los</span> <span class='ocrx_word' id='word_1_39' title='bbox 643 758 704 821; x_wconf 85' lang='lat' dir='ltr'>pro</span> <span class='ocrx_word' id='word_1_40' title='bbox 718 738 827 801; x_wconf 86' lang='lat' dir='ltr'>diuina</span> <span class='ocrx_word' id='word_1_41' title='bbox 839 736 1012 820; x_wconf 86' lang='lat' dir='ltr'>formidine</span> <span class='ocrx_word' id='word_1_42' title='bbox 1026 736 1211 801; x_wconf 73' lang='lat' dir='ltr'><strong><em>sacerdotum</em></strong></span> <span class='ocrx_word' id='word_1_43' title='bbox 1224 758 1280 799; x_wconf 94' lang='lat' dir='ltr'>ora</span> <span class='ocrx_word' id='word_1_44' title='bbox 1293 737 1367 799; x_wconf 86' lang='lat' dir='ltr'>sim-</span> <span class='ocrx_word' id='word_1_45' title='bbox 1375 762 1412 809; x_wconf 81' lang='lat'>4⁰</span> 
     </span>
     <span class='ocr_line' id='line_1_7' title="bbox 257 821 1367 907; baseline 0 -22"><span class='ocrx_word' id='word_1_46' title='bbox 257 821 391 907; x_wconf 83' lang='lat' dir='ltr'>plicibus</span> <span class='ocrx_word' id='word_1_47' title='bbox 419 821 516 886; x_wconf 79' lang='lat' dir='ltr'>uerbis</span> <span class='ocrx_word' id='word_1_48' title='bbox 544 822 650 906; x_wconf 82' lang='lat' dir='ltr'>tipant,</span> <span class='ocrx_word' id='word_1_49' title='bbox 679 831 706 885; x_wconf 93' lang='lat' dir='ltr'>et</span> <span class='ocrx_word' id='word_1_50' title='bbox 734 823 789 907; x_wconf 85' lang='lat' dir='ltr'>qui</span> <span class='ocrx_word' id='word_1_51' title='bbox 817 832 953 886; x_wconf 85' lang='lat' dir='ltr'>aeternas</span> <span class='ocrx_word' id='word_1_52' title='bbox 975 823 1182 907; x_wconf 78' lang='lat' dir='ltr'>pnprrantimu</span> <span class='ocrx_word' id='word_1_53' title='bbox 1210 823 1367 904; x_wconf 75' lang='lat' dir='ltr'>¹irpidebm</span> 
     </span>
     <span class='ocr_line' id='line_1_8' title="bbox 264 907 1366 991; baseline 0 -20"><span class='ocrx_word' id='word_1_54' title='bbox 264 929 453 991; x_wconf 82' lang='lat' dir='ltr'>nequaquam</span> <span class='ocrx_word' id='word_1_55' title='bbox 471 916 616 991; x_wconf 80' lang='lat' dir='ltr'>maneret,</span> <span class='ocrx_word' id='word_1_56' title='bbox 628 908 701 989; x_wconf 75' lang='lat' dir='ltr'>pam</span> <span class='ocrx_word' id='word_1_57' title='bbox 722 928 803 971; x_wconf 88' lang='lat' dir='ltr'>nuno</span> <span class='ocrx_word' id='word_1_58' title='bbox 818 907 924 989; x_wconf 85' lang='lat' dir='ltr'>fidelis</span> <span class='ocrx_word' id='word_1_59' title='bbox 945 907 1107 971; x_wconf 81' lang='lat' dir='ltr'>inmitium</span> <span class='ocrx_word' id='word_1_60' title='bbox 1128 907 1248 989; x_wconf 78' lang='lat' dir='ltr'>n&#39;npuas</span> <span class='ocrx_word' id='word_1_61' title='bbox 1269 908 1366 971; x_wconf 89' lang='lat' dir='ltr'>timet.</span> 
     </span>
     <span class='ocr_line' id='line_1_9' title="bbox 268 990 1369 1077; baseline 0.002 -22"><span class='ocrx_word' id='word_1_62' title='bbox 268 994 348 1071; x_wconf 80' lang='lat' dir='ltr'>Quin</span> <span class='ocrx_word' id='word_1_63' title='bbox 374 994 453 1055; x_wconf 87' lang='lat' dir='ltr'>enim</span> <span class='ocrx_word' id='word_1_64' title='bbox 480 994 651 1077; x_wconf 72' lang='lat' dir='ltr'>yperaeptis</span> <span class='ocrx_word' id='word_1_65' title='bbox 679 990 839 1057; x_wconf 71' lang='lat' dir='ltr'>aarum</span> <span class='ocrx_word' id='word_1_66' title='bbox 866 990 971 1068; x_wconf 72' lang='lat' dir='ltr'>sertia</span> <span class='ocrx_word' id='word_1_67' title='bbox 1000 992 1225 1057; x_wconf 71' lang='lat' dir='ltr'>oberrantibus</span> <span class='ocrx_word' id='word_1_68' title='bbox 1253 1015 1369 1077; x_wconf 80' lang='lat' dir='ltr'>queque</span> 
     </span>
     <span class='ocr_line' id='line_1_10' title="bbox 265 1078 1366 1162; baseline 0 -21"><span class='ocrx_word' id='word_1_69' title='bbox 265 1079 431 1155; x_wconf 71' lang='lat' dir='ltr'>miraculis,</span> <span class='ocrx_word' id='word_1_70' title='bbox 447 1080 544 1141; x_wconf 84' lang='lat' dir='ltr'>uirtus</span> <span class='ocrx_word' id='word_1_71' title='bbox 564 1078 594 1141; x_wconf 89' lang='lat' dir='ltr'>ei</span> <span class='ocrx_word' id='word_1_72' title='bbox 609 1078 726 1141; x_wconf 71' lang='lat' dir='ltr'>dirim</span> <span class='ocrx_word' id='word_1_73' title='bbox 744 1078 919 1162; x_wconf 79' lang='lat' dir='ltr'>oopnitiom&#39;s</span> <span class='ocrx_word' id='word_1_74' title='bbox 936 1078 1125 1162; x_wconf 88' lang='lat' dir='ltr'>infunditur,</span> <span class='ocrx_word' id='word_1_75' title='bbox 1140 1078 1269 1161; x_wconf 66' lang='lat' dir='ltr'>eusdem</span> <span class='ocrx_word' id='word_1_76' title='bbox 1283 1079 1366 1141; x_wconf 86' lang='lat' dir='ltr'>diui·</span> 
     </span>
     <span class='ocr_line' id='line_1_11' title="bbox 263 1162 1366 1248; baseline 0.002 -23"><span class='ocrx_word' id='word_1_77' title='bbox 263 1163 369 1226; x_wconf 85' lang='lat' dir='ltr'>nitetis</span> <span class='ocrx_word' id='word_1_78' title='bbox 383 1173 494 1226; x_wconf 90' lang='lat' dir='ltr'>terrore</span> <span class='ocrx_word' id='word_1_79' title='bbox 507 1162 706 1246; x_wconf 74' lang='lat' dir='ltr'>refrenatur,</span> <span class='ocrx_word' id='word_1_80' title='bbox 722 1173 755 1226; x_wconf 89' lang='lat' dir='ltr'>ut</span> <span class='ocrx_word' id='word_1_81' title='bbox 766 1182 867 1247; x_wconf 81' lang='lat' dir='ltr'>pram</span> <span class='ocrx_word' id='word_1_82' title='bbox 880 1185 968 1248; x_wconf 84' lang='lat' dir='ltr'>apere</span> <span class='ocrx_word' id='word_1_83' title='bbox 981 1173 1102 1241; x_wconf 89' lang='lat' dir='ltr'>metuat,</span> <span class='ocrx_word' id='word_1_84' title='bbox 1117 1185 1155 1227; x_wconf 87' lang='lat' dir='ltr'>aa</span> <span class='ocrx_word' id='word_1_85' title='bbox 1169 1164 1237 1227; x_wconf 88' lang='lat' dir='ltr'>totis</span> <span class='ocrx_word' id='word_1_86' title='bbox 1251 1164 1366 1227; x_wconf 83' lang='lat' dir='ltr'>deside</span> 
     </span>
     <span class='ocr_line' id='line_1_12' title="bbox 264 1248 1411 1333; baseline 0.005 -22"><span class='ocrx_word' id='word_1_87' title='bbox 264 1250 322 1311; x_wconf 86' lang='lat' dir='ltr'>riis</span> <span class='ocrx_word' id='word_1_88' title='bbox 336 1249 381 1311; x_wconf 86' lang='lat' dir='ltr'>ad</span> <span class='ocrx_word' id='word_1_89' title='bbox 393 1250 572 1312; x_wconf 83' lang='lat' dir='ltr'>atanitatis</span> <span class='ocrx_word' id='word_1_90' title='bbox 590 1249 743 1331; x_wconf 62' lang='lat' dir='ltr'>mentun</span> <span class='ocrx_word' id='word_1_91' title='bbox 761 1250 863 1311; x_wconf 82' lang='lat' dir='ltr'>amira</span> <span class='ocrx_word' id='word_1_92' title='bbox 880 1250 1077 1333; x_wconf 84' lang='lat' dir='ltr'>concupiscat.</span> <span class='ocrx_word' id='word_1_93' title='bbox 1123 1248 1245 1330; x_wconf 71' lang='lat' dir='ltr'>Quibus</span> <span class='ocrx_word' id='word_1_94' title='bbox 1260 1249 1411 1317; x_wconf 68' lang='lat' dir='ltr'>verbices</span> 
     </span>
     <span class='ocr_line' id='line_1_13' title="bbox 264 1333 1367 1419; baseline -0.001 -21"><span class='ocrx_word' id='word_1_95' title='bbox 264 1335 378 1398; x_wconf 87' lang='lat' dir='ltr'>beatus</span> <span class='ocrx_word' id='word_1_96' title='bbox 405 1334 578 1419; x_wconf 81' lang='lat' dir='ltr'>Gregorius</span> <span class='ocrx_word' id='word_1_97' title='bbox 604 1334 665 1397; x_wconf 87' lang='lat' dir='ltr'>hoe</span> <span class='ocrx_word' id='word_1_98' title='bbox 695 1352 820 1418; x_wconf 89' lang='lat' dir='ltr'>quoque</span> <span class='ocrx_word' id='word_1_99' title='bbox 850 1334 1002 1411; x_wconf 74' lang='lat' dir='ltr'>declarat,</span> <span class='ocrx_word' id='word_1_100' title='bbox 1032 1333 1108 1419; x_wconf 92' lang='lat' dir='ltr'>quia</span> <span class='ocrx_word' id='word_1_101' title='bbox 1137 1341 1267 1398; x_wconf 83' lang='lat' dir='ltr'>sanctus</span> <span class='ocrx_word' id='word_1_102' title='bbox 1297 1335 1367 1397; x_wconf 89' lang='lat' dir='ltr'>Au·</span> 
     </span>
     <span class='ocr_line' id='line_1_14' title="bbox 263 1418 1368 1505; baseline 0.004 -24"><span class='ocrx_word' id='word_1_103' title='bbox 263 1419 410 1505; x_wconf 77' lang='lat' dir='ltr'>guntinus</span> <span class='ocrx_word' id='word_1_104' title='bbox 432 1427 466 1484; x_wconf 89' lang='lat' dir='ltr'>et</span> <span class='ocrx_word' id='word_1_105' title='bbox 485 1419 564 1483; x_wconf 87' lang='lat' dir='ltr'>socii</span> <span class='ocrx_word' id='word_1_106' title='bbox 586 1420 663 1503; x_wconf 82' lang='lat' dir='ltr'>ejus,</span> <span class='ocrx_word' id='word_1_107' title='bbox 685 1441 750 1481; x_wconf 91' lang='lat' dir='ltr'>non</span> <span class='ocrx_word' id='word_1_108' title='bbox 771 1419 839 1483; x_wconf 80' lang='lat' dir='ltr'>sola</span> <span class='ocrx_word' id='word_1_109' title='bbox 861 1418 1090 1504; x_wconf 85' lang='lat' dir='ltr'>praedicatione</span> <span class='ocrx_word' id='word_1_110' title='bbox 1111 1421 1288 1497; x_wconf 87' lang='lat' dir='ltr'>verborum,</span> <span class='ocrx_word' id='word_1_111' title='bbox 1309 1420 1368 1485; x_wconf 86' lang='lat' dir='ltr'>sed</span> 
     </span>
     <span class='ocr_line' id='line_1_15' title="bbox 264 1504 1367 1591; baseline 0 -22"><span class='ocrx_word' id='word_1_112' title='bbox 264 1505 362 1569; x_wconf 89' lang='lat' dir='ltr'>etiam</span> <span class='ocrx_word' id='word_1_113' title='bbox 384 1505 557 1569; x_wconf 85' lang='lat' dir='ltr'>caelestium</span> <span class='ocrx_word' id='word_1_114' title='bbox 578 1505 758 1569; x_wconf 78' lang='lat' dir='ltr'>ostensione</span> <span class='ocrx_word' id='word_1_115' title='bbox 780 1504 950 1589; x_wconf 76' lang='lat' dir='ltr'>signorum,</span> <span class='ocrx_word' id='word_1_116' title='bbox 973 1512 1101 1589; x_wconf 87' lang='lat' dir='ltr'>gentem</span> <span class='ocrx_word' id='word_1_117' title='bbox 1123 1505 1303 1591; x_wconf 84' lang='lat' dir='ltr'>Anglorum</span> <span class='ocrx_word' id='word_1_118' title='bbox 1324 1506 1367 1569; x_wconf 85' lang='lat' dir='ltr'>ad</span> 
     </span>
     <span class='ocr_line' id='line_1_16' title="bbox 264 1590 862 1676; baseline 0.002 -24"><span class='ocrx_word' id='word_1_119' title='bbox 264 1590 459 1676; x_wconf 83' lang='lat' dir='ltr'>agnitionem</span> <span class='ocrx_word' id='word_1_120' title='bbox 474 1590 619 1655; x_wconf 86' lang='lat' dir='ltr'>veritatis</span> <span class='ocrx_word' id='word_1_121' title='bbox 634 1590 862 1675; x_wconf 75' lang='lat' dir='ltr'>perducebant.</span> 
     </span>
    </p>
   </div>
   <div class='ocr_carea' id='block_1_5' title="bbox 204 1676 1367 1775">
    <p class='ocr_par' dir='ltr' id='par_1_5' title="bbox 204 1676 1367 1775">
     <span class='ocr_line' id='line_1_17' title="bbox 204 1676 1367 1775; baseline 0.001 -36"><span class='ocrx_word' id='word_1_122' title='bbox 204 1724 208 1729; x_wconf 80' lang='grc'><em>.</em></span> <span class='ocrx_word' id='word_1_123' title='bbox 309 1676 403 1740; x_wconf 83' lang='lat' dir='ltr'>Fecit</span> <span class='ocrx_word' id='word_1_124' title='bbox 432 1677 516 1740; x_wconf 88' lang='lat' dir='ltr'>inter</span> <span class='ocrx_word' id='word_1_125' title='bbox 544 1676 607 1739; x_wconf 88' lang='lat' dir='ltr'>alia</span> <span class='ocrx_word' id='word_1_126' title='bbox 635 1678 750 1740; x_wconf 86' lang='lat' dir='ltr'>beatus</span> <span class='ocrx_word' id='word_1_127' title='bbox 779 1698 864 1761; x_wconf 89' lang='lat' dir='ltr'>papa</span> <span class='ocrx_word' id='word_1_128' title='bbox 894 1676 1075 1775; x_wconf 76' lang='lat' dir='ltr'>Gregorius,</span> <span class='ocrx_word' id='word_1_129' title='bbox 1100 1683 1137 1741; x_wconf 89' lang='lat' dir='ltr'>ut</span> <span class='ocrx_word' id='word_1_130' title='bbox 1167 1676 1199 1739; x_wconf 90' lang='lat' dir='ltr'>in</span> <span class='ocrx_word' id='word_1_131' title='bbox 1223 1676 1367 1741; x_wconf 86' lang='lat' dir='ltr'>ecclesiis</span> 
     </span>
    </p>
   </div>
   <div class='ocr_carea' id='block_1_6' title="bbox 104 2380 243 2442">
    <p class='ocr_par' dir='ltr' id='par_1_6' title="bbox 104 2380 243 2442">
     <span class='ocr_line' id='line_1_18' title="bbox 104 2380 243 2442; baseline -0.014 -14"><span class='ocrx_word' id='word_1_132' title='bbox 104 2380 243 2442; x_wconf 77' lang='lat' dir='ltr'>Sepultura.</span> 
     </span>
    </p>
   </div>
   <div class='ocr_carea' id='block_1_7' title="bbox 265 1761 1423 2702">
    <p class='ocr_par' dir='ltr' id='par_1_7' title="bbox 265 1761 1423 2189">
     <span class='ocr_line' id='line_1_19' title="bbox 265 1761 1415 1847; baseline 0.002 -21"><span class='ocrx_word' id='word_1_133' title='bbox 265 1769 470 1826; x_wconf 75' lang='lat' dir='ltr'>asanctorum</span> <span class='ocrx_word' id='word_1_134' title='bbox 483 1761 700 1847; x_wconf 88' lang='lat' dir='ltr'>apostolorum</span> <span class='ocrx_word' id='word_1_135' title='bbox 716 1761 807 1824; x_wconf 87' lang='lat' dir='ltr'>Petri</span> <span class='ocrx_word' id='word_1_136' title='bbox 822 1769 856 1826; x_wconf 87' lang='lat' dir='ltr'>et</span> <span class='ocrx_word' id='word_1_137' title='bbox 877 1762 980 1838; x_wconf 91' lang='lat' dir='ltr'>Pauh,</span> <span class='ocrx_word' id='word_1_138' title='bbox 997 1784 1092 1847; x_wconf 89' lang='lat' dir='ltr'>super</span> <span class='ocrx_word' id='word_1_139' title='bbox 1105 1781 1242 1846; x_wconf 90' lang='lat' dir='ltr'>corpora</span> <span class='ocrx_word' id='word_1_140' title='bbox 1256 1784 1368 1825; x_wconf 87' lang='lat' dir='ltr'>eorum</span> <span class='ocrx_word' id='word_1_141' title='bbox 1378 1782 1415 1829; x_wconf 83' lang='lat'>50</span> 
     </span>
     <span class='ocr_line' id='line_1_20' title="bbox 265 1846 1423 1929; baseline -0.002 -19"><span class='ocrx_word' id='word_1_142' title='bbox 265 1848 370 1911; x_wconf 83' lang='lat' dir='ltr'>missae</span> <span class='ocrx_word' id='word_1_143' title='bbox 388 1848 632 1911; x_wconf 87' lang='lat' dir='ltr'>celebrarentur.</span> <span class='ocrx_word' id='word_1_144' title='bbox 678 1847 742 1911; x_wconf 88' lang='lat' dir='ltr'>Sed</span> <span class='ocrx_word' id='word_1_145' title='bbox 763 1853 798 1910; x_wconf 88' lang='lat' dir='ltr'>et</span> <span class='ocrx_word' id='word_1_146' title='bbox 819 1846 851 1909; x_wconf 91' lang='lat' dir='ltr'>in</span> <span class='ocrx_word' id='word_1_147' title='bbox 874 1847 884 1909; x_wconf 94' lang='lat' dir='ltr'>i</span> <span class='ocrx_word' id='word_1_148' title='bbox 908 1869 944 1911; x_wconf 89' lang='lat' dir='ltr'>sa</span> <span class='ocrx_word' id='word_1_149' title='bbox 965 1846 1132 1911; x_wconf 86' lang='lat' dir='ltr'>missarum</span> <span class='ocrx_word' id='word_1_150' title='bbox 1154 1847 1367 1911; x_wconf 87' lang='lat' dir='ltr'>celebratione</span> <span class='ocrx_word' id='word_1_151' title='bbox 1379 1848 1423 1929; x_wconf 92' lang='lat'>78</span> 
     </span>
     <span class='ocr_line' id='line_1_21' title="bbox 266 1870 1368 2018; baseline -0.001 -21"><span class='ocrx_word' id='word_1_152' title='bbox 266 1933 331 1997; x_wconf 89' lang='lat' dir='ltr'>tria</span> <span class='ocrx_word' id='word_1_153' title='bbox 352 1934 449 1996; x_wconf 87' lang='lat' dir='ltr'>verba</span> <span class='ocrx_word' id='word_1_154' title='bbox 470 1932 617 1996; x_wconf 87' lang='lat' dir='ltr'>maximae</span> <span class='ocrx_word' id='word_1_155' title='bbox 661 1930 842 1996; x_wconf 70' lang='lat' dir='ltr'>effectionis</span> <span class='ocrx_word' id='word_1_156' title='bbox 865 1870 957 2018; x_wconf 76' lang='lat' dir='ltr'>plena</span> <span class='ocrx_word' id='word_1_157' title='bbox 980 1932 1213 2017; x_wconf 81' lang='lat' dir='ltr'>superadjecit:</span> <span class='ocrx_word' id='word_1_158' title='bbox 1238 1934 1368 2017; x_wconf 85' lang='lat' dir='ltr'>Dr&#39;esquo</span> 
     </span>
     <span class='ocr_line' id='line_1_22' title="bbox 265 1956 1370 2102; baseline -0.001 -20"><span class='ocrx_word' id='word_1_159' title='bbox 265 2028 378 2082; x_wconf 87' lang='lat' dir='ltr'>nostros</span> <span class='ocrx_word' id='word_1_160' title='bbox 399 2019 433 2081; x_wconf 91' lang='lat' dir='ltr'>in</span> <span class='ocrx_word' id='word_1_161' title='bbox 454 2028 509 2081; x_wconf 93' lang='lat' dir='ltr'>tua</span> <span class='ocrx_word' id='word_1_162' title='bbox 527 2040 607 2102; x_wconf 80' lang='lat' dir='ltr'>pane</span> <span class='ocrx_word' id='word_1_163' title='bbox 627 1956 882 2102; x_wconf 64' lang='lat' dir='ltr'>disponendique</span> <span class='ocrx_word' id='word_1_164' title='bbox 903 2016 941 2081; x_wconf 80' lang='lat' dir='ltr'>ab</span> <span class='ocrx_word' id='word_1_165' title='bbox 964 2028 1078 2081; x_wconf 72' lang='lat' dir='ltr'>(eterna</span> <span class='ocrx_word' id='word_1_166' title='bbox 1099 2019 1294 2083; x_wconf 77' lang='lat' dir='ltr'>damnatione</span> <span class='ocrx_word' id='word_1_167' title='bbox 1315 2040 1370 2081; x_wconf 80' lang='lat' dir='ltr'>usos</span> 
     </span>
     <span class='ocr_line' id='line_1_23' title="bbox 265 2102 1165 2189; baseline -0.001 -22"><span class='ocrx_word' id='word_1_168' title='bbox 265 2104 354 2189; x_wconf 80' lang='lat' dir='ltr'>eripi,</span> <span class='ocrx_word' id='word_1_169' title='bbox 369 2112 397 2165; x_wconf 90' lang='lat' dir='ltr'>et</span> <span class='ocrx_word' id='word_1_170' title='bbox 411 2104 445 2165; x_wconf 92' lang='lat' dir='ltr'>in</span> <span class='ocrx_word' id='word_1_171' title='bbox 459 2103 614 2166; x_wconf 80' lang='lat' dir='ltr'>eteotomun</span> <span class='ocrx_word' id='word_1_172' title='bbox 628 2113 747 2167; x_wconf 76' lang='lat' dir='ltr'>tusorum</span> <span class='ocrx_word' id='word_1_173' title='bbox 753 2102 863 2186; x_wconf 77' lang='lat' dir='ltr'>jubeas</span> <span class='ocrx_word' id='word_1_174' title='bbox 874 2126 963 2188; x_wconf 76' lang='lat' dir='ltr'>prope</span> <span class='ocrx_word' id='word_1_175' title='bbox 978 2103 1165 2167; x_wconf 88' lang='lat' dir='ltr'>bnumerari.</span> 
     </span>
    </p>

    <p class='ocr_par' dir='ltr' id='par_1_8' title="bbox 267 2187 1395 2702">
     <span class='ocr_line' id='line_1_24' title="bbox 310 2187 1368 2274; baseline -0.003 -22"><span class='ocrx_word' id='word_1_176' title='bbox 310 2187 408 2252; x_wconf 80' lang='lat' dir='ltr'>Rexit</span> <span class='ocrx_word' id='word_1_177' title='bbox 424 2195 533 2252; x_wconf 87' lang='lat' dir='ltr'>autem</span> <span class='ocrx_word' id='word_1_178' title='bbox 554 2188 720 2252; x_wconf 87' lang='lat' dir='ltr'>ecclesiam</span> <span class='ocrx_word' id='word_1_179' title='bbox 734 2189 950 2274; x_wconf 88' lang='lat' dir='ltr'>ctemporibus</span> <span class='ocrx_word' id='word_1_180' title='bbox 970 2189 1199 2274; x_wconf 88' lang='lat' dir='ltr'>imperatorum</span> <span class='ocrx_word' id='word_1_181' title='bbox 1216 2187 1368 2253; x_wconf 83' lang='lat' dir='ltr'>Mauriuii</span> 
     </span>
     <span class='ocr_line' id='line_1_25' title="bbox 267 2273 1395 2359; baseline 0.001 -21"><span class='ocrx_word' id='word_1_182' title='bbox 267 2281 301 2339; x_wconf 88' lang='lat' dir='ltr'>ct</span> <span class='ocrx_word' id='word_1_183' title='bbox 317 2274 459 2338; x_wconf 87' lang='lat' dir='ltr'>Focatis.</span> <span class='ocrx_word' id='word_1_184' title='bbox 505 2274 651 2337; x_wconf 88' lang='lat' dir='ltr'>Secundo</span> <span class='ocrx_word' id='word_1_185' title='bbox 669 2282 778 2338; x_wconf 89' lang='lat' dir='ltr'>autem</span> <span class='ocrx_word' id='word_1_186' title='bbox 798 2274 938 2359; x_wconf 88' lang='lat' dir='ltr'>ejusdem</span> <span class='ocrx_word' id='word_1_187' title='bbox 954 2275 1085 2339; x_wconf 88' lang='lat' dir='ltr'>Fooatis</span> <span class='ocrx_word' id='word_1_188' title='bbox 1104 2297 1190 2338; x_wconf 92' lang='lat' dir='ltr'>anno</span> <span class='ocrx_word' id='word_1_189' title='bbox 1207 2273 1395 2339; x_wconf 77' lang='lat' dir='ltr'>transieras</span> 
     </span>
     <span class='ocr_line' id='line_1_26' title="bbox 267 2358 1368 2445; baseline -0.001 -22"><span class='ocrx_word' id='word_1_190' title='bbox 267 2382 308 2424; x_wconf 86' lang='lat' dir='ltr'>ex</span> <span class='ocrx_word' id='word_1_191' title='bbox 322 2360 383 2423; x_wconf 85' lang='lat' dir='ltr'>hau</span> <span class='ocrx_word' id='word_1_192' title='bbox 397 2358 464 2423; x_wconf 88' lang='lat' dir='ltr'>vita</span> <span class='ocrx_word' id='word_1_193' title='bbox 485 2360 636 2444; x_wconf 84' lang='lat' dir='ltr'>migravit</span> <span class='ocrx_word' id='word_1_194' title='bbox 656 2361 698 2423; x_wconf 85' lang='lat' dir='ltr'>ad</span> <span class='ocrx_word' id='word_1_195' title='bbox 714 2381 821 2424; x_wconf 90' lang='lat' dir='ltr'>veram</span> <span class='ocrx_word' id='word_1_196' title='bbox 836 2382 906 2445; x_wconf 81' lang='lat' dir='ltr'>quae</span> <span class='ocrx_word' id='word_1_197' title='bbox 929 2360 966 2425; x_wconf 89' lang='lat' dir='ltr'>in</span> <span class='ocrx_word' id='word_1_198' title='bbox 984 2360 1068 2424; x_wconf 84' lang='lat' dir='ltr'>caelis</span> <span class='ocrx_word' id='word_1_199' title='bbox 1088 2368 1138 2425; x_wconf 89' lang='lat' dir='ltr'>est</span> <span class='ocrx_word' id='word_1_200' title='bbox 1159 2360 1267 2424; x_wconf 91' lang='lat' dir='ltr'>vitam.</span> <span class='ocrx_word' id='word_1_201' title='bbox 1313 2360 1368 2423; x_wconf 88' lang='lat' dir='ltr'>Se-</span> 
     </span>
     <span class='ocr_line' id='line_1_27' title="bbox 268 2444 1370 2531; baseline 0 -22"><span class='ocrx_word' id='word_1_202' title='bbox 268 2446 376 2531; x_wconf 91' lang='lat' dir='ltr'>pultus</span> <span class='ocrx_word' id='word_1_203' title='bbox 390 2467 464 2509; x_wconf 88' lang='lat' dir='ltr'>vero</span> <span class='ocrx_word' id='word_1_204' title='bbox 485 2452 536 2509; x_wconf 86' lang='lat' dir='ltr'>cst</span> <span class='ocrx_word' id='word_1_205' title='bbox 558 2468 692 2530; x_wconf 89' lang='lat' dir='ltr'>corpore</span> <span class='ocrx_word' id='word_1_206' title='bbox 713 2444 746 2507; x_wconf 92' lang='lat' dir='ltr'>in</span> <span class='ocrx_word' id='word_1_207' title='bbox 765 2446 899 2509; x_wconf 86' lang='lat' dir='ltr'>ecclesia</span> <span class='ocrx_word' id='word_1_208' title='bbox 918 2446 1005 2510; x_wconf 82' lang='lat' dir='ltr'>beati</span> <span class='ocrx_word' id='word_1_209' title='bbox 1024 2446 1114 2509; x_wconf 88' lang='lat' dir='ltr'>Petri</span> <span class='ocrx_word' id='word_1_210' title='bbox 1129 2444 1276 2530; x_wconf 83' lang='lat' dir='ltr'>apostoli,</span> <span class='ocrx_word' id='word_1_211' title='bbox 1291 2451 1370 2509; x_wconf 87' lang='lat' dir='ltr'>aute</span> 
     </span>
     <span class='ocr_line' id='line_1_28' title="bbox 267 2530 1370 2617; baseline 0 -21"><span class='ocrx_word' id='word_1_212' title='bbox 267 2531 483 2607; x_wconf 85' lang='lat' dir='ltr'>secretarium,</span> <span class='ocrx_word' id='word_1_213' title='bbox 500 2530 551 2595; x_wconf 91' lang='lat' dir='ltr'>die</span> <span class='ocrx_word' id='word_1_214' title='bbox 566 2539 682 2617; x_wconf 87' lang='lat' dir='ltr'>quarto</span> <span class='ocrx_word' id='word_1_215' title='bbox 697 2530 807 2594; x_wconf 91' lang='lat' dir='ltr'>iduum</span> <span class='ocrx_word' id='word_1_216' title='bbox 824 2531 1026 2608; x_wconf 86' lang='lat' dir='ltr'>Martiarum,</span> <span class='ocrx_word' id='word_1_217' title='bbox 1043 2532 1233 2617; x_wconf 89' lang='lat' dir='ltr'>quandoque</span> <span class='ocrx_word' id='word_1_218' title='bbox 1251 2530 1370 2615; x_wconf 83' lang='lat' dir='ltr'>inipso</span> 
     </span>
     <span class='ocr_line' id='line_1_29' title="bbox 268 2615 1369 2702; baseline -0.002 -20"><span class='ocrx_word' id='word_1_219' title='bbox 268 2640 340 2682; x_wconf 90' lang='lat' dir='ltr'>uum</span> <span class='ocrx_word' id='word_1_220' title='bbox 369 2617 494 2682; x_wconf 81' lang='lat' dir='ltr'>caeteris</span> <span class='ocrx_word' id='word_1_221' title='bbox 524 2625 645 2682; x_wconf 84' lang='lat' dir='ltr'>sanctae</span> <span class='ocrx_word' id='word_1_222' title='bbox 675 2615 816 2682; x_wconf 85' lang='lat' dir='ltr'>ecclesiae</span> <span class='ocrx_word' id='word_1_223' title='bbox 846 2617 1028 2702; x_wconf 86' lang='lat' dir='ltr'>pastoribus</span> <span class='ocrx_word' id='word_1_224' title='bbox 1063 2624 1299 2681; x_wconf 83' lang='lat' dir='ltr'>resurrecturus</span> <span class='ocrx_word' id='word_1_225' title='bbox 1336 2615 1369 2680; x_wconf 92' lang='lat' dir='ltr'>in</span> 
     </span>
    </p>
   </div>
   <div class='ocr_carea' id='block_1_8' title="bbox 180 2701 1341 2789">
    <p class='ocr_par' dir='ltr' id='par_1_9' title="bbox 180 2701 1341 2789">
     <span class='ocr_line' id='line_1_30' title="bbox 180 2701 1341 2789; baseline -0.004 -20"><span class='ocrx_word' id='word_1_226' title='bbox 180 2760 185 2769; x_wconf 94' lang='grc'><em>,</em></span> <span class='ocrx_word' id='word_1_227' title='bbox 266 2703 385 2789; x_wconf 85' lang='lat' dir='ltr'>gloria:</span> <span class='ocrx_word' id='word_1_228' title='bbox 408 2703 626 2789; x_wconf 85' lang='lat' dir='ltr'>scriptumque</span> <span class='ocrx_word' id='word_1_229' title='bbox 641 2703 673 2765; x_wconf 91' lang='lat' dir='ltr'>in</span> <span class='ocrx_word' id='word_1_230' title='bbox 688 2704 801 2767; x_wconf 88' lang='lat' dir='ltr'>tumba</span> <span class='ocrx_word' id='word_1_231' title='bbox 815 2701 913 2787; x_wconf 89' lang='lat' dir='ltr'>ipsius</span> <span class='ocrx_word' id='word_1_232' title='bbox 929 2702 1127 2788; x_wconf 88' lang='lat' dir='ltr'>epitaphium</span> <span class='ocrx_word' id='word_1_233' title='bbox 1140 2701 1341 2787; x_wconf 84' lang='lat' dir='ltr'>hujusmodi:</span> 
     </span>
    </p>
   </div>
   <div class='ocr_carea' id='block_1_9' title="bbox 355 2829 1417 3342">
    <p class='ocr_par' dir='ltr' id='par_1_10' title="bbox 355 2829 1417 2998">
     <span class='ocr_line' id='line_1_31' title="bbox 355 2829 1417 2914; baseline -0.001 -21"><span class='ocrx_word' id='word_1_234' title='bbox 355 2831 488 2914; x_wconf 71' lang='lat' dir='ltr'>Serape,</span> <span class='ocrx_word' id='word_1_235' title='bbox 504 2839 597 2901; x_wconf 84' lang='lat' dir='ltr'>terra,</span> <span class='ocrx_word' id='word_1_236' title='bbox 614 2839 664 2892; x_wconf 93' lang='lat' dir='ltr'>tuo</span> <span class='ocrx_word' id='word_1_237' title='bbox 679 2849 787 2913; x_wconf 82' lang='lat' dir='ltr'>eorpus</span> <span class='ocrx_word' id='word_1_238' title='bbox 801 2829 837 2891; x_wconf 89' lang='lat' dir='ltr'>de</span> <span class='ocrx_word' id='word_1_239' title='bbox 852 2851 972 2914; x_wconf 84' lang='lat' dir='ltr'>corpore</span> <span class='ocrx_word' id='word_1_240' title='bbox 986 2839 1148 2914; x_wconf 86' lang='lat' dir='ltr'>sumptum,</span> <span class='ocrx_word' id='word_1_241' title='bbox 1383 2845 1417 2880; x_wconf 86' lang='lat'>¹0</span> 
     </span>
     <span class='ocr_line' id='line_1_32' title="bbox 399 2913 1023 2998; baseline 0.002 -21"><span class='ocrx_word' id='word_1_242' title='bbox 399 2915 538 2978; x_wconf 80' lang='lat' dir='ltr'>Reddere</span> <span class='ocrx_word' id='word_1_243' title='bbox 553 2915 634 2998; x_wconf 84' lang='lat' dir='ltr'>quod</span> <span class='ocrx_word' id='word_1_244' title='bbox 646 2914 750 2977; x_wconf 85' lang='lat' dir='ltr'>coleos</span> <span class='ocrx_word' id='word_1_245' title='bbox 763 2913 934 2996; x_wconf 82' lang='lat' dir='ltr'>oioisicnnte</span> <span class='ocrx_word' id='word_1_246' title='bbox 948 2916 1023 2978; x_wconf 85' lang='lat' dir='ltr'>Dm.</span> 
     </span>
    </p>

    <p class='ocr_par' dir='ltr' id='par_1_11' title="bbox 356 2999 1128 3171">
     <span class='ocr_line' id='line_1_33' title="bbox 356 2999 1074 3084; baseline 0.001 -22"><span class='ocrx_word' id='word_1_247' title='bbox 356 3001 495 3084; x_wconf 74' lang='lat' dir='ltr'>Spiritus</span> <span class='ocrx_word' id='word_1_248' title='bbox 508 3010 597 3062; x_wconf 75' lang='lat' dir='ltr'>aetra</span> <span class='ocrx_word' id='word_1_249' title='bbox 605 3000 696 3082; x_wconf 88' lang='lat' dir='ltr'>petit,</span> <span class='ocrx_word' id='word_1_250' title='bbox 713 2999 764 3062; x_wconf 71' lang='lat' dir='ltr'>uti</span> <span class='ocrx_word' id='word_1_251' title='bbox 777 2999 912 3082; x_wconf 84' lang='lat' dir='ltr'>niljura</span> <span class='ocrx_word' id='word_1_252' title='bbox 926 2999 1074 3076; x_wconf 80' lang='lat' dir='ltr'>nooebnnt,</span> 
     </span>
     <span class='ocr_line' id='line_1_34' title="bbox 401 3085 1128 3171; baseline 0.001 -24"><span class='ocrx_word' id='word_1_253' title='bbox 401 3085 460 3147; x_wconf 82' lang='lat' dir='ltr'>Oui</span> <span class='ocrx_word' id='word_1_254' title='bbox 474 3086 547 3148; x_wconf 80' lang='lat' dir='ltr'>nita</span> <span class='ocrx_word' id='word_1_255' title='bbox 561 3085 689 3147; x_wconf 84' lang='lat' dir='ltr'>atterius</span> <span class='ocrx_word' id='word_1_256' title='bbox 702 3107 781 3148; x_wconf 92' lang='lat' dir='ltr'>mors</span> <span class='ocrx_word' id='word_1_257' title='bbox 795 3087 892 3170; x_wconf 79' lang='lat' dir='ltr'>mapis</span> <span class='ocrx_word' id='word_1_258' title='bbox 906 3086 994 3171; x_wconf 83' lang='lat' dir='ltr'>dipma</span> <span class='ocrx_word' id='word_1_259' title='bbox 1008 3087 1061 3150; x_wconf 88' lang='lat' dir='ltr'>oia</span> <span class='ocrx_word' id='word_1_260' title='bbox 1076 3096 1128 3149; x_wconf 88' lang='lat' dir='ltr'>est.</span> 
     </span>
    </p>

    <p class='ocr_par' dir='ltr' id='par_1_12' title="bbox 356 3170 1415 3342">
     <span class='ocr_line' id='line_1_35' title="bbox 356 3170 1209 3255; baseline 0.001 -23"><span class='ocrx_word' id='word_1_261' title='bbox 356 3170 517 3252; x_wconf 72' lang='lat' dir='ltr'>Pontificio</span> <span class='ocrx_word' id='word_1_262' title='bbox 530 3171 638 3232; x_wconf 76' lang='lat' dir='ltr'>crsmmi</span> <span class='ocrx_word' id='word_1_263' title='bbox 651 3170 703 3233; x_wconf 80' lang='lat' dir='ltr'>lna</span> <span class='ocrx_word' id='word_1_264' title='bbox 717 3171 905 3234; x_wconf 74' lang='lat' dir='ltr'>caudunum</span> <span class='ocrx_word' id='word_1_265' title='bbox 919 3170 1050 3234; x_wconf 78' lang='lat' dir='ltr'>membra</span> <span class='ocrx_word' id='word_1_266' title='bbox 1064 3171 1209 3255; x_wconf 74' lang='lat' dir='ltr'>seprnlcm,</span> 
     </span>
     <span class='ocr_line' id='line_1_36' title="bbox 402 3255 1415 3342; baseline 0 -24"><span class='ocrx_word' id='word_1_267' title='bbox 402 3256 463 3334; x_wconf 73' lang='lat' dir='ltr'>Qui</span> <span class='ocrx_word' id='word_1_268' title='bbox 476 3256 645 3318; x_wconf 74' lang='lat' dir='ltr'>inamoenis</span> <span class='ocrx_word' id='word_1_269' title='bbox 658 3278 774 3340; x_wconf 86' lang='lat' dir='ltr'>semper</span> <span class='ocrx_word' id='word_1_270' title='bbox 788 3255 882 3320; x_wconf 74' lang='lat' dir='ltr'>‘uiuit</span> <span class='ocrx_word' id='word_1_271' title='bbox 895 3255 1002 3342; x_wconf 82' lang='lat' dir='ltr'>ubique</span> <span class='ocrx_word' id='word_1_272' title='bbox 1019 3256 1108 3320; x_wconf 82' lang='lat' dir='ltr'>bonis.</span> <span class='ocrx_word' id='word_1_273' title='bbox 1384 3256 1415 3306; x_wconf 84' lang='lat'>¹⁵</span> 
     </span>
    </p>
   </div>
   <div class='ocr_carea' id='block_1_10' title="bbox 269 3470 1375 3651">
    <p class='ocr_par' dir='ltr' id='par_1_13' title="bbox 269 3470 1375 3651">
     <span class='ocr_line' id='line_1_37' title="bbox 303 3470 1373 3536; baseline -0.003 -16"><span class='ocrx_word' id='word_1_274' title='bbox 303 3484 319 3513; x_wconf 82' lang='lat' dir='ltr'>u</span> <span class='ocrx_word' id='word_1_275' title='bbox 330 3488 447 3520; x_wconf 85' lang='lat' dir='ltr'>resonare</span> <span class='ocrx_word' id='word_1_276' title='bbox 457 3474 485 3521; x_wconf 91' lang='lat' dir='ltr'>V.</span> <span class='ocrx_word' id='word_1_277' title='bbox 595 3484 611 3514; x_wconf 77' lang='lat' dir='ltr'>x</span> <span class='ocrx_word' id='word_1_278' title='bbox 622 3474 733 3536; x_wconf 78' lang='lat' dir='ltr'>infideles</span> <span class='ocrx_word' id='word_1_279' title='bbox 744 3473 774 3519; x_wconf 94' lang='lat' dir='ltr'><strong>V.</strong></span> <span class='ocrx_word' id='word_1_280' title='bbox 885 3475 1036 3534; x_wconf 75' lang='lat' dir='ltr'>yproeceptis</span> <span class='ocrx_word' id='word_1_281' title='bbox 1048 3472 1077 3520; x_wconf 89' lang='lat' dir='ltr'>V.</span> <span class='ocrx_word' id='word_1_282' title='bbox 1196 3472 1328 3532; x_wconf 68' lang='lat' dir='ltr'>egueram</span> <span class='ocrx_word' id='word_1_283' title='bbox 1341 3470 1373 3518; x_wconf 92' lang='lat' dir='ltr'>V.</span> 
     </span>
     <span class='ocr_line' id='line_1_38' title="bbox 270 3535 1375 3600; baseline -0.002 -16"><span class='ocrx_word' id='word_1_284' title='bbox 270 3549 284 3578; x_wconf 77' lang='lat'>⁸</span> <span class='ocrx_word' id='word_1_285' title='bbox 296 3539 422 3585; x_wconf 77' lang='lat' dir='ltr'>beatorum</span> <span class='ocrx_word' id='word_1_286' title='bbox 434 3538 465 3586; x_wconf 91' lang='lat' dir='ltr'>V.</span> <span class='ocrx_word' id='word_1_287' title='bbox 565 3541 636 3600; x_wconf 82' lang='lat' dir='ltr'>bper</span> <span class='ocrx_word' id='word_1_288' title='bbox 650 3539 775 3586; x_wconf 74' lang='lat' dir='ltr'>Curictum</span> <span class='ocrx_word' id='word_1_289' title='bbox 787 3540 923 3585; x_wconf 86' lang='lat' dir='ltr'>Dominum</span> <span class='ocrx_word' id='word_1_290' title='bbox 935 3545 1046 3585; x_wconf 80' lang='lat' dir='ltr'>nostrum</span> <span class='ocrx_word' id='word_1_291' title='bbox 1059 3538 1089 3584; x_wconf 93' lang='lat' dir='ltr'>V.</span> <span class='ocrx_word' id='word_1_292' title='bbox 1201 3546 1213 3575; x_wconf 66' lang='grc' dir='ltr'><strong>ο</strong></span> <span class='ocrx_word' id='word_1_293' title='bbox 1226 3535 1375 3598; x_wconf 72' lang='lat' dir='ltr'>temporibus</span> 
     </span>
     <span class='ocr_line' id='line_1_39' title="bbox 269 3602 1104 3651; baseline -0.004 0"><span class='ocrx_word' id='word_1_294' title='bbox 269 3604 391 3651; x_wconf 84' lang='lat' dir='ltr'>Mauricii</span> <span class='ocrx_word' id='word_1_295' title='bbox 403 3603 441 3651; x_wconf 70' lang='lat' dir='ltr'><strong>V..</strong></span> <span class='ocrx_word' id='word_1_296' title='bbox 532 3605 547 3642; x_wconf 78' lang='lat' dir='ltr'>d</span> <span class='ocrx_word' id='word_1_297' title='bbox 559 3606 603 3650; x_wconf 86' lang='lat' dir='ltr'>illa</span> <span class='ocrx_word' id='word_1_298' title='bbox 612 3603 637 3650; x_wconf 80' lang='lat' dir='ltr'><strong>J.</strong></span> <span class='ocrx_word' id='word_1_299' title='bbox 652 3603 756 3651; x_wconf 75' lang='lat' dir='ltr'>Diaron.</span> <span class='ocrx_word' id='word_1_300' title='bbox 857 3612 870 3642; x_wconf 70' lang='lat' dir='ltr'>e</span> <span class='ocrx_word' id='word_1_301' title='bbox 882 3606 950 3650; x_wconf 79' lang='lat' dir='ltr'>meat</span> <span class='ocrx_word' id='word_1_302' title='bbox 961 3602 987 3649; x_wconf 86' lang='lat' dir='ltr'><strong>J.</strong></span> <span class='ocrx_word' id='word_1_303' title='bbox 999 3603 1104 3650; x_wconf 79' lang='lat' dir='ltr'>Diaron.</span> 
     </span>
    </p>
   </div>
   <div class='ocr_carea' id='block_1_11' title="bbox 271 3793 1375 4436">
    <p class='ocr_par' dir='ltr' id='par_1_14' title="bbox 271 3793 1374 4165">
     <span class='ocr_line' id='line_1_40' title="bbox 305 3793 1373 3857; baseline -0.004 -13"><span class='ocrx_word' id='word_1_304' title='bbox 305 3810 344 3856; x_wconf 85' lang='lat'><strong>50.</strong></span> <span class='ocrx_word' id='word_1_305' title='bbox 355 3811 430 3857; x_wconf 84' lang='lat' dir='ltr'>super</span> <span class='ocrx_word' id='word_1_306' title='bbox 439 3794 555 3857; x_wconf 85' lang='lat' dir='ltr'>corpora]</span> <span class='ocrx_word' id='word_1_307' title='bbox 571 3794 704 3856; x_wconf 80' lang='lat' dir='ltr'>Anquisitis</span> <span class='ocrx_word' id='word_1_308' title='bbox 712 3793 918 3842; x_wconf 81' lang='lat' dir='ltr'>numerosissimis</span> <span class='ocrx_word' id='word_1_309' title='bbox 926 3793 1023 3841; x_wconf 84' lang='lat' dir='ltr'>olivetis</span> <span class='ocrx_word' id='word_1_310' title='bbox 1031 3796 1076 3842; x_wconf 83' lang='lat' dir='ltr'>&amp;a</span> <span class='ocrx_word' id='word_1_311' title='bbox 1089 3794 1114 3841; x_wconf 77' lang='lat' dir='ltr'>i.</span> <span class='ocrx_word' id='word_1_312' title='bbox 1126 3795 1229 3842; x_wconf 84' lang='lat' dir='ltr'>Diacon.</span> <span class='ocrx_word' id='word_1_313' title='bbox 1239 3794 1255 3842; x_wconf 91' lang='lat' dir='ltr'>i.</span> <span class='ocrx_word' id='word_1_314' title='bbox 1265 3801 1324 3842; x_wconf 84' lang='lat' dir='ltr'>sect.</span> <span class='ocrx_word' id='word_1_315' title='bbox 1333 3806 1373 3842; x_wconf 80' lang='lat' dir='ltr'>eo.</span> 
     </span>
     <span class='ocr_line' id='line_1_41' title="bbox 272 3858 1374 3920; baseline -0.004 -12"><span class='ocrx_word' id='word_1_316' title='bbox 272 3862 298 3908; x_wconf 90' lang='lat' dir='ltr'>S.</span> <span class='ocrx_word' id='word_1_317' title='bbox 322 3862 421 3908; x_wconf 86' lang='lat' dir='ltr'>Rectius</span> <span class='ocrx_word' id='word_1_318' title='bbox 432 3861 456 3907; x_wconf 91' lang='lat' dir='ltr'>ii.</span> <span class='ocrx_word' id='word_1_319' title='bbox 469 3875 508 3908; x_wconf 80' lang='lat'><strong>20.</strong></span> <span class='ocrx_word' id='word_1_320' title='bbox 537 3861 604 3907; x_wconf 82' lang='lat' dir='ltr'>llius</span> <span class='ocrx_word' id='word_1_321' title='bbox 616 3859 752 3908; x_wconf 85' lang='lat' dir='ltr'>O‘Connor</span> <span class='ocrx_word' id='word_1_322' title='bbox 763 3860 890 3906; x_wconf 83' lang='lat' dir='ltr'>contendit</span> <span class='ocrx_word' id='word_1_323' title='bbox 903 3858 1067 3920; x_wconf 73' lang='lat' dir='ltr'>Anigustinum</span> <span class='ocrx_word' id='word_1_324' title='bbox 1081 3865 1138 3905; x_wconf 85' lang='lat' dir='ltr'>unte</span> <span class='ocrx_word' id='word_1_325' title='bbox 1150 3859 1295 3920; x_wconf 78' lang='lat' dir='ltr'>Gregorinm</span> <span class='ocrx_word' id='word_1_326' title='bbox 1309 3872 1374 3905; x_wconf 84' lang='lat' dir='ltr'>mor-</span> 
     </span>
     <span class='ocr_line' id='line_1_42' title="bbox 271 3919 1372 3984; baseline -0.002 -12"><span class='ocrx_word' id='word_1_327' title='bbox 271 3932 341 3972; x_wconf 88' lang='lat' dir='ltr'>tuum</span> <span class='ocrx_word' id='word_1_328' title='bbox 351 3940 412 3984; x_wconf 84' lang='lat' dir='ltr'>esse,</span> <span class='ocrx_word' id='word_1_329' title='bbox 420 3940 475 3972; x_wconf 91' lang='lat' dir='ltr'>cum</span> <span class='ocrx_word' id='word_1_330' title='bbox 485 3925 584 3972; x_wconf 87' lang='lat' dir='ltr'>verbum</span> <span class='ocrx_word' id='word_1_331' title='bbox 594 3939 678 3971; x_wconf 88' lang='lat' dir='ltr'>eorum</span> <span class='ocrx_word' id='word_1_332' title='bbox 687 3923 718 3969; x_wconf 84' lang='lat' dir='ltr'>ad</span> <span class='ocrx_word' id='word_1_333' title='bbox 725 3923 897 3983; x_wconf 76' lang='lat' dir='ltr'>Augustinum</span> <span class='ocrx_word' id='word_1_334' title='bbox 906 3928 929 3969; x_wconf 87' lang='lat' dir='ltr'>et</span> <span class='ocrx_word' id='word_1_335' title='bbox 938 3925 1014 3970; x_wconf 85' lang='lat' dir='ltr'>socios</span> <span class='ocrx_word' id='word_1_336' title='bbox 1025 3919 1078 3983; x_wconf 62' lang='lat' dir='ltr'>aue</span> <span class='ocrx_word' id='word_1_337' title='bbox 1087 3924 1159 3970; x_wconf 89' lang='lat' dir='ltr'>modo</span> <span class='ocrx_word' id='word_1_338' title='bbox 1169 3923 1248 3970; x_wconf 86' lang='lat' dir='ltr'>dictos</span> <span class='ocrx_word' id='word_1_339' title='bbox 1259 3923 1372 3971; x_wconf 75' lang='lat' dir='ltr'>referrens</span> 
     </span>
     <span class='ocr_line' id='line_1_43' title="bbox 271 3987 1374 4050; baseline -0.003 -13"><span class='ocrx_word' id='word_1_340' title='bbox 271 3991 337 4050; x_wconf 86' lang='lat' dir='ltr'>quod</span> <span class='ocrx_word' id='word_1_341' title='bbox 348 3990 416 4037; x_wconf 81' lang='lat' dir='ltr'>locus</span> <span class='ocrx_word' id='word_1_342' title='bbox 427 3989 549 4036; x_wconf 82' lang='lat' dir='ltr'>Jobannis</span> <span class='ocrx_word' id='word_1_343' title='bbox 561 4003 608 4035; x_wconf 90' lang='lat' dir='ltr'>non</span> <span class='ocrx_word' id='word_1_344' title='bbox 621 3989 696 4046; x_wconf 82' lang='lat' dir='ltr'>siuit3</span> <span class='ocrx_word' id='word_1_345' title='bbox 717 4002 812 4048; x_wconf 88' lang='lat' dir='ltr'>nempe,</span> <span class='ocrx_word' id='word_1_346' title='bbox 829 3987 964 4046; x_wconf 71' lang='lat' dir='ltr'>Gregorius</span> <span class='ocrx_word' id='word_1_347' title='bbox 976 3989 1085 4033; x_wconf 84' lang='lat' dir='ltr'>instituit</span> <span class='ocrx_word' id='word_1_348' title='bbox 1095 3993 1124 4034; x_wconf 87' lang='lat' dir='ltr'>ut</span> <span class='ocrx_word' id='word_1_349' title='bbox 1134 3991 1212 4034; x_wconf 75' lang='lat' dir='ltr'>musa</span> <span class='ocrx_word' id='word_1_350' title='bbox 1223 3989 1374 4035; x_wconf 79' lang='lat' dir='ltr'>celebraren-</span> 
     </span>
     <span class='ocr_line' id='line_1_44' title="bbox 272 4051 1374 4114; baseline -0.003 -13"><span class='ocrx_word' id='word_1_351' title='bbox 272 4061 316 4102; x_wconf 81' lang='lat' dir='ltr'>tur</span> <span class='ocrx_word' id='word_1_352' title='bbox 326 4069 400 4114; x_wconf 83' lang='lat' dir='ltr'>super</span> <span class='ocrx_word' id='word_1_353' title='bbox 411 4069 513 4114; x_wconf 80' lang='lat' dir='ltr'>corpora</span> <span class='ocrx_word' id='word_1_354' title='bbox 523 4055 702 4114; x_wconf 70' lang='lat' dir='ltr'>apostolorum·</span> <span class='ocrx_word' id='word_1_355' title='bbox 720 4053 891 4113; x_wconf 74' lang='lat' dir='ltr'>superaddidit</span> <span class='ocrx_word' id='word_1_356' title='bbox 902 4053 1049 4107; x_wconf 84' lang='lat' dir='ltr'>luminaria,</span> <span class='ocrx_word' id='word_1_357' title='bbox 1061 4059 1086 4098; x_wconf 82' lang='lat' dir='ltr'>et</span> <span class='ocrx_word' id='word_1_358' title='bbox 1103 4051 1186 4114; x_wconf 67' lang='lat' dir='ltr'>ficia</span> <span class='ocrx_word' id='word_1_359' title='bbox 1201 4053 1288 4100; x_wconf 77' lang='lat' dir='ltr'>sedum</span> <span class='ocrx_word' id='word_1_360' title='bbox 1299 4053 1374 4112; x_wconf 78' lang='lat' dir='ltr'>depu-</span> 
     </span>
     <span class='ocr_line' id='line_1_45' title="bbox 273 4113 990 4165; baseline -0.003 -1"><span class='ocrx_word' id='word_1_361' title='bbox 273 4121 344 4165; x_wconf 85' lang='lat' dir='ltr'>tavit.</span> <span class='ocrx_word' id='word_1_362' title='bbox 379 4119 427 4164; x_wconf 88' lang='lat' dir='ltr'>Sed</span> <span class='ocrx_word' id='word_1_363' title='bbox 438 4119 564 4164; x_wconf 79' lang='lat' dir='ltr'>iolieunes</span> <span class='ocrx_word' id='word_1_364' title='bbox 575 4119 605 4163; x_wconf 90' lang='lat' dir='ltr'>de</span> <span class='ocrx_word' id='word_1_365' title='bbox 617 4132 666 4164; x_wconf 85' lang='lat' dir='ltr'>una</span> <span class='ocrx_word' id='word_1_366' title='bbox 678 4122 773 4164; x_wconf 80' lang='lat' dir='ltr'>tantum</span> <span class='ocrx_word' id='word_1_367' title='bbox 786 4115 888 4164; x_wconf 84' lang='lat' dir='ltr'>ecelesia</span> <span class='ocrx_word' id='word_1_368' title='bbox 900 4113 990 4162; x_wconf 81' lang='lat' dir='ltr'>scribit.</span> 
     </span>
    </p>

    <p class='ocr_par' dir='ltr' id='par_1_15' title="bbox 273 4179 1375 4370">
     <span class='ocr_line' id='line_1_46' title="bbox 308 4179 1374 4244; baseline 0 -17"><span class='ocrx_word' id='word_1_369' title='bbox 308 4196 330 4227; x_wconf 92' lang='grc' dir='ltr'>ι.</span> <span class='ocrx_word' id='word_1_370' title='bbox 341 4180 516 4244; x_wconf 82' lang='lat' dir='ltr'>superadjecit]</span> <span class='ocrx_word' id='word_1_371' title='bbox 531 4182 557 4228; x_wconf 85' lang='lat' dir='ltr'><strong>J.</strong></span> <span class='ocrx_word' id='word_1_372' title='bbox 571 4181 697 4228; x_wconf 82' lang='lat' dir='ltr'>Diaconos</span> <span class='ocrx_word' id='word_1_373' title='bbox 707 4181 751 4227; x_wconf 92' lang='lat' dir='ltr'>lib.</span> <span class='ocrx_word' id='word_1_374' title='bbox 765 4181 790 4228; x_wconf 93' lang='lat' dir='ltr'>ii.</span> <span class='ocrx_word' id='word_1_375' title='bbox 804 4185 815 4240; x_wconf 64' lang='lat' dir='ltr'>t</span> <span class='ocrx_word' id='word_1_376' title='bbox 828 4191 864 4240; x_wconf 86' lang='lat'><strong>17.</strong></span> <span class='ocrx_word' id='word_1_377' title='bbox 889 4179 1002 4226; x_wconf 82' lang='lat' dir='ltr'>Gelasius</span> <span class='ocrx_word' id='word_1_378' title='bbox 1014 4194 1076 4240; x_wconf 86' lang='lat' dir='ltr'>pups</span> <span class='ocrx_word' id='word_1_379' title='bbox 1088 4180 1215 4241; x_wconf 78' lang='lat' dir='ltr'>antiquum</span> <span class='ocrx_word' id='word_1_380' title='bbox 1229 4180 1327 4228; x_wconf 82' lang='lat' dir='ltr'>missale</span> <span class='ocrx_word' id='word_1_381' title='bbox 1337 4193 1374 4227; x_wconf 86' lang='lat' dir='ltr'>re·</span> 
     </span>
     <span class='ocr_line' id='line_1_47' title="bbox 273 4243 1375 4307; baseline -0.001 -14"><span class='ocrx_word' id='word_1_382' title='bbox 273 4247 397 4307; x_wconf 76' lang='lat' dir='ltr'>cognorit,</span> <span class='ocrx_word' id='word_1_383' title='bbox 409 4247 542 4307; x_wconf 76' lang='lat' dir='ltr'>Gregorius</span> <span class='ocrx_word' id='word_1_384' title='bbox 553 4246 721 4302; x_wconf 80' lang='lat' dir='ltr'>Gelasinnum,</span> <span class='ocrx_word' id='word_1_385' title='bbox 734 4245 798 4293; x_wconf 87' lang='lat' dir='ltr'>unde</span> <span class='ocrx_word' id='word_1_386' title='bbox 815 4253 883 4292; x_wconf 87' lang='lat' dir='ltr'>ortus</span> <span class='ocrx_word' id='word_1_387' title='bbox 898 4245 971 4292; x_wconf 86' lang='lat' dir='ltr'>Liber</span> <span class='ocrx_word' id='word_1_388' title='bbox 989 4243 1204 4292; x_wconf 77' lang='lat' dir='ltr'>sacramentorum</span> <span class='ocrx_word' id='word_1_389' title='bbox 1221 4245 1247 4291; x_wconf 89' lang='lat' dir='ltr'>ln</span> <span class='ocrx_word' id='word_1_390' title='bbox 1259 4259 1308 4306; x_wconf 89' lang='lat' dir='ltr'>quo</span> <span class='ocrx_word' id='word_1_391' title='bbox 1324 4244 1375 4292; x_wconf 77' lang='lat' dir='ltr'>brec</span> 
     </span>
     <span class='ocr_line' id='line_1_48' title="bbox 274 4310 693 4370; baseline 0.002 -15"><span class='ocrx_word' id='word_1_392' title='bbox 274 4311 348 4356; x_wconf 82' lang='lat' dir='ltr'>verbs</span> <span class='ocrx_word' id='word_1_393' title='bbox 360 4311 390 4356; x_wconf 86' lang='lat' dir='ltr'>ad</span> <span class='ocrx_word' id='word_1_394' title='bbox 402 4324 522 4356; x_wconf 83' lang='lat' dir='ltr'>canonem</span> <span class='ocrx_word' id='word_1_395' title='bbox 533 4310 652 4370; x_wconf 82' lang='lat' dir='ltr'>apposuit.</span> <span class='ocrx_word' id='word_1_396' title='bbox 666 4310 693 4356; x_wconf 90' lang='lat' dir='ltr'>S.</span> 
     </span>
    </p>

    <p class='ocr_par' dir='ltr' id='par_1_16' title="bbox 308 4371 873 4436">
     <span class='ocr_line' id='line_1_49' title="bbox 308 4371 873 4436; baseline -0.002 -15"><span class='ocrx_word' id='word_1_397' title='bbox 308 4375 332 4422; x_wconf 85' lang='lat'><strong>8.</strong></span> <span class='ocrx_word' id='word_1_398' title='bbox 343 4375 507 4436; x_wconf 73' lang='lat' dir='ltr'>epitaphium]</span> <span class='ocrx_word' id='word_1_399' title='bbox 521 4374 630 4422; x_wconf 82' lang='lat' dir='ltr'>Johnnn.</span> <span class='ocrx_word' id='word_1_400' title='bbox 642 4375 712 4423; x_wconf 88' lang='lat' dir='ltr'>Diec.</span> <span class='ocrx_word' id='word_1_401' title='bbox 725 4373 775 4421; x_wconf 85' lang='lat' dir='ltr'>Vit.</span> <span class='ocrx_word' id='word_1_402' title='bbox 788 4372 820 4421; x_wconf 81' lang='lat' dir='ltr'>ir.</span> <span class='ocrx_word' id='word_1_403' title='bbox 834 4371 873 4421; x_wconf 91' lang='lat'>68.</span> 
     </span>
    </p>
   </div>
   <div class='ocr_carea' id='block_1_12' title="bbox 0 0 1562 5124">
    <p class='ocr_par' dir='ltr' id='par_1_17' title="bbox 0 0 1562 5124">
     <span class='ocr_line' id='line_1_50' title="bbox 0 0 1562 5124; baseline 0 0"><span class='ocrx_word' id='word_1_404' title='bbox 0 0 1562 5124; x_wconf 95' lang='lat' dir='ltr'> </span> 
     </span>
    </p>
   </div>
  </div>
 </body>
</html>
