3100 5125
1016 29 1046 72 N

1045 72 1085 144 ‘ax’

1114 196 1141 234 ’Χ

110 313 215 374 ..14
522 295 687 362 annus
709 295 981 363 succensu.
1141 234 1295 422 “s-Q„

242 449 313 530 Quo
327 457 472 536 tempore
482 471 540 514 rex
550 449 735 514 AEdilvalch
750 449 881 514 donavit
891 449 1144 515 reverentissimo
1155 433 1326 528 antistiis,

158 534 338 605 30Vilfrido
355 543 477 600 terram
498 535 662 621 octoginta
680 542 803 620 septem
822 534 1022 614 familiarum,
1038 537 1093 601 ubi
1108 558 1181 601 suos
1196 529 1351 602 homi-¹¹¹⁶·

198 643 255 684 nes
269 621 323 705 qui
338 622 445 685 exules
456 623 665 707 vagabantur,
677 622 817 705 recipere
831 628 948 705 posset,
961 623 1115 687 vocabulo
1126 623 1293 702 ‘Selaesea
1351 560 1472 738 Χ

221 707 285 770 uod
308 707 425 771 dicitur
448 707 563 771 Latine
586 707 694 771 Insula
710 706 813 770 Vituli
829 706 960 771 Marini.
1004 707 1066 773 Est
1087 708 1185 772 fenim
1209 709 1296 773 locus

197 729 250 856 ille
278 793 417 877 undique
444 793 526 857 mari
555 792 769 856 circumdatus
796 799 915 878 praeter
943 795 985 858 ab
1015 793 1187 872 occidente,
1212 794 1296 859 unde

198 877 296 942 babet
324 878 501 964 ingressum
530 878 745 962 amplitudinis
776 877 867 961 quasi
893 878 1000 962 jactus
1028 880 1156 944 fundae:
1195 881 1297 964 qualis

197 962 285 1026 locus
303 987 324 1028 a
340 964 464 1029 Latinis
480 964 654 1048 peninsula,
669 986 690 1027 a
708 963 828 1027 Graecis
851 964 932 1028 solet
953 965 1157 1029 cherronesos
1179 965 1294 1030 vocari.

199 1047 296 1113 Hunc
315 1073 392 1136 ergo
410 1050 514 1114 locum
533 1071 605 1114 cum
626 1048 800 1134 accepisset
823 1048 988 1134 episcopus
1004 1049 1130 1128 Viliiid,
1149 1051 1295 1116 fundavit

158 1134 243 1197 ssibi
266 1135 502 1212 monasterium,
527 1157 566 1200 ac
589 1135 726 1220 regulari
751 1135 818 1198 vita
843 1134 994 1212 instituit,
1020 1137 1158 1200 maxime
1180 1159 1220 1200 ex
1246 1137 1295 1201 his

199 1242 278 1304 quos
301 1243 407 1285 secum
429 1221 610 1285 adduxerat
628 1220 800 1285 fratribus:
829 1221 914 1304 quod
935 1242 1035 1304 usque
1058 1222 1151 1286 hodie
1175 1243 1295 1286 succes·

198 1328 284 1370 sores
299 1309 367 1391 ejus
380 1314 490 1371 tenere
504 1313 686 1372 noscuntur.
732 1304 816 1369 Nam
830 1306 897 1390 ipse
911 1307 972 1406 illis
986 1305 1020 1369 in
1034 1307 1180 1391 partibus
1194 1331 1295 1373 annos

199 1391 1295 1561 didicisti?tati.ttttitlttttttfitttt
1312 1411 1449 1462 Μ

199 1585 303 1647 opere.
348 1564 394 1628 Et
415 1564 567 1648 quoniam
590 1563 634 1626 illi
659 1585 716 1626 rex
738 1585 810 1626 cum
827 1563 983 1648 spraefats
1004 1563 1065 1628 loci
1087 1564 1293 1648 possessione,

158 1668 191 1714 4ο
199 1671 308 1714 omnes
323 1649 400 1734 hqui
421 1649 539 1713 ibidem
553 1656 655 1725 erant,
670 1648 841 1712 facidtates
863 1671 935 1712 cum
953 1649 1041 1734 agris
1061 1656 1094 1713 et
1116 1650 1294 1716 hominibus

199 1735 338 1809 donavit,
349 1757 457 1798 omnes
467 1735 531 1798 fide
540 1734 659 1799 Christi
674 1734 848 1810 institutos,
859 1735 944 1798 unda
958 1735 1161 1819 baptismatis
1172 1737 1291 1812 abluit3

197 1819 283 1884 iuter
306 1843 394 1904 quos,
418 1843 524 1884 servos
550 1827 583 1884 ct
608 1821 736 1884 ancillas
762 1821 916 1884 ducentos
940 1821 1187 1905 quinquaginta:
1216 1845 1295 1906 quos

196 1927 306 1970 omnes
325 1907 374 1970 iut
396 1907 587 1991 baptizando
610 1929 631 1969 a
656 1906 809 1969 servitute
832 1907 1006 1970 daemonica
1031 1907 1173 1985 salvavit,
1197 1907 1295 1972 etiam

197 1991 367 2057 l‘libertate
381 1993 529 2056 donando
543 1994 690 2056 humanae
702 1993 780 2077 jugo
795 1991 956 2057 servitutis
970 1992 1115 2057 absolvit.

127 2183 186 2252 157
628 2167 736 2232 oAP.
761 2166 862 2230 xiv.

265 2274 302 2331 Ut
316 2275 508 2330 intercessione
524 2271 639 2328 Osuoldi
653 2273 735 2346 repis,
745 2272 881 2347 pestifera
895 2273 1047 2330 mortalitas
1061 2273 1099 2330 sit
1111 2273 1225 2331 sublata.

241 2367 280 2431 lu
310 2388 373 2451 quo
401 2372 478 2429 tunc
507 2362 699 2427 monasterio
728 2364 879 2427 nonnulla
908 2365 1041 2430 caelestis
1069 2367 1183 2452 gratiae
1210 2369 1403 2444 densamus

195 2452 390 2539 ¹specialiter
414 2456 542 2514 ostensa
566 2449 663 2512 fuisse
685 2450 941 2533 mperhibentur;
975 2458 1088 2536 utpote
1113 2453 1166 2517 ubi
1192 2475 1293 2539 nuper
1303 2460 1453 2509 miraculum.

173 2539 329 2625 sexpulsa
351 2536 468 2603 diaboli
490 2536 658 2621 tyrannide
681 2534 827 2599 Christus
846 2536 914 2620 jam
935 2559 1067 2623 regnare
1090 2548 1250 2624 caperat:
1275 2563 1293 2605 e

194 2627 310 2715 quibus
332 2646 429 2687 unum
451 2624 536 2708 quod
557 2622 634 2684 mihi
656 2622 928 2687 reverentissimus
949 2623 1106 2689 nantistes
1124 2626 1214 2689 Acca
1235 2648 1292 2689 sae-

195 2712 267 2799 pius
281 2711 408 2787 referre,
423 2716 458 2774 et
471 2732 492 2772 a
505 2707 696 2772 fidelissimis
710 2708 851 2791 ejusdem
866 2709 1050 2773 monasterii
1064 2710 1217 2776 fratribus
1232 2710 1292 2775 sibi

195 2798 332 2861 relatum
346 2817 487 2859 asserere
502 2794 632 2871 solebat,
647 2793 807 2857 memoriae
821 2795 973 2858 mandare
988 2796 1187 2859 commodum
1202 2796 1292 2859 duxi-

195 2905 275 2946 mus.
305 2882 428 2945 Eodem
442 2882 540 2944 ferme
550 2886 694 2965 tempore
710 2901 772 2964 qno
787 2880 857 2963 ipsa
871 2880 1033 2964 provincia
1047 2903 1161 2944 nomen
1173 2881 1293 2947 Obristi

196 2974 388 3053 susceperat,
403 2966 520 3029 multas
535 2965 706 3029 Brittania
725 2965 904 3049 provincias
924 2964 1103 3030 mortalitas
1123 2988 1208 3032 saeva
1226 2989 1293 3032 cor-

196 3054 343 3139 ripiebat,
362 3075 432 3138 quse
455 3074 527 3115 cum
548 3051 717 3136 praefatum
740 3072 865 3135 quoque
886 3051 1124 3130 monasterium,
1145 3053 1195 3117 cui
1217 3060 1293 3118 tunc

132 3187 134 3192 -
159 3139 336 3226 10regendo
365 3136 619 3223 religiosissimus
647 3136 767 3200 Christi
800 3138 956 3211 sacerdos,
986 3139 1139 3202 vocabulo
1170 3140 1292 3239 Eappa,
1388 3152 1391 3157 '

196 3225 334 3311 praefuit,
350 3231 430 3288 nutu
445 3223 557 3286 divinae
578 3220 822 3307 dispensationis
841 3223 1036 3309 attingeret;
1060 3224 1212 3309 multique
1228 3248 1294 3290 sive

229 3388 244 3419 θ
256 3379 363 3427 Helenes
373 3378 404 3426 V.
470 3377 576 3423 tentem
587 3374 649 3422 V.G.
716 3374 844 3438 tproesate'
854 3376 885 3424 V.
951 3374 1031 3439 hqaue
1039 3377 1068 3425 V.
1136 3377 1204 3425 inca
1215 3381 1294 3425 solum

197 3443 418 3506 baptisando-sed
427 3444 503 3489 etiam
514 3440 575 3487 V-G.
697 3440 714 3479 k
726 3440 864 3487 libertatem
876 3441 939 3489 V.G.
1071 3441 1255 3505 lepirteuutter
1263 3441 1293 3490 V.

196 3519 220 3548 m
228 3508 360 3571 perhibent
370 3506 399 3555 V.
499 3515 515 3544 n
526 3504 743 3551 reverendissimus
752 3520 784 3551 nc
794 3506 991 3565 religiosissimus
1002 3506 1031 3554 V.
1357 3504 1361 3509 '

230 3651 270 3702 35.
281 3637 467 3698 monaster-tatu]
489 3635 535 3685 Cui
548 3636 690 3697 prepositus
701 3634 850 3697 tuitEsppa.
862 3652 926 3685 unus
937 3652 968 3685 ex
979 3636 1010 3684 iis
1020 3644 1125 3700 quotuor
1133 3639 1206 3685 modo
1215 3638 1294 3686 nomi-

196 3706 262 3753 natis
273 3703 420 3766 presbyteris
430 3702 471 3765 qui
482 3716 537 3749 cum
549 3716 578 3747 eo
590 3701 755 3760 baptizabant.
779 3700 849 3750 Conf.
863 3702 934 3762 infra,
949 3716 986 3761 14.

228 3780 268 3831 37.
280 3775 383 3816 mortem
393 3766 525 3829 Ecgsstdt]
546 3767 607 3826 Qua
619 3766 666 3813 init
678 3768 708 3813 Α.
716 3766 748 3813 Ι).
760 3764 817 3826 685.
828 3766 901 3827 inira,
912 3767 951 3815 26.
986 3768 1035 3815 Sed
1052 3773 1180 3814 revocatus
1191 3773 1229 3814 est
1240 3766 1291 3814 Vil-

196 3835 275 3882 fridus
285 3847 351 3880 nuno
362 3832 468 3880 secundo
479 3830 603 3878 Aldfridi:
623 3830 670 3877 vid.
682 3828 755 3891 infra,
766 3847 791 3879 v.
803 3846 841 3895 19.
859 3832 921 3880 Edd.
934 3831 983 3879 Vit.
996 3832 1076 3879 wilfi.
1088 3844 1128 3890 43.

229 3900 300 3946 CAP.
313 3898 380 3945 XIV.
414 3898 508 3957 Magus
523 3896 563 3942 hic
579 3900 617 3942 est
632 3895 768 3942 differentis
779 3896 852 3944 MSS.
865 3896 891 3943 in
910 3895 1067 3944 numerandis
1084 3895 1205 3957 capitulis.
1238 3895 1293 3943 Nec

195 3962 235 4011 bic
246 3963 332 4011 titulus
343 3976 387 4009 nec
398 3960 511 4022 proxime
522 3974 625 4021 sequens
640 3965 678 4006 est
693 3959 719 4006 in
738 3960 818 4007 indice
834 3960 995 4021 capitulorum
1009 3961 1100 4009 codicis
1111 3959 1186 4021 Moti,
1196 3960 1293 4008 etiamsi

195 4035 268 4089 caput
278 4027 329 4075 xiv.
341 4026 410 4073 sitin
422 4026 476 4085 ipso
487 4025 579 4081 codice,
591 4023 655 4084 quod
666 4024 733 4071 etde
748 4024 831 4071 codice
842 4024 991 4073 Cottonisno
1002 4026 1028 4074 ii.
1041 4025 1175 4073 notandum
1191 4031 1238 4083 est,
1251 4026 1292 4073 sed

194 4092 222 4139 in
233 4092 316 4140 codice
326 4090 476 4139 cottoniano
487 4089 503 4137 i.
514 4089 583 4136 deest
598 4089 644 4135 hoc
660 4094 734 4150 caput
743 4088 792 4135 xiv.
804 4090 834 4137 de
846 4088 966 4147 Osusldo,
982 4097 1007 4138 et
1023 4097 1123 4138 notatur
1138 4090 1165 4136 in
1183 4090 1293 4151 margine

194 4171 270 4205 manu
281 4156 353 4203 valde
363 4154 465 4216 entique
476 4155 529 4203 Hie
538 4155 605 4201 deest
615 4152 717 4215 solium.
752 4151 850 4201 Exinde
860 4153 934 4202 etism
947 4154 1070 4217 sequiores
1082 4154 1156 4202 MSS.
1169 4155 1208 4202 vel
1220 4168 1292 4215 argu·

194 4227 279 4268 ments
290 4220 398 4281 capitum
410 4218 460 4266 xiv.
472 4224 498 4265 et
507 4233 548 4279 xv,
559 4217 597 4265 vel
609 4224 682 4279 caput
699 4218 777 4280 ipsum
790 4218 839 4265 xiv.
852 4218 980 4276 omittunt,
996 4226 1068 4280 prout
1084 4219 1114 4266 ab
1131 4219 1177 4267 boc
1193 4218 1232 4266 vel
1248 4218 1292 4265 illo

193 4285 269 4333 veteri
281 4285 366 4333 codice
376 4282 517 4344 conscripti
528 4284 626 4330 fuerint.
655 4282 704 4329 Sed
715 4297 770 4331 cum
783 4290 927 4345 arguments
938 4290 963 4331 et
974 4283 1101 4345 dispositio
1111 4283 1219 4345 capitum
1231 4283 1292 4331 bene

193 4349 342 4398 convenient
353 4348 462 4409 subjecto
472 4348 498 4395 in
507 4347 649 4409 vulgaribus
657 4347 742 4404 MSS,
751 4362 862 4409 unusque
872 4348 1017 4397 eveteribns
1026 4349 1100 4397 MSS.
1111 4348 1196 4395 folium
1209 4348 1292 4401 deesse

166 4466 171 4473 ‚
193 4414 309 4471 intentur,
322 4424 348 4462 et
358 4412 448 4474 recepti
458 4413 551 4460 ordinis
564 4412 669 4460 mutatio
685 4412 855 4461 contusionem
873 4412 979 4473 aliquam
997 4413 1129 4461 lectoribus
1144 4412 1234 4473 pariat,
1245 4426 1291 4477 ego

192 4477 220 4528 in
231 4478 386 4541 antiquorum
398 4478 510 4527 codicum
520 4477 672 4527 ᾱὶωοιιαηιὶα
681 4478 808 4542 vulgarem
819 4476 1002 4539 dispositionem
1013 4484 1111 4528 secutus
1122 4492 1185 4529 sum.
1204 4478 1230 4527 S.
