3100 5125
503 309 667 375 GENTIS
690 309 966 374 ANGLORUM.
1242 316 1289 380 tt

187 462 386 545 computatio
409 462 576 547 octoginta
599 470 738 548 quatuor
762 485 919 527 annorum
949 463 1067 527 circulo
1097 462 1289 543 continetur.

148 564 180 599 20
189 547 253 610 Sed
272 555 306 611 et
325 548 389 611 alia
403 548 539 633 plurima
552 548 671 613 unitati
686 549 926 613 secclesiasticae
942 548 1104 612 contraria
1117 548 1288 614 faciebant.
1298 557 1409 633 sypodus

189 633 252 713 Qui
278 656 351 696 cum
375 633 471 718 longa
493 634 711 719 disputatione
736 634 858 712 habita,
882 656 984 719 neque
1006 635 1163 719 precibus,
1187 622 1440 719 nequeumtonum

188 718 409 795 hortamentis,
436 741 538 805 neque
564 719 834 805 increpationibus
860 719 1033 805 Augustini
1063 742 1101 783 ac
1130 720 1289 783 sociorum
1298 701 1386 746 ⁹⁰¹⁰*

188 805 257 887 ejus
271 826 435 868 assensum
450 806 592 890 praebere
606 806 788 881 volnissent,
805 806 860 869 scd
883 828 956 868 suas
974 805 1080 889 potius
1098 804 1288 871 traditiones

187 889 350 965 universis,
367 912 437 973 quae
452 912 510 974 per
527 892 636 954 orbem
656 891 716 954 sibi
733 890 766 953 in
783 890 911 954 Christo
926 890 1131 967 concordant,
1149 890 1289 955 ecclesiis

189 975 385 1057 praeferrent,
410 983 540 1039 sanctus
564 983 657 1061 pater
683 977 885 1061 Augustinus
910 977 994 1049 hunc
1018 975 1168 1039 laboriosi
1191 984 1289 1062 atque

188 1060 274 1144 longi
290 1061 473 1124 certaminis
487 1062 583 1125 finem
596 1062 683 1138 fecit,
699 1069 736 1125 ut
752 1062 892 1125 diceret:
912 1060 1099 1125 Obsecrcmcc
1114 1064 1223 1135 Daca,
1235 1062 1290 1146 qui

148 1144 326 1209 ²⁵ltoditcrc
347 1148 441 1230 tfacit
461 1148 618 1211 matrimes
639 1149 672 1209 ia
694 1148 779 1210 domo
797 1148 907 1210 Patris
928 1148 985 1222 sci,
1005 1157 1039 1209 ct
1060 1148 1122 1231 ipsc
1141 1146 1223 1210 cobis
1242 1149 1289 1211 ia-

188 1232 312 1295 nccare
331 1231 491 1295 ocioaldus
510 1234 605 1318 tipicis
624 1232 773 1317 dipactcr,
788 1256 855 1316 qtae
869 1233 1015 1316 amatodo
1031 1233 1168 1307 traditio,
1182 1231 1290 1317 quibus

187 1318 228 1379 rit
249 1318 309 1381 ciis
332 1318 378 1380 cd
404 1319 568 1403 inpressam
596 1320 683 1403 rapui
711 1318 797 1381 illias
818 1319 1057 1401 properandum.
1103 1318 1290 1381 Addacctcr

188 1402 303 1486 aliquas
321 1424 413 1485 caper,
432 1414 460 1466 et
475 1426 536 1487 per
557 1403 642 1485 cajus
663 1426 764 1488 proces
777 1403 880 1485 faerit
902 1413 1034 1473 curetas.
1057 1402 1146 1484 liujus
1158 1404 1240 1485 fidas
1261 1414 1290 1467 ct

188 1488 321 1570 operatio
346 1490 411 1551 Deo
436 1489 541 1551 denota
565 1499 654 1573 atquc
675 1487 810 1551 omnibus
830 1489 979 1573 scqacadc
1000 1488 1150 1552 credatur.
1196 1489 1288 1569 Quod

189 1594 261 1635 cum
275 1574 448 1637 adversarii
463 1574 554 1638 inviti
569 1574 645 1638 licet
664 1575 884 1651 concederent,
900 1574 1016 1637 allatus
1033 1583 1083 1636 est
1102 1574 1233 1658 quidam
1248 1574 1288 1638 de

146 1674 302 1805 figerere
316 1659 503 1743 Anglorum,
519 1660 682 1724 oculorum
702 1660 773 1723 luce
794 1659 958 1742 privatus:
991 1658 1044 1742 qui
1067 1681 1140 1721 cum
1161 1659 1288 1723 oblatus

218 1742 374 1807 rittonum
396 1746 624 1819 sacerdotibus,
647 1745 691 1807 nil
713 1744 888 1809 curationis
907 1744 955 1807 vel
976 1743 1151 1808 sanationis
1172 1746 1287 1807 horum
1378 1777 1384 1781 ·

188 1828 364 1894 ministerio
386 1831 584 1916 perciperet;
608 1831 740 1894 taudem
765 1830 963 1915 Augustinus
986 1830 1074 1912 justa
1095 1829 1286 1893 necessitate

188 1916 376 2000 compulsus,
392 1916 495 1980 flectit
516 1939 621 2001 genua
642 1939 700 1979 sua
721 1917 764 1979 ad
787 1916 919 1979 Patrem
938 1914 1067 1978 Domini
1089 1915 1191 1979 nostri
1206 1915 1228 1977 J
1231 1938 1286 1979 esu

188 2000 317 2078 Christi,
334 2002 508 2087 deprecans
522 2010 560 2065 ut
581 2002 683 2066 visum
698 2024 793 2078 caeco,
810 2024 904 2085 quem
918 2000 1284 2077 amiseratfrestitucret,

187 2092 221 2149 ct
239 2108 297 2171 per
313 2086 574 2151 illuminationem
593 2087 687 2151 unius
708 2086 844 2150 hominis
867 2086 1071 2170 corporalem,
1088 2085 1120 2147 in
1138 2086 1286 2170 plurimo·

187 2192 259 2233 rum
288 2174 407 2236 ucorde
435 2173 576 2237 fidelium
605 2172 757 2258 spiritalis
786 2172 943 2257 xgratiam
977 2171 1057 2235 lucis
1087 2173 1285 2236 accenderet.

146 2275 178 2323 35
188 2256 256 2321 Nec
271 2279 369 2335 mora,
385 2258 580 2323 illuminatur
595 2281 707 2336 caccus,
723 2281 762 2321 ac
777 2279 870 2321 verus
885 2278 1015 2320 summac
1029 2256 1109 2319 lucis
1124 2279 1229 2341 praeco
1244 2258 1286 2320 ab

188 2342 333 2406 omnibus
352 2344 547 2428 praedicatur
561 2344 772 2428 Augustinus.
818 2344 900 2405 Tum
915 2342 1078 2405 Brittones
1093 2343 1286 2406 confitentur

187 2428 315 2512 quidem
332 2428 523 2492 intellexisse
542 2452 699 2494 severam
718 2451 787 2492 esse
802 2428 885 2491 viam
903 2427 1038 2511 justitiae
1059 2450 1154 2511 quam
1173 2427 1286 2512 praedi·

187 2520 277 2577 caret
293 2514 513 2599 Augustinus:
538 2515 593 2578 sed
610 2536 674 2578 uon
689 2537 723 2579 se
737 2535 830 2600 posse
847 2514 905 2578 abs
928 2535 967 2576 ue
985 2535 1113 2576 suorum
1131 2534 1285 2578 consensu

186 2621 225 2662 ac
247 2599 376 2664 licentia
398 2601 511 2684 priscis
532 2601 683 2665 abdicare
705 2599 854 2663 moribus.
901 2536 997 2662 Vnde
1019 2600 1226 2683 postulabant
1249 2606 1286 2662 ut

188 2686 346 2747 necundo
360 2686 499 2770 synodus
512 2686 655 2770 pluribus
669 2685 910 2750 advenientibus
924 2685 1025 2748 fieret.

146 2782 180 2826 40
232 2770 325 2849 Quod
347 2794 419 2834 cum
439 2779 523 2835 esset
544 2778 712 2848 statutum,
728 2777 891 2846 venerunt,
912 2782 949 2832 ut
970 2769 1147 2853 perhibent,
1164 2776 1286 2854 septem

138 2845 181 2908 30
190 2855 374 2919 Brittonum
389 2857 530 2941 episcopi
546 2865 579 2919 et
593 2857 698 2941 plures
714 2856 772 2920 viri
788 2855 970 2931 doctissimi,
986 2855 1123 2918 maxime
1137 2855 1177 2918 de
1197 2854 1285 2918 nobi-

188 2941 305 3004 lissimo
329 2964 437 3005 eorum
466 2943 668 3019 monasterio,
698 2943 783 3025 quod
813 2947 946 3003 vocatur
974 2940 1081 3025 lingua
1108 2941 1286 3025 Anglorum

187 3026 436 3112 Bcacoracbcrffi
458 3027 509 3091 cni
532 3035 675 3113 tempore
695 3027 747 3089 illo
764 3026 904 3089 zDinoot
922 3027 1022 3112 abbas
1036 3025 1199 3110 praefuisse
1214 3048 1285 3090 nar-

220 3220 232 3249 ῦ
243 3213 349 3257 ecclesie
360 3210 390 3258 V.
488 3211 570 3271 tsecit
580 3212 610 3257 V.
702 3222 716 3250 u
728 3211 840 3258 caditur
851 3211 914 3258 vn.
1005 3221 1020 3250 ¹
1031 3212 1124 3270 gratie
1135 3211 1214 3256 lucem
1222 3209 1283 3256 V.G.

187 3276 322 3323 saecunda
335 3275 364 3321 V.
496 3286 509 3314 Ζ
521 3278 631 3323 Diacotb
643 3275 671 3322 V.

220 3459 260 3503 40.
271 3447 373 3506 septem]
389 3447 426 3493 Ad
443 3448 506 3494 liuuc
524 3461 652 3494 numerum
670 3446 838 3507 cpiscoporum
859 3460 906 3491 non
918 3446 1005 3492 desunt
1022 3450 1134 3492 arrctores
1148 3443 1173 3491 in
1189 3443 1287 3492 sedibus

188 3511 308 3572 aptandis.
343 3513 476 3558 Lbcaduv.
488 3511 540 3559 sive
552 3512 625 3566 Tea,
636 3526 689 3572 quae
700 3517 725 3557 et
737 3511 914 3570 Morganmsa
930 3516 967 3558 est
983 3525 997 3555 a
1011 3509 1148 3567 comitatu;
1164 3509 1286 3570 aAsaplr,

188 3579 240 3624 sire
252 3573 422 3626 stan-Eat·
442 3592 461 3622 r.
472 3577 589 3629 Poterat,
601 3590 664 3622 coru.
677 3574 810 3636 Cardigan,
823 3582 907 3635 postea
921 3574 946 3620 in
959 3575 1015 3622 sede
1027 3574 1168 3620 Menedemi
1178 3572 1284 3630 inclusa,

187 3642 311 3702 Baagm
335 3641 417 3688 Ccetre
423 3661 432 3692 ‚s
453 3641 522 3688 Hea-
535 3641 587 3687 sive
600 3640 740 3700 Here-sord
746 3661 755 3692 ;
775 3637 896 3686 Wt'ccior-
906 3638 958 3686 sive
970 3637 1095 3698 Wigorn,⁸
1113 3637 1152 3684 his
1164 3637 1219 3684 addi
1231 3651 1286 3696 pos·

186 3713 242 3752 sent
259 3707 286 3754 S.
301 3705 382 3764 Ketia,
399 3714 425 3751 et
445 3706 594 3761 Gumtoain,
612 3704 777 3750 vetustissima
794 3705 856 3762 loca,
874 3703 894 3750 si
911 3703 972 3750 citra
989 3702 1118 3750 Sabrinam
1136 3700 1218 3762 vagari
1240 3715 1284 3748 no-

186 3770 276 3817 lumus.
309 3771 363 3816 lmo
380 3771 405 3815 in
419 3776 456 3816 tot
472 3769 590 3829 catalogis
604 3784 649 3815 cur
664 3784 712 3815 non
727 3769 835 3815 ridemus
851 3775 953 3815 matrem
966 3767 1075 3813 cranium
1092 3765 1284 3824 Cccrlcgioaem,

186 3850 240 3894 qua
259 3841 343 3894 postea
363 3833 502 3880 Meneclem
521 3835 638 3880 secessit?
675 3833 754 3892 Hujus
775 3833 840 3880 sedis
858 3833 982 3892 episcopus
1001 3845 1051 3878 nou
1069 3829 1175 3877 adfuisse
1196 3829 1286 3875 dicitur

186 3900 280 3960 synodo
297 3898 491 3958 Angustiuianae,
508 3912 598 3944 cavens
614 3898 708 3945 scilicet
719 3897 770 3956 juri
787 3911 831 3944 suo
848 3895 1035 3956 metropolitico.
1067 3895 1100 3941 Et
1107 3893 1175 3954 justa
1185 3893 1284 3953 quidem

186 3963 250 4010 ratio
269 3964 312 4010 ills
329 3961 445 4009 absentiae
465 3969 537 4022 essct,
554 3962 596 4008 sed
610 3963 679 4022 juata
695 3964 769 4008 ctiam
789 3961 929 4020 presentia.
963 3959 1030 4006 Nihil
1047 3958 1122 4018 igitur
1140 3958 1171 4004 de
1190 3957 1235 4004 hac
1257 3971 1284 4004 rc

187 4027 263 4087 Beda,
275 4042 320 4074 nec
331 4027 388 4072 inde
400 4025 492 4084 aliquid
505 4026 681 4073 observandum
695 4033 762 4085 prato,
772 4025 820 4072 nisi
828 4024 892 4084 quod
904 4023 1012 4070 historici
1024 4023 1178 4083 sequentium
1190 4027 1284 4081 tempo.

186 4107 251 4151 rum,
262 4099 354 4153 septem
366 4091 492 4150 episcopos
503 4098 590 4150 praeter
602 4089 815 4150 metropolitanum
828 4097 933 4135 statuere
945 4086 1083 4133 voluerunt.
1101 4087 1127 4132 S.

221 4171 244 4203 2.
257 4154 468 4214 Baarorncburg]
482 4155 518 4200 Ad
530 4157 627 4201 Decem
638 4154 740 4201 fluvium
754 4167 802 4199 non
816 4153 898 4213 procul
910 4168 925 4199 a
937 4150 1041 4203 Cestria.
1051 4150 1124 4210 vulgo
1134 4150 1241 4209 Bangor
1252 4152 1284 4197 is-

184 4221 291 4281 y-Cced,
309 4220 326 4265 i.
340 4232 363 4265 e.
383 4218 466 4265 subter
484 4219 588 4280 sylvam,
606 4226 634 4265 ut
652 4217 816 4279 distinguatur
836 4233 850 4263 a
871 4217 972 4277 Bangor
987 4216 1017 4262 ad
1035 4216 1122 4262 Menai
1138 4215 1175 4260 vel
1193 4214 1286 4262 Meam
1332 4225 1338 4241 ⁸

186 4286 285 4343 fretum,
298 4283 339 4330 ubi
349 4283 419 4330 sedes
430 4283 573 4343 episcopalis
583 4289 628 4331 cst.
653 4282 797 4330 Monasterii
810 4280 989 4329 bancornensis
1000 4279 1082 4340 ampla
1092 4286 1211 4327 memorat
1226 4279 1284 4326 Gal.

186 4350 315 4396 Mclmerb.
332 4348 358 4393 io
376 4361 420 4392 sua
436 4354 507 4394 oetate
517 4346 631 4406 vestigia,
643 4361 698 4406 quse
708 4348 784 4394 ferme
801 4352 960 4394 evanuerunt.
993 4344 1106 4404 Suspicor
1120 4351 1203 4391 tamen
1220 4344 1284 4391 barad

187 4413 316 4460 minimam
333 4425 418 4459 eornm
436 4419 528 4471 partem
541 4411 629 4458 veteris
640 4411 717 4458 Bonir'
727 4411 812 4469 fuisse,
824 4426 837 4458 e
850 4410 957 4458 nammis
970 4409 1088 4457 Romanis
1104 4409 1138 4456 ibi
1156 4409 1239 4456 erutis.
1257 4409 1282 4456 S.

187 4477 259 4524 conf.
272 4477 356 4524 Usser.
370 4476 430 4522 Brit.
444 4476 509 4524 Eccl.
522 4475 604 4535 Autiq.
617 4475 650 4522 vi.
663 4491 686 4536 p.
696 4474 737 4538 69.
