3100 5125
260 291 321 356 ne
581 288 818 352 merosum
842 287 1019 353 nocuus.
1306 283 1381 350 111.
1397 303 1453 370 23.

257 443 396 519 mitibus,
417 441 571 505 inlicitum
594 441 784 525 conjugium,
801 441 887 524 quod
907 461 981 504 cum
1002 439 1166 524 episcopus
1188 438 1384 522 prohibere'

258 534 291 591 et
306 527 463 612 corrigere
478 549 542 591 non
556 532 676 610 posset,
690 525 976 589 excommunicavit
996 547 1079 601 eum,
1094 532 1193 608 atque
1210 524 1365 587 omnibus
1377 545 1411 594 ²5

259 613 312 697 qui
327 635 361 676 sc
376 612 485 676 audire
500 611 615 676 vellent
629 612 783 696 praeoepit
796 633 839 674 ne
853 611 981 673 domum
995 611 1063 693 ejus
1077 610 1238 674 intrarent
1255 631 1364 694 neque

259 699 299 762 de
314 698 391 762 cibis
405 697 487 761 illius
502 697 692 781 acciperent.
730 696 930 780 Contempsit
944 702 1053 759 autem
1067 709 1141 759 sreu
1151 702 1362 780 praeceptum,

225 837 245 868 „
259 790 292 848 et
307 790 438 868 rogatus
453 806 473 847 a
487 783 612 860 comite,
628 783 760 846 intravit
774 782 958 866 epulaturus
972 782 1101 844 domum
1118 782 1203 865 ejus:
1220 781 1364 864 quicum

258 869 397 946 abiisset,
414 869 554 933 obviavit
577 869 606 932 ei
627 869 772 932 antistes.
818 868 867 930 At
888 889 946 930 rex
963 866 1090 930 intuens
1107 888 1189 944 eum,
1205 888 1280 930 mox
1295 872 1364 930 tre-

258 955 413 1018 mefactus
436 954 562 1018 desiluit
583 957 691 1038 iequo,
715 953 891 1036 ceciditque
912 960 989 1016 aute
1013 953 1110 1037 pedes
1135 953 1212 1036 ejus,
1235 953 1364 1016 veniam

258 1047 366 1104 reatus
380 1040 555 1124 postulans.
601 1039 684 1103 Nam
699 1046 732 1103 et
747 1039 911 1122 episcopus
924 1038 1048 1123 pariter
1061 1037 1206 1102 desiluit:
1230 1039 1362 1102 sederat

259 1125 343 1189 enim
365 1132 398 1188 et
419 1125 486 1209 ipse
508 1125 541 1187 in
561 1146 651 1208 equo.
697 1125 807 1188 Iratus
820 1131 929 1187 autem
943 1123 1053 1209 tetigit
1071 1145 1179 1208 regem
1196 1125 1362 1207 jacentem
1371 1142 1408 1190 30

259 1211 348 1295 virga
373 1233 468 1294 quam
491 1211 622 1274 tenebat
648 1231 752 1286 manu,
777 1216 812 1273 et
840 1209 1014 1293 pontificali
1043 1209 1237 1273 auctoritate
1267 1223 1361 1356 1:ppo-

259 1303 417 1360 testatus:
444 1296 523 1360 Dico
545 1294 610 1373 tili,
634 1295 746 1379 inquit,
771 1296 846 1379 quio
868 1294 992 1358 noluisti
1014 1303 1041 1358 to
1064 1295 1210 1357 waliam
1232 1316 1253 1356 c
1315 1315 1363 1358 mo

257 1381 375 1466 perditi
387 1391 414 1444 ct
428 1381 567 1444 damnati
581 1379 674 1459 illias,
690 1391 723 1444 tc
737 1381 771 1442 in
785 1381 855 1466 epea
869 1379 954 1442 donce
967 1381 1046 1442 mori
1064 1378 1161 1443 teba.
1208 1379 1273 1442 Sed
1293 1401 1362 1443 cre-

261 1467 399 1530 dendum
423 1472 472 1530 est
495 1466 571 1550 quia
596 1466 670 1529 talis
693 1487 779 1540 mors
801 1465 859 1528 viri
884 1464 1023 1549 religiosi
1047 1487 1112 1529 non
1137 1464 1240 1528 solum
1262 1465 1363 1528 talem

261 1552 385 1636 culpam
400 1552 535 1629 diluerit,
552 1551 720 1615 sedetiam
734 1551 884 1615 meritum
898 1551 966 1634 ejus
983 1549 1131 1614 auxerit:
1154 1550 1250 1633 '‘quia
1270 1549 1365 1612 nime

260 1659 333 1700 rum
354 1639 395 1701 ob
418 1660 547 1702 causam
568 1637 708 1721 pictatis,
725 1636 801 1720 quia
820 1642 954 1722 propter
975 1636 1211 1700 observantiam
1229 1637 1363 1700 maude-

261 1731 368 1788 torum
383 1723 503 1788 Christi
517 1722 660 1808 contigit.
1371 1735 1407 1786 ³⁵

98 1829 223 1878 Suiduelm
233 1843 252 1876 r.
306 1809 465 1874 Successit
483 1815 591 1873 autem
608 1807 775 1893 Sigbercto
795 1806 828 1869 in
848 1828 982 1892 regnum
997 1806 1168 1882 Suidhelm,
1184 1806 1268 1869 filius
1283 1807 1362 1870 Sex-

99 1896 143 1942 or.
156 1894 212 1953 Sar.
261 1894 356 1970 baldi,
373 1894 426 1978 qui
441 1894 623 1978 baptizatus
645 1900 695 1957 est
717 1895 758 1956 ab
774 1893 842 1976 ipso
858 1894 965 1957 Oedde
984 1892 1018 1955 in
1038 1892 1200 1977 provincia
1215 1891 1363 1956 Orienta-

100 1982 223 2030 Renclss.
260 1979 337 2042 lium
352 1979 538 2063 Auglorum,
555 1979 588 2040 in
602 1978 672 2042 vico
691 1978 780 2063 regio
799 1978 853 2062 qui
868 1979 985 2042 dieitur
999 1978 1231 2053 Rendlaesham,
1247 1977 1281 2040 id
1301 1984 1361 2054 est,

99 2047 164 2094 uam.
262 2063 390 2127 Mansio
420 2063 569 2137 Reudili;
609 2063 808 2148 suscepitque
843 2087 915 2127 eum
949 2064 1175 2129 ascendentem
1203 2064 1244 2126 de
1272 2063 1363 2126 sonte

260 2155 371 2213 sancto
395 2147 558 2211 AEdilvald
588 2171 645 2212 rex
674 2149 771 2233 ipsius
800 2149 906 2235 gentis
935 2149 1145 2213 Orientalium
1170 2148 1361 2234 Anglorum,

166 2249 169 2254 '
259 2233 361 2299 frater
375 2233 490 2297 ranna
505 2233 588 2319 regis
602 2234 795 2298 eorumdem.

674 2435 782 2500 OAP.
806 2433 947 2498 XXIII.

265 2557 303 2615 Ut
323 2558 392 2615 idem
413 2560 550 2634 episcopus
573 2557 646 2615 Gedcl
666 2556 752 2613 locum
772 2557 927 2613 monasterii
952 2556 1122 2613 construendi
1146 2554 1179 2613 ab
1206 2555 1364 2613 Oidilvoldo

302 2659 523 2795 iiiiuliisiicim’
538 2638 704 2697 orationibus
724 2656 757 2693 ce
770 2638 888 2710 ja'cniic
904 2638 1021 2694 Domino
1043 2638 1260 2703 consecraverim
1282 2644 1309 2693 et
1331 2638 1365 2693 de

101 2837 252 2885 Oidilvaldr-
328 2829 464 2893 Semnan
487 2835 596 2893 autem
621 2828 705 2891 idem
728 2827 777 2890 vir
801 2818 938 2904 Domini,
966 2850 1039 2891 cum
1067 2829 1155 2911 apud
1182 2827 1364 2892 Orientales

102 2905 199 2993 ponor.
211 2916 254 2949 vo.
263 2914 405 2979 Saxones
419 2914 622 2998 episcopatus
640 2914 742 2977 officio
756 2912 952 2997 fungeretur,
969 2914 1084 2996 saepius
1099 2913 1198 2977 etiam
1213 2935 1313 2990 suam,
1329 2913 1361 2976 id
1372 2921 1405 2971 45

101 2976 148 3015 *ei
163 2980 228 3014 mon.
262 3005 320 3076 est,
334 2999 670 3081 Nordanhymbrorum
681 2998 875 3083 provinciam
890 2998 1080 3062 exhortandi
1094 2998 1200 3083 gratia
1210 2999 1361 3062 revisere:

263 3106 356 3169 quem
380 3106 451 3146 cum
475 3083 631 3147 Oidilvald
655 3084 739 3147 filius
766 3084 897 3147 Osualdi
922 3084 1015 3168 regis,
1046 3084 1100 3167 qui
1130 3084 1162 3146 in
1192 3084 1363 3147 Deirorum

262 3169 408 3255 partibus
426 3190 558 3253 regnum
578 3170 726 3245 habebat,
743 3169 845 3233 virum
865 3175 1013 3233 sanetum
1030 3177 1064 3233 et
1086 3170 1271 3253 sapientem,
1291 3191 1363 3254 pro-
1382 3165 1445 3231 128

262 3256 400 3338 bumque
420 3254 560 3317 moribus
579 3256 710 3331 videret,
730 3254 904 3339 postulavit
925 3277 998 3318 eum
1018 3255 1250 3338 possessionem
1266 3262 1364 3319 terrae

263 3340 401 3424 aliquam
422 3362 443 3405 a
461 3361 495 3403 se
514 3341 557 3405 ad
576 3340 824 3404 construendum
837 3340 1065 3404 monasterium
1084 3340 1235 3423 accipere,
1251 3340 1284 3404 in
1300 3363 1366 3426 quo

298 3495 364 3538 stoc
375 3508 421 3539 res
432 3492 493 3539 V.G.
609 3494 660 3539 tde
672 3508 731 3554 equo
743 3492 805 3539 V.G.
921 3504 938 3532 ¹1
944 3499 1087 3555 protestans
1100 3494 1129 3540 V.
1244 3504 1259 3532 x
1269 3509 1322 3555 qua
1334 3495 1365 3542 V.

266 3566 280 3605 Υ
294 3556 372 3603 rinna
382 3556 444 3603 V.G.

301 3696 338 3747 37.
354 3686 518 3735 Orientalium
531 3688 681 3748 Aeginam]
699 3689 726 3735 In
740 3688 784 3735 hac
799 3688 875 3749 igitur
886 3703 911 3735 re
923 3688 1004 3736 Cedde
1019 3687 1099 3735 officio
1115 3702 1160 3734 suc
1172 3688 1271 3737 functus
1285 3697 1324 3737 est
1340 3689 1368 3737 in

266 3751 328 3799 ellus
340 3752 446 3812 epIscopi
457 3753 598 3811 provincin3
616 3750 710 3798 scilicet
723 3751 851 3799 Bonifncii
874 3752 929 3799 Vid.
943 3767 1008 3812 supr.
1020 3765 1058 3800 20.

297 3815 338 3873 38.
352 3816 536 3877 Rendlaerkam]
551 3815 654 3863 Vieulus
665 3816 717 3877 agri
731 3816 830 3863 Suffolc.
844 3817 874 3863 ad
886 3816 972 3863 Deberi
985 3817 1009 3863 fl.
1022 3817 1046 3864 S.
1081 3817 1217 3873 Cambden,
1231 3834 1253 3878 p.
1263 3830 1320 3879 445.

298 3893 338 3939 45.
350 3880 432 3939 suam]
450 3880 545 3940 Duplex
557 3879 629 3927 officii
643 3880 767 3941 provincia
779 3881 918 3940 ambiguam
937 3882 1025 3928 Ceddae
1036 3882 1110 3928 etiem
1124 3882 1232 3929 Patriam
1246 3883 1368 3941 reddidit,

266 3944 364 4003 quidam
377 3945 402 3990 in
416 3959 475 4005 agro
486 3945 647 4001 Eburarensi,
660 3945 758 4005 quidam
772 3944 906 3992 Londoniae
922 3951 1008 3993 natum
1020 3946 1214 4001 valueruntne
1230 3961 1286 3994 cum
1299 3947 1368 3994 Beda

266 4008 305 4055 liic
317 4008 403 4055 Ceddae
421 4009 572 4069 provinciam
587 4010 644 4057 deta
658 4023 732 4069 opera
749 4010 864 4066 declaret,
876 4025 958 4065 mam,
970 4010 1090 4071 inquiens,
1101 4012 1130 4057 id
1139 4017 1175 4057 est
1187 4012 1368 4071 Nordantym·

266 4072 374 4146 horarii,
387 4087 471 4133 perum
484 4074 579 4121 videtur
595 4074 662 4121 dubii
679 4074 748 4135 cujus
762 4074 869 4135 regionis
881 4075 997 4135 indIgene
1012 4074 1093 4122 fuerit.
1113 4074 1137 4122 S.
1172 4075 1244 4122 Cous.
1262 4075 1320 4123 lnfr.
1335 4076 1368 4123 sd

268 4151 299 4181 iv.
310 4148 335 4194 3.

305 4215 322 4246 i.
335 4214 441 4259 regnum
453 4200 569 4261 habebat]
584 4201 619 4247 M.
632 4202 707 4249 West.
721 4201 745 4248 in
760 4216 804 4248 sno
818 4217 901 4263 regum
914 4203 1007 4250 Nordh.
1020 4204 1133 4265 catalogo
1149 4204 1220 4264 hujus
1231 4203 1367 4251 Oidilunldi

267 4276 317 4309 non
331 4264 452 4319 meminit,
466 4265 651 4325 proevnlescente
663 4266 741 4313 Osuiu
759 4266 824 4326 regis
840 4267 942 4327 imperio
954 4268 1014 4314 adeo
1025 4268 1076 4314 fere
1086 4269 1194 4315 extincta
1209 4276 1248 4316 est
1264 4268 1369 4316 minorita

267 4333 389 4388 potestas;
408 4328 481 4375 fuisse
494 4336 575 4375 tamen
587 4344 668 4389 regem
684 4337 709 4377 et
726 4329 854 4389 rangirinis
869 4330 1047 4392 propinquitas,
1060 4339 1085 4378 et
1100 4333 1242 4379 monasterii
1253 4333 1368 4380 t'rrudmIo

266 4391 395 4504 prpttitulgi
408 4392 474 4454 regio
486 4392 545 4441 satis
557 4394 660 4454 probant
672 4412 677 4440 :
698 4394 761 4441 unde
773 4394 809 4440 illi
822 4402 847 4441 et
858 4408 947 4443 nomen
959 4402 984 4443 et
990 4394 1033 4457 jus
1044 4395 1109 4457 regis
1120 4396 1207 4445 merito
1219 4412 1234 4444 c
1247 4397 1314 4444 Beda
1323 4397 1369 4445 tri-

284 4471 307 4503 u1
321 4471 356 4503 ur.
395 4488 400 4500 .
