3100 5125
248 352 315 417 stt
358 347 499 416 EPIS'l'.
523 348 587 415 ΑΙ)
610 342 919 415 EOGBERGTUM
942 338 1239 412 Aurlsruutt.

249 510 284 567 et
309 497 510 587 Sepphiram
532 502 571 565 de
594 502 708 586 quibus
730 502 944 586 praediximus‚
966 504 1196 567 monachorum
1217 495 1358 585 collegio

249 588 397 673 indignos
418 588 515 652 etiam
536 588 678 672 corporis
698 595 802 651 morte
824 587 997 663 mulctavit,
1014 594 1057 665 ct,
1073 595 1111 651 ut
1124 588 1167 651 nd
1184 586 1356 671 superiora

251 674 421 749 cenamus,
436 674 504 737 baec
518 695 539 737 a
600 672 648 736 los
661 696 682 737 n
695 672 777 737 coelo
792 672 916 757 dejecit,
931 680 966 737 et
980 674 1195 758 protoplastos
1209 694 1231 735 a
1246 672 1349 734 Para

251 756 320 822 diso
341 766 503 843 perpetua
523 694 600 822 viii(5

574 759 695 842 uptotis
717 758 857 842 expulit:
882 764 916 822 ct
937 759 963 821 si
984 781 1076 822 nosse
1091 757 1146 834 vis,
1162 758 1214 820 hic
1229 763 1280 820 est
1294 756 1349 819 ille

250 843 367 928 triceps
390 843 563 907 inferorum
582 844 680 920 conis,
703 843 754 907 cui
775 844 891 907 inbulae
914 843 1043 907 Ocrberi
1069 864 1184 906 nomen
1205 840 1349 905 qindide-

250 936 335 1005 mut,
349 950 371 992 a
391 927 482 1013 cujus
503 928 623 992 rabidis
642 929 791 993 dentibus
813 950 871 992 nos
893 929 1064 1013 prohibens
1084 922 1108 991 J
1110 929 1251 991 ohannes
1272 948 1349 1009 apo-

250 1013 351 1077 stolus
365 1013 430 1077 ait:
456 1014 647 1091 discessiset,
661 1014 751 1077 nolite
764 1014 891 1099 (timere
905 1014 1060 1091 mundent,
1075 1036 1168 1098 neque
1182 1035 1218 1076 ec
1232 1034 1300 1096 qun
1313 1012 1350 1074 in
1359 1027 1401 1074 30

249 1098 361 1162 mundo
373 1109 451 1163 cunt
495 1100 535 1163 ui
547 1100 616 1183 qccis
629 1100 732 1183 diiipit
744 1100 901 1174 minnan
916 1120 975 1162 non
989 1110 1031 1163 cst
1044 1100 1178 1163 claritas
1189 1098 1301 1161 Patris
1314 1097 1351 1159 in

248 1205 292 1248 eo.
339 1184 489 1263 Quoniam
511 1206 595 1247 omns
619 1184 700 1268 qnod
720 1185 755 1247 in
774 1185 887 1247 mentm
909 1194 959 1261 cst,
983 1186 1220 1269 menomenas
1245 1183 1352 1245 cannis

248 1269 595 1354 andwerpiensem
613 1270 766 1333 oculorum
788 1279 816 1333 ct
836 1268 977 1351 inpacta
998 1270 1078 1347 nites,
1094 1292 1161 1354 qun
1180 1290 1239 1332 non
1258 1276 1353 1330 eston

249 1355 359 1430 Patro,
372 1355 427 1419 ssd
442 1377 479 1417 sn
492 1356 603 1418 mundo
618 1365 667 1418 ost.
713 1354 795 1419 Haec
810 1360 924 1419 contra
945 1354 1031 1418 virus
1052 1354 1194 1419 avarities
1209 1354 1354 1417 breviter

249 1446 326 1503 srmt
339 1440 437 1503 dicta.
475 1440 635 1503 (laeterum
649 1441 676 1503 si
690 1440 732 1503 de
745 1440 910 1516 ebrietate,
926 1440 1196 1517 commessatione,
1211 1438 1349 1513 luxuria,
1359 1452 1395 1501 ss

187 1588 199 1601 ‚
250 1530 284 1587 et
314 1524 439 1588 coetsris
471 1524 650 1608 hujusmodi
682 1525 924 1610 contagionibus
951 1526 1021 1609 pari
1049 1526 1173 1589 ratione
1205 1530 1351 1588 tractare

249 1608 449 1686 voluerimus,
463 1610 606 1695 epistola
621 1611 734 1673 modus
749 1610 781 1672 in
795 1610 983 1673 immensum
996 1611 1231 1674 extenderetur.

294 1694 409 1758 Gratia
436 1695 477 1757 dc
505 1696 619 1758 summi
645 1696 791 1759 Pastoris
815 1696 857 1757 ad
886 1695 1064 1779 pastionem
1089 1696 1193 1758 ovium
1218 1714 1350 1756 suenrm

250 1779 446 1843 salutiferam
474 1788 628 1865 perpetuo
655 1787 822 1844 conservet
853 1781 1049 1857 incolumem,
1079 1779 1283 1844 dilectissime
1315 1778 1349 1838 in

250 1864 379 1931 Christo
393 1865 555 1931 antistesf.
598 1869 708 1930 Amen.

282 2028 437 2090 emant
449 2026 479 2075 V.
555 2028 689 2075 ‘metim
711 2027 812 2089 Scripta
822 2041 880 2074 non.
893 2026 1025 2075 Noveratr.
1037 2026 1172 2075 annena
1182 2028 1259 2073 imin
1270 2025 1300 2073 V.

283 2168 324 2221 29.
334 2156 473 2217 donnana]
493 2157 519 2204 ii.
532 2156 609 2219 Epist.
621 2156 647 2205 ii.
659 2170 695 2218 15.

282 2232 323 2281 37.
336 2221 371 2281 tc]
393 2222 442 2269 liic
461 2220 582 2281 Ecgberct
600 2222 658 2280 fuit,
674 2228 704 2269 nt
722 2220 807 2269 scribit
827 2220 925 2268 Mslms.
942 2220 973 2267 de
989 2220 1067 2281 Regg.
1078 2220 1096 2267 i.
1107 2230 1131 2279 3,
1147 2218 1182 2281 [p.
1196 2218 1246 2279 tp]
1271 2218 1350 2267 freter

250 2284 380 2335 Esdbercti
392 2285 456 2345 regis
467 2286 737 2348 Nordcnbymbrornm.
771 2287 822 2333 Iste
838 2286 863 2331 in
881 2284 987 2333 infantis
1002 2290 1096 2344 apstrc
1107 2284 1176 2331 unte
1187 2284 1213 2329 in
1225 2292 1351 2332 monaste·

249 2350 314 2397 rium
331 2348 435 2397 unditus
452 2349 539 2397 fuerat.
573 2350 622 2411 Qui
640 2350 784 2411 provectiori
802 2357 872 2397 {etate
889 2364 943 2395 cum
962 2349 1037 2397 fratre
1047 2348 1158 2409 Ecgredo
1170 2349 1274 2395 Romam
1290 2363 1347 2408 prc-

250 2414 338 2470 tectns,
349 2412 494 2460 diaconatus
505 2414 607 2474 gradum
619 2415 735 2474 suscepit,
743 2423 888 2475 mortuoque
899 2413 932 2459 ibi
946 2412 1020 2460 fratre
1032 2414 1136 2473 petriam
1149 2427 1266 2459 reversus.
1283 2413 1347 2460 Sim.

249 2478 319 2526 Dun.
330 2478 361 2525 de
371 2476 488 2525 Dunelm.
500 2478 565 2526 Eccl.
579 2478 606 2525 ii.
619 2490 641 2539 3.
675 2478 715 2525 De
726 2479 806 2540 primo
822 2492 887 2525 snno
901 2474 953 2537 ejus
964 2477 1124 2537 episcopatus
1137 2478 1267 2536 scriptores
1278 2476 1348 2523 diffe-

250 2549 316 2592 runt.
353 2542 383 2590 ln
399 2542 445 2590 bsc
459 2556 519 2590 vero
535 2540 679 2592 condicione
695 2556 775 2590 annus
788 2552 844 2604 732,
861 2556 934 2603 quern
951 2538 1108 2590 manduntur
1125 2541 1203 2590 Baedae
1220 2541 1350 2602 Epitornes

249 2607 328 2668 eligit,
341 2607 400 2654 mihi
410 2609 518 2655 maxime
530 2609 635 2665 arridet3
651 2613 748 2655 constat
758 2608 823 2654 enirn
840 2622 870 2654 ex
882 2607 987 2668 Alcnino
998 2605 1127 2666 Ecgbercti
1144 2605 1216 2667 hujus
1227 2606 1350 2667 discipulo

248 2685 307 2719 eum
320 2670 446 2731 praesulem
458 2672 533 2719 fuisse
544 2679 601 2719 ente
611 2671 706 2719 obitum
721 2672 807 2728 Boedae,
820 2671 862 2733 qui
875 2670 1033 2732 proculdubio
1044 2671 1173 2718 defunctus
1187 2677 1225 2717 est
1236 2685 1275 2716 nn.
1289 2681 1348 2731 734.

250 2735 350 2783 Alcnin.
360 2735 390 2782 de
401 2738 470 2784 Pont.
483 2736 556 2783 Ebot.
570 2737 635 2796 apud
645 2736 728 2797 script.
740 2752 781 2783 xv.
793 2751 817 2796 p.
830 2734 886 2796 726.
920 2734 950 2781 In
962 2735 1046 2782 eodem
1064 2735 1174 2782 carmine
1188 2735 1261 2781 etiem
1282 2735 1349 2781 idem

249 2799 372 2848 Alcninns
381 2801 423 2861 qui
434 2800 570 2861 Ecglterctc
581 2801 695 2848 morienti
711 2800 800 2856 edicit,
812 2807 837 2848 ct
847 2813 918 2860 quern
937 2800 1010 2858 paulo
1027 2804 1084 2846 ante
1100 2807 1203 2848 mortem
1215 2799 1349 2848 diaconum

251 2870 443 2924 consecraverat,
455 2871 484 2911 nt
498 2872 594 2912 constat
607 2879 636 2912 ex
649 2864 707 2911 via
722 2864 776 2925 ejus
794 2865 857 2924 apud
875 2863 1003 2911 Mnbillon.
1012 2863 1042 2910 in
1059 2871 1129 2924 parte
1140 2864 1156 2910 i.
1175 2877 1229 2910 sac.
1243 2864 1275 2909 iv.
1287 2864 1348 2910 item

251 2927 313 2975 Sim.
325 2927 393 2975 Dun.
405 2928 435 2976 de
446 2929 520 2990 gestis
531 2944 615 2990 regum
626 2929 701 2990 Angl.
718 2929 791 2992 [Sim.
800 2928 948 2976 Dun.xxxii.
961 2928 1028 2974 Dun.
1039 2927 1096 2974 Ecc.
1105 2927 1130 2974 ii.
1140 2927 1175 2988 3.]
1191 2935 1216 2974 et
1227 2927 1349 2974 Hovedcn

249 2991 276 3038 in
288 3006 325 3051 pr.
336 2991 426 3039 Annsl.
437 2999 506 3053 parte
516 2993 626 3040 scribunt
635 2993 700 3040 bunc
711 2992 802 3040 rexisse
813 2991 939 3040 ecclesiam
952 3006 1030 3038 nnnos
1041 2991 1143 3052 triginta
1154 2999 1269 3051 quatuor,
1278 3006 1348 3038 cnm·

249 3070 297 3118 qne
307 3070 338 3103 ex
349 3057 475 3103 commoni
486 3057 666 3106 Historicorum
677 3071 797 3105 consensu
808 3056 870 3104 obiit
880 3054 934 3118 766,
947 3071 986 3102 sn.
996 3055 1073 3117 igitur
1084 3067 1129 3116 732
1139 3057 1246 3116 suscepit
1255 3056 1351 3116 spism-

250 3125 345 3180 pstum,
356 3119 461 3167 Vilfrido
474 3121 573 3181 juniore
589 3121 718 3182 pastoralis
734 3135 797 3168 cures
814 3122 921 3182 pondera
937 3127 1051 3180 ponente.
1092 3120 1188 3168 Primus
1204 3128 1258 3167 erat
1275 3121 1349 3167 Ebor.

249 3183 377 3244 episcopus
394 3189 449 3244 post
466 3185 594 3232 Paulinum
606 3186 648 3247 qui
664 3185 781 3233 honorem
800 3185 866 3246 pallii
884 3185 986 3245 accepit,
998 3200 1019 3231 n.
1033 3199 1066 3230 sc.
1079 3194 1133 3246 735.
1144 3185 1276 3232 secundum
1289 3185 1348 3232 Cbr.

250 3249 307 3294 Su.
319 3254 345 3293 et
356 3245 435 3294 Beda
445 3249 575 3308 Epitomen
593 3257 619 3296 et
635 3249 694 3296 Sim.
707 3249 792 3306 Dun.;
809 3263 874 3296 anno
889 3249 1021 3310 posteriore
1036 3249 1169 3296 secundum
1181 3249 1245 3296 Tho.
1257 3249 1348 3297 Stubsr

249 3311 296 3358 boc
311 3311 387 3358 etiem
402 3312 456 3371 ipso
472 3327 538 3360 nnnc
555 3313 708 3361 consecravit
717 3315 748 3360 nd
759 3313 896 3362 Candidsm
909 3313 997 3362 Ossam
1009 3313 1192 3373 sumundum,
1204 3320 1230 3362 et
1246 3314 1277 3360 sd
1295 3314 1348 3360 lin-

249 3375 430 3436 gustsldensem
437 3377 575 3436 ecclesiam,
585 3377 651 3425 unde
661 3378 743 3425 nescio
753 3378 796 3439 qui
807 3377 897 3425 Accam
915 3378 1068 3438 expulerant,
1085 3377 1260 3424 Fridberctnm.
1296 3377 1350 3424 Hic

249 3443 359 3487 omnium
370 3441 510 3487 liberalium
520 3443 615 3488 artium
625 3444 765 3488 arenarium
771 3441 837 3503 snit,
845 3447 869 3488 et
876 3443 1050 3488 nobilissimam
1059 3441 1173 3488 Eturnci
1179 3441 1349 3488 bibliothecam

249 3505 365 3552 biennii.
389 3505 488 3552 Mclms.
500 3506 531 3552 de
542 3507 612 3552 Pont.
624 3506 659 3552 iii.
695 3505 799 3567 Scripsit
815 3513 896 3554 nutem
908 3505 1041 3566 Dialcgnm
1050 3507 1081 3552 de
1092 3507 1252 3554 Institutione
1263 3505 1349 3552 Eccle-
1394 3499 1398 3510 ⁴

250 3566 357 3625 sinim,
366 3569 510 3628 opusculum
522 3569 552 3617 de
562 3569 623 3618 inre
635 3568 795 3625 Sscerdotali,
807 3577 833 3616 et
848 3583 909 3629 opus
920 3569 1091 3618 Poenitentiale
1104 3570 1174 3618 libris
1183 3575 1288 3630 quatuor
1298 3569 1350 3618 dis·

249 3630 362 3680 tinctum.
396 3633 495 3679 Frustra
505 3633 580 3695 aliqui
590 3634 655 3682 hunc
665 3641 690 3682 et
700 3649 755 3681 eum
767 3633 809 3694 qni
820 3635 912 3682 studuit
923 3634 949 3681 in
961 3634 1081 3681 Hibernis
1092 3633 1254 3681 confundunt.
1285 3633 1349 3682 Dies

249 3694 302 3758 ejus
312 3696 456 3744 emortualis
470 3696 518 3744 init
533 3699 665 3745 secundum
678 3698 768 3746 Chron.
782 3697 840 3744 Sex.
853 3711 889 3756 13.
901 3698 952 3746 kal.
964 3697 1089 3756 Decemb.,
1102 3700 1234 3746 secundum
1246 3698 1348 3745 Floren-

248 3759 312 3807 tium
325 3775 361 3820 ¹4·
374 3759 425 3808 licl.
437 3759 544 3820 ejusdem
557 3763 655 3810 mensis.
689 3763 719 3809 ln
735 3763 842 3810 editione
853 3761 949 3810 Vunraei
968 3763 1017 3810 lraec
1034 3763 1138 3821 epistole
1150 3762 1241 3809 dicitnr
1256 3762 1348 3822 scripta

248 3837 307 3871 non.
319 3825 440 3872 Novemb.
450 3826 585 3874 indictione
595 3826 677 3882 tertia
688 3827 734 3874 hoc
744 3834 792 3884 est,
802 3841 842 3874 sn.
850 3837 908 3888 735,
916 3828 958 3874 sed
966 3833 1084 3887 punctum
1092 3827 1138 3875 hoc
1148 3827 1348 3888 chronologicum

248 3887 345 3936 videtur
355 3904 371 3936 n
381 3890 516 3938 recentiore
530 3905 606 3937 manu
617 3890 692 3938 fuisse
708 3891 854 3952 appositum.
889 3891 954 3939 Nem
972 3892 1133 3939 demonstrari
1151 3897 1233 3952 potest
1248 3891 1347 3938 Bndsrn

249 3951 389 4000 defunctum
405 3953 479 4000 fuisse
495 3968 536 4002 nn.
547 3963 602 4015 734.
615 3955 652 4002 vel
669 3956 755 4002 saltem
768 3955 807 4002 die
818 3954 976 4002 Ascensionis
992 3971 1031 4002 nn.
1045 3967 1107 4017 7352
1124 3971 1158 4002 sc.
1176 3963 1233 4003 ante
1250 3962 1348 4015 tempus

248 4017 313 4076 qnod
324 4016 364 4064 bic
373 4015 533 4078 suppositum
549 4025 575 4065 et
586 4018 640 4066 MS.
654 4019 761 4066 Merton.
773 4018 867 4068 nullam
884 4019 987 4068 omnino
1002 4019 1075 4067 babet
1086 4019 1203 4081 temporis
1214 4027 1306 4066 notum.
1318 4019 1347 4066 S.

250 4080 300 4128 Sed
316 4095 374 4127 non.
385 4081 451 4129 Noc.
468 4083 602 4130 indictione
618 4085 693 4130 tertis
708 4091 762 4130 eret
778 4083 842 4132 Nor.
854 4083 878 4130 d.
891 4097 914 4144 5.
928 4085 957 4131 A.
967 4085 997 4133 D.
1009 4094 1064 4145 734.
1098 4084 1199 4134 Oblitus
1214 4091 1253 4132 cst
1268 4083 1348 4130 Smitb

249 4143 409 4192 indictionem
420 4159 532 4192 exorsnrn
544 4161 598 4194 esse
609 4161 625 4194 c
636 4146 780 4207 Septembri,
795 4147 879 4209 itaque
893 4150 942 4196 tres
952 4149 1008 4212 (snt
1022 4147 1137 4210 quatuor)
1149 4148 1240 4209 primos
1251 4161 1349 4195 menses

249 4207 322 4270 hujus
333 4209 411 4258 tertie
419 4208 562 4258 indictionis
572 4210 658 4260 cadere
669 4210 696 4258 in
707 4211 736 4258 A.
746 4210 779 4259 D.
791 4221 845 4274 734.
879 4211 935 4260 Vid.
946 4227 1001 4275 qua
1012 4212 1078 4260 dien
1089 4220 1148 4261 sunt
1159 4213 1190 4260 cd
1201 4212 1234 4261 iv.
1244 4225 1267 4274 5.
