3100 5125
118 329 221 394 -sa
515 333 681 398 GENTIS
704 333 978 400 ANGLORUM.
1235 335 1301 403 ἥθ’(

166 481 322 554 15¹¹tanta
347 483 500 547 doctrlnae
526 483 662 548 sollertis
683 484 850 549 excolebat
875 484 1041 563 Industria,
1066 491 1103 549 ut
1128 486 1170 550 de
1193 507 1301 551 mona·

205 568 302 632 sterio
317 590 462 654 egressus
477 591 561 654 saepe
575 569 763 634 ¹ebdomade
777 571 912 656 integra,
927 570 1097 655 aliquando
1116 572 1238 635 duabus
1253 572 1301 636 vel

204 654 317 729 tribus,
334 676 560 738 nonnunquam
580 655 678 719 etiam
697 677 805 719 mense
823 657 916 740 pleno
931 657 1059 718 domum
1074 677 1137 718 non
1158 657 1298 730 rediret;

204 740 261 802 sed
287 740 470 803 demoratus
492 740 525 802 in
548 739 716 817 montanis,
741 740 865 825 plebem
890 741 1041 805 rusticam
1066 744 1163 805 verbo
1187 741 1301 826 praedi-

205 825 339 888 cationis
354 825 446 888 simul
460 833 495 890 et
508 847 603 909 opere
617 824 746 889 virtutis
760 827 803 889 ad
817 826 955 890 calestia
969 835 1108 891 vocaret.

249 911 330 975 Oum
344 932 420 996 ergo
430 911 616 975 venerabilis
631 911 759 974 Domini
773 912 909 976 famulus
923 912 1039 976 multos
1053 911 1087 975 in
1099 911 1300 976 Mailrosensi
1310 918 1432 968 eadberct

165 997 399 1060 somonasten‘o
417 997 534 1082 degens
552 1019 662 1073 annos,
677 996 801 1081 magnis
815 997 969 1061 virtutum
991 997 1087 1082 signis
1107 996 1415 1097 meiulgeretstffiffi

205 1082 380 1159 transtulit,
397 1103 468 1145 eum
483 1081 752 1146 reverentissimus
766 1082 867 1145 abbas
886 1082 984 1167 ipsius
1000 1082 1086 1147 Eata
1105 1083 1147 1147 ad
1167 1083 1301 1146 insulam

208 1166 521 1245 Lindisl'amensium,
545 1174 582 1231 ut
607 1167 651 1230 ibi
678 1189 803 1252 quoque
825 1168 978 1232 iratribus
1007 1169 1184 1232 custodiam
1210 1167 1301 1232 disci-

205 1252 300 1336 plinae
314 1253 468 1338 regularis
487 1260 522 1317 et
543 1253 736 1317 auctoritate
753 1254 915 1336 praepositi
929 1252 1101 1330 intimaret,
1117 1259 1152 1317 et
1168 1253 1302 1401 propria

206 1338 332 1401 actione
346 1345 617 1421 praemonstraret.
663 1338 747 1401 Nam
769 1345 802 1402 et
824 1339 928 1422 ipsum
947 1339 1050 1402 locum
1064 1338 1167 1403 iunci
1190 1361 1240 1402 em
1253 1361 1302 1403 re-

207 1423 442 1486 verentissimus
456 1431 550 1508 pater
563 1422 692 1488 abbatis
703 1424 775 1508 jure
790 1424 931 1509 regebat.
970 1423 1132 1508 Siquidem
1145 1447 1166 1487 a
1181 1429 1302 1508 tempo-

206 1508 294 1571 ribus
308 1507 426 1572 ibidem
439 1509 580 1592 antiquis
594 1515 628 1573 et
642 1508 807 1593 episcopus
822 1530 894 1572 cum
908 1509 1001 1586 clero,
1017 1517 1050 1573 et
1064 1510 1165 1573 abbas
1179 1509 1302 1574 solebat

166 1602 197 1654 ²5
206 1615 334 1657 manere
349 1616 421 1657 cum
435 1594 616 1667 monachis;
641 1593 694 1678 qui
709 1600 818 1658 tamen
841 1602 874 1659 et
895 1594 955 1678 ipsi
974 1595 1016 1658 ad
1035 1617 1143 1660 curam
1163 1594 1302 1679 episcopi

206 1677 404 1743 familiariter
427 1680 632 1764 pertinerent.
677 1677 760 1759 Quia
789 1679 936 1743 nimirum
959 1680 1072 1744 AEdan
1098 1680 1152 1765 qui
1180 1680 1301 1765 primus
1312 1685 1401 1766 nisani
1413 1686 1452 1734 in·

205 1765 274 1848 ejus
295 1764 354 1827 loci
376 1765 541 1850 episcopus
554 1765 627 1842 tuit,
641 1787 714 1828 cum
728 1764 891 1828 monachis
906 1765 979 1830 illuc
994 1773 1028 1829 et
1047 1765 1115 1850 ipse
1129 1766 1300 1830 monachus
1309 1757 1465 1828 ⁸¹¹t¹¹l¹⁰¹¹¹⁰‘

203 1849 383 1928 adveniens,
399 1851 615 1916 monachicam
637 1850 670 1912 in
692 1872 731 1914 eo
752 1851 1022 1914 conversationem
1042 1850 1201 1915 instituit:
1225 1816 1418 1950 quo-mc*

204 1936 299 1998 modo
328 1942 362 2000 et
391 1936 479 2022 prins
506 1938 620 2001 beatus
645 1943 740 2020 pater
764 1936 964 2021 Augustinus
993 1935 1026 1998 in
1052 1937 1167 2001 Oantia
1191 1937 1301 2000 fecisse

205 2021 355 2099 noscitur,
371 2021 530 2087 scribente
552 2020 581 2086 ei
602 2020 856 2086 reverentissimo
877 2044 962 2106 papa
982 2017 1145 2106 Gregorio,
1162 2023 1247 2106 quod
1268 2029 1302 2086 et

164 2122 303 2191 ³⁰supra
323 2107 493 2191 posuimus.
538 2107 602 2172 Sed
620 2107 694 2192 quie
716 2117 770 2171 tna
784 2107 983 2191 fraternitas,
999 2105 1113 2192 inquit,
1130 2109 1303 2172 mamerti

204 2192 688 2276 repetentesrepetentes
701 2215 761 2255 aon
775 2191 857 2256 dedet
871 2215 892 2255 c
906 2192 1020 2257 ennete
1034 2193 1117 2264 eninr
1134 2193 1168 2256 in
1181 2193 1303 2257 ecclesia

205 2277 383 2361 Anglomen,
398 2300 467 2363 qnae
488 2301 587 2363 nepes·
604 2289 724 2342 anctore
737 2279 804 2342 Deo
822 2277 867 2341 cd
877 2278 974 2360 fidem
991 2279 1139 2363 perducta
1158 2289 1209 2353 est,
1226 2278 1304 2341 dano

203 2361 287 2426 debet
312 2364 559 2427 mnnersetionem
583 2364 749 2436 innituere,
774 2375 852 2448 qnae'
868 2364 979 2428 ne'ne'tio
1001 2364 1149 2427 scammis
1174 2363 1303 2428 mente

194 2448 268 2530 serit
274 2448 420 2533 petrides
432 2450 562 2522 nostrin
586 2450 621 2512 r‘n
635 2447 741 2533 quidne
754 2449 856 2512 nullus
869 2471 969 2512 mrum
984 2471 1020 2512 en
1033 2449 1081 2513 leis
1094 2471 1161 2533 ques
1169 2448 1301 2532 posside·

205 2531 277 2598 bant
290 2535 414 2620 aliquid
426 2556 513 2599 enum
526 2546 584 2600 esee
598 2533 722 2614 dicebat,
736 2535 791 2599 sed
802 2545 888 2599 eram
901 2534 965 2599 illes
979 2535 1081 2599 mania
1095 2533 1272 2599 eommunia.
1384 2596 1385 2601 ,

161 2772 195 2822 35
596 2745 704 2811 OAP.
731 2745 907 2810 XXVIII.

207 2864 245 2920 Ut
257 2864 326 2920 idem
339 2865 368 2920 in
381 2865 438 2921 vita
451 2865 638 2923 martoreticn
652 2875 679 2923 et
684 2867 793 2941 fontem
806 2868 839 2922 de
852 2874 964 2922 ⁰arente
978 2875 1052 2923 term
1066 2866 1167 2922 orendo
1176 2866 1300 2940 produn-

243 2945 305 3008 err't,
321 2953 348 3001 et
360 2953 474 3019 segetem
487 2946 520 3001 de
532 2947 624 3003 labore
636 2966 758 3004 munuum
771 2948 846 3005 ultra
860 2955 962 3022 tempus
975 2947 1101 3003 terrendi
1114 2947 1255 3021 coemerit.

247 3055 334 3117 Exnn
350 3056 511 3122 Oudberct
525 3058 738 3122 crescentibus
752 3056 873 3121 meritis
888 3056 1040 3142 religiosae
1052 3055 1245 3132 intentionis,
1258 3056 1301 3119 ad
1312 3073 1458 3139 [amera]

202 3139 433 3205 anachoreticae
456 3164 518 3226 quo
540 3165 580 3206 ne
605 3142 888 3227 contemplationis,
911 3164 982 3227 quae
1006 3141 1150 3218 diximus,
1175 3140 1300 3205 silentia
1308 3140 1439 3219 quibem

162 3251 195 3295 4ο
204 3233 327 3291 secreta
341 3228 492 3311 pervenit.
564 3251 653 3291 erum
668 3229 744 3313 quia
759 3230 799 3292 de
814 3228 880 3292 rita
893 3228 975 3291 illius
989 3234 1023 3291 et
1037 3227 1208 3291 virtutibus
1223 3233 1299 3290 ante
1306 3211 1367 3254 '¹¹⁸'

203 3334 305 3375 annos
326 3313 431 3396 plures
453 3313 645 3377 sufficienter
663 3321 697 3378 et
712 3314 853 3378 versibus
867 3313 1009 3391 heroicis,
1026 3320 1059 3377 et
1079 3312 1210 3396 simplici
1230 3334 1300 3376 ora·

203 3397 292 3461 tione
316 3398 569 3482 conscripsimus,
590 3400 650 3462 hoc
673 3405 801 3463 tantum
823 3399 856 3461 in
880 3398 1030 3483 prasenti
1054 3418 1300 3461 commemorare

203 3482 283 3546 satis
308 3482 359 3559 sit,
387 3485 472 3568 qnod
497 3485 643 3548 aditurus
667 3485 802 3549 insulam
831 3491 1028 3569 protestatus
1058 3491 1108 3548 est
1136 3481 1299 3559 iratribus,

203 3567 329 3631 dicens:
352 3570 392 3632 Si
405 3570 483 3633 mitt
496 3570 605 3634 divina
616 3572 723 3655 gretie
737 3572 771 3634 e'n
786 3570 846 3634 loeo
860 3570 913 3633 tlt>
927 3570 1095 3646 domenii,
1109 3578 1143 3632 nt
1160 3570 1197 3633 de
1214 3589 1300 3653 opere

234 3721 250 3759 ἱ
263 3726 363 3768 tantum
374 3721 404 3768 V.
471 3720 715 3769 incitamento.
732 3722 881 3769 hebdomade
892 3721 929 3769 St.
995 3730 1019 3760 m
1032 3717 1165 3782 effulgeret
1177 3718 1207 3767 V.
1219 3720 1254 3766 St.
1267 3718 1298 3767 0.

202 3796 218 3824 ¹²
229 3785 257 3832 in
268 3785 339 3833 initio
351 3785 414 3833 V.G.
513 3796 525 3819 ⁰
534 3801 624 3833 rexere
634 3786 664 3833 V.
762 3798 777 3835 ι’
790 3786 908 3833 reddendi
920 3786 950 3833 V.

237 3927 245 3959 r
250 3925 273 3973 5.
282 3914 312 3960 de
321 3916 467 3962 missio
478 3929 599 3975 egressus,
610 3914 664 3975 tra]
686 3913 752 3961 Hinc
768 3913 848 3961 elucet
862 3912 917 3975 quis
932 3928 986 3961 esse
1003 3914 1110 3975 potnerit
1122 3920 1147 3961 et
1163 3912 1238 3961 fuerit
1251 3913 1300 3962 illis

201 3978 349 4037 temporibus
364 3994 422 4027 usus
438 3986 464 4027 et
480 3978 573 4026 unctus
589 3978 810 4026 monasteriorum:
827 3977 920 4025 scilicet
932 3993 980 4025 non
994 3978 1073 4027 solnm
1084 3977 1146 4025 inibi
1158 3977 1298 4039 degentium

200 4041 323 4103 profectus
334 4044 360 4090 in
372 4043 448 4091 sacris
458 4043 602 4105 disciplinis,
612 4043 653 4091 sed
664 4043 738 4091 etism
750 4043 906 4090 commodum
919 4043 1052 4091 multorum
1062 4042 1249 4104 circumquaque
1257 4042 1298 4089 de.

201 4105 311 4169 gentium
322 4107 458 4155 incolarum
471 4108 665 4168 doctrinamque
676 4106 794 4168 religione
808 4108 927 4167 sugenda.

235 4181 274 4231 27.
286 4170 710 4233 monaciscum-conversationen]
727 4170 822 4218 Similis
835 4171 911 4219 fuisse
920 4171 1018 4219 ridetur
1032 4170 1155 4220 institutio
1165 4170 1296 4219 'l'rumrini

199 4233 243 4295 qui
259 4234 381 4282 lictorum
398 4236 526 4298 episcopus
536 4235 593 4293 fuit,
605 4251 663 4283 unm
680 4236 723 4283 ille
737 4235 891 4295 describitur,
904 4250 961 4284 cum
971 4238 1023 4284 suis
1032 4238 1076 4298 qui
1087 4243 1161 4285 erunt
1171 4237 1198 4283 tn
1210 4250 1295 4283 menn-

199 4300 274 4345 stm'e
284 4300 477 4362 AEbtercnms‘g.
499 4301 587 4361 Supra,
599 4298 640 4350 26.

199 4425 206 4439 ο
233 4375 273 4427 ²9·
281 4365 370 4476 ἔργα]
385 4364 448 4413 Vide
457 4364 639 4426 responsionem
649 4363 760 4426 Gregorii
772 4365 803 4412 sd
815 4363 919 4425 primam
930 4364 1147 4428 interrogationem
1156 4362 1296 4427 Augustini,

198 4442 216 4476 ι.
228 4441 242 4475 r
260 4460 267 4474 .
304 4460 311 4475 .

231 4438 272 4550 3i3.
284 4491 369 4555 Exin]
383 4492 455 4542 A.D.
463 4490 519 4556 676.
532 4493 596 4541 Flos.
608 4492 663 4556 Vrg.
675 4493 734 4541 Sim.
748 4491 816 4541 Dnn.
829 4492 969 4543 Ecclesia.
983 4508 1007 4555 p.
1016 4506 1042 4557 5,
1055 4495 1099 4542 &a
