3100 5125
259 336 292 403 iv
658 335 949 401 PRAEFATIO.

261 488 391 553 “Hisce
419 510 500 573 pene
529 488 674 555 omnibus
702 488 736 551 in
765 509 883 552 annum
905 502 977 573 737.
998 486 1268 565 concurrentibus,
1292 487 1355 552 ⁸01.

260 574 451 639 “Uuanleio
474 575 507 638 in
531 574 627 638 MSS.
647 573 932 659 Anglo-Saxonicis
954 573 1167 638 versatissimo
1189 572 1356 638 verisimile

260 661 417 725 “videtur
437 660 521 724 hunc
543 660 651 745 ipsum
669 660 809 723 codicem
831 660 942 723 eodem
964 682 1057 737 anne,
1074 659 1237 724 Oeoluull'o
1252 660 1356 724 adhuc

259 753 278 782 “
289 753 452 832 regnante,
473 767 529 810 seu
548 744 662 811 saltem
683 754 759 810 ante
776 744 949 813 Eadbercti
971 745 1255 829 inaugurationem,
1280 744 1356 808 duo-

259 834 350 896 “bus
373 853 498 917 quoque
522 830 614 896 annis
639 838 713 917 post
739 832 846 895 Baedae
872 831 1006 907 obitum,
1033 830 1067 893 in
1094 830 1356 894 Uuiremuthensi

259 917 483 982 “monasterio
511 917 607 981 fuisse
636 917 800 1001 scriptum.
855 912 951 980 Adde
974 918 1060 1000 quod
1089 938 1201 980 manus
1226 916 1356 1000 hujusce

259 1003 407 1067 “codicis
432 1003 513 1066 bene
539 1002 686 1066 convenit
711 1024 784 1065 cum
809 1002 980 1085 exemplari
1011 1001 1187 1066 Pastoralis
1211 1002 1356 1087 Gregorii

259 1088 397 1174 “magni
419 1111 520 1173 papae,
540 1089 625 1174 quod
644 1087 859 1151 Uuillibaldus
881 1087 1031 1151 diaconus
1053 1088 1191 1172 scripsit,
1215 1086 1275 1151 hoe
1296 1094 1354 1165 est,

258 1174 374 1238 “inter
394 1197 446 1239 an.
467 1192 539 1259 731.
556 1196 619 1258 quo
641 1174 845 1237 diaconatum
867 1173 1013 1257 suscepit,
1034 1180 1068 1237 et
1089 1196 1140 1237 an.
1157 1192 1230 1252 740.
1246 1173 1278 1235 in
1293 1195 1356 1257 quo

259 1268 278 1296 “
290 1267 417 1324 creatus
436 1259 498 1323 fuit
514 1261 689 1345 presbyter.
734 1257 889 1323 Convenit
903 1280 1028 1342 quoque
1049 1281 1121 1321 cum
1142 1258 1212 1324 aliis
1233 1258 1356 1323 indubi-

259 1352 369 1409 “tatae
386 1344 556 1409 vetustatis
578 1352 612 1409 et
633 1344 721 1409 libris
743 1351 777 1408 et
795 1343 1029 1429 diplomatibus,
1044 1344 1202 1429 praecipue
1217 1365 1289 1407 cum
1304 1344 1356 1408 illa

260 1439 279 1467 “
293 1430 459 1495 Valdharii
483 1430 713 1495 Lundoniensis
731 1430 898 1493 Antistitis
917 1429 1051 1513 epistola
1068 1431 1111 1493 ad
1131 1429 1357 1493 Beretualdum

260 1524 280 1553 “
291 1517 569 1605 archiepiscopum,
586 1538 682 1600 quam
701 1515 734 1579 in
750 1515 936 1601 Appendice
952 1514 1045 1578 Num.
1062 1516 1145 1578 xxiv.
1162 1514 1355 1581 excudimus.

260 1602 462 1666 “Probabile
482 1610 531 1667 est
549 1602 691 1666 codicem
711 1608 785 1686 post
799 1622 916 1685 paucos
931 1602 972 1665 ab
988 1602 1055 1685 ejus
1071 1601 1241 1685 scriptione
1256 1623 1356 1665 annos

260 1696 280 1723 ‘⁴
291 1688 324 1751 in
343 1688 479 1752 Galbam
499 1688 596 1752 luisse
618 1694 834 1772 asportatum:
860 1688 980 1751 crebrae
1004 1686 1087 1750 enim
1111 1688 1270 1751 habentur
1291 1686 1353 1750 dis·

260 1779 279 1809 “
290 1773 471 1849 tinctiones,
487 1773 732 1849 emendationes,
750 1774 809 1837 duc.
825 1773 866 1836 ab
884 1772 1010 1835 homine
1026 1773 1117 1836 Gallo
1136 1781 1285 1849 exaratae,
1302 1771 1356 1856 qui

260 1865 375 1943 “aegre
396 1880 525 1922 manum
540 1858 851 1943 Anglo-Saxonicam
872 1857 1017 1943 legebat:
1043 1865 1076 1922 et
1091 1858 1140 1921 hae
1157 1858 1283 1943 quidem
1300 1858 1355 1921 ad-

260 1944 472 2008 “notationes
487 1944 520 2006 in
535 1966 631 2007 manu
647 1943 768 2007 Gallica
782 1942 899 2027 passim
914 1950 1115 2007 occurrentes
1130 1944 1215 2007 circa
1229 1942 1356 2006 initium

261 2029 363 2092 “libri
377 2029 546 2115 nongentis
560 2030 626 2093 fere
641 2028 755 2092 abhinc
770 2028 862 2091 annis
876 2028 1003 2113 scriptae
1018 2028 1174 2093 videntur.
1212 2028 1356 2115 Denique

260 2116 333 2179 “ad
348 2113 466 2179 calcem
481 2136 605 2200 quoque
623 2115 683 2177 hcc
697 2114 862 2177 scribitur:
888 2116 968 2178 Item
982 2136 1018 2179 ec
1031 2115 1157 2179 decretis
1170 2136 1264 2199 pcpoe
1282 2117 1355 2179 Gre-

260 2202 370 2286 “9oric'
387 2200 523 2282 janitoris
548 2200 602 2284 qui
617 2222 710 2278 ,ncnc
735 2202 905 2263 1166166661
931 2200 1108 2263 catholicum
1133 2200 1208 2284 repit
1231 2208 1357 2263 matrem

260 2292 279 2320 “
290 2286 450 2350 ecclesium.
495 2285 559 2349 Hic
574 2292 682 2350 autem
698 2286 762 2348 Gre
785 2285 869 2348 orius
883 2285 1008 2350 videtur
1022 2285 1153 2373 intelligi
1167 2286 1291 2363 tertius,
1302 2286 1356 2370 qui

261 2371 447 2456 “Gregorio
462 2372 599 2435 secundo
617 2372 650 2433 in
668 2308 857 2456 pontilicatu
872 2372 1023 2435 successit
1037 2394 1120 2435 anno
1137 2390 1209 2456 731,
1225 2378 1356 2435 6111161-

260 2463 279 2491 “
292 2463 366 2520 tuus
388 2463 438 2520 est
459 2479 544 2521 anno
566 2476 639 2537 741.
685 2457 724 2519 In
746 2457 851 2520 Gallia
872 2464 1075 2522 conservatus
1098 2457 1159 2521 fuit
1180 2458 1230 2521 hic
1256 2457 1356 2521 codex

261 2542 372 2608 “satis
394 2542 561 2628 diligenter
582 2565 682 2627 usque
702 2543 745 2607 ad
766 2541 997 2608 conclusionem
1020 2543 1148 2607 foederis
1174 2541 1244 2607 initi
1272 2543 1356 2607 inter

261 2635 280 2664 “
294 2628 482 2692 Gulielmum
505 2651 629 2714 magnae
654 2627 830 2693 Britanniae
855 2650 962 2714 regem
982 2636 1016 2693 et
1035 2629 1227 2692 Ludovicum
1249 2650 1356 2713 regem

261 2714 597 2781 “christianissimum
611 2714 696 2799 apud
711 2713 930 2799 Ryswickum3
954 2737 1025 2778 curn
1037 2715 1084 2777 vir
1096 2714 1224 2799 quidam
1239 2714 1355 2778 doetis-

262 2806 281 2852 ‘-‘
293 2799 391 2864 simus
406 2823 478 2864 eum
497 2823 569 2865 cum
583 2800 691 2865 multis
705 2799 777 2864 aliis
792 2799 953 2863 codicibus
967 2800 1136 2864 rarissimis
1151 2807 1219 2864 tam
1234 2799 1355 2864 Graecis

261 2892 281 2920 “
292 2908 388 2970 quam
409 2880 533 2950 Latinis
549 2886 675 2971 publica
698 2885 845 2951 auctione
865 2887 987 2962 emerit,
1004 2893 1037 2950 et
1052 2908 1105 2950 eos
1121 2907 1229 2950 omnes
1248 2886 1355 2949 admo-

260 2972 369 3034 “dum
390 2971 561 3035 reverendo
584 2970 711 3034 domino
730 2972 903 3054 possessori
925 2972 1110 3036 vendiderit.
1155 2971 1228 3034 Hoc
1247 2978 1356 3035 autem

262 3062 281 3093 “
293 3055 445 3134 serpillus·
471 3056 663 3140 antiquitate
689 3057 877 3131 veneranda,
903 3057 1097 3121 auctoritate
1121 3056 1268 3133 maxima,
1293 3056 1356 3120 fide

262 3147 281 3176 “
293 3142 415 3226 opt-ima
428 3150 525 3226 atque
540 3141 725 3216 certissima,
741 3163 781 3204 ex
801 3140 870 3225 ipso
885 3141 991 3205 Baedae
1013 3142 1221 3227 autographa
1237 3141 1270 3206 in
1286 3143 1356 3227 ipso

261 3233 280 3264 “
291 3227 484 3294 monasterio
506 3227 561 3290 ubi
583 3227 683 3292 Bueda
700 3227 879 3290 Historiam
901 3227 1086 3311 composuit,
1102 3234 1139 3291 ut
1154 3227 1287 3306 videtur,
1303 3228 1356 3291 de-

261 3319 280 3348 “
292 3313 454 3397 scriptum,
470 3313 555 3397 patri
569 3334 639 3375 meo
654 3312 819 3397 episcopus
833 3313 884 3376 ille
905 3313 1094 3399 philobiblus
1109 3314 1262 3376 utendum
1276 3335 1355 3398 prae-

261 3405 280 3433 “
292 3397 372 3462 buit.
418 3397 510 3478 Quod
525 3397 652 3482 quidem
673 3399 723 3461 bis
742 3420 865 3462 summa
888 3421 964 3462 cura
986 3421 1057 3462 cum
1077 3399 1277 3463 Ohiffletiana
1292 3398 1356 3461 edi-

260 3491 279 3518 “
291 3483 378 3547 tione
394 3484 543 3547 collatum
564 3484 606 3547 ad
620 3485 751 3547 verbum
772 3506 793 3546 a
814 3485 905 3548 nobis
923 3485 1123 3570 imprimitur.
1166 3484 1257 3547 Patri
1272 3483 1356 3547 enim

262 3569 402 3654 “religio
423 3569 485 3633 luit
506 3569 545 3632 de
569 3569 773 3633 codicis—tam
794 3570 989 3634 admirandae
1009 3569 1179 3634 vetustatis
1200 3569 1272 3647 fide,
1295 3569 1355 3632 nisi

262 3661 282 3690 “
294 3654 348 3717 ubi
370 3654 533 3718 librarium
553 3655 633 3718 falso
655 3655 815 3738 scripsisse
834 3663 944 3740 aperte
960 3655 1214 3739 deprehenditur,
1231 3654 1279 3717 vel
1300 3655 1355 3719 ali-

262 3739 482 3824 “quantulum
497 3741 658 3805 decedere.
703 3740 814 3826 Neque
834 3741 1011 3816 immerito;
1037 3742 1160 3804 duobus
1175 3739 1258 3804 enim
1272 3739 1356 3802 codi-

262 3832 281 3862 “
293 3827 391 3902 cibus,
413 3825 466 3910 qui
490 3825 653 3890 Saxonicis
681 3826 781 3890 literis
810 3833 992 3903 exarantur,
1020 3833 1053 3890 et
1081 3827 1114 3888 in
1140 3825 1356 3890 beottoniana

262 3911 491 3976 “Bibliotheca
510 3918 721 3989 asservantur,
737 3920 771 3977 et
785 3912 883 3976 tertio
900 3934 1023 3997 quoque
1041 3913 1073 3974 in
1088 3911 1286 3976 Bibliotheca
1307 3933 1355 3976 re-

262 3997 345 4082 “gia
366 4004 442 4061 ante
461 3997 706 4062 Normannieam
728 3997 998 4082 conquisitionem,
1017 4004 1055 4060 ut
1074 3997 1207 4073 videtur,
1226 3997 1353 4082 scripto,

262 4089 281 4119 “
292 4105 364 4146 cum
376 4106 413 4146 eo
424 4106 488 4148 una
499 4084 710 4168 comparatis;
729 4083 763 4146 in
774 4083 908 4169 propriis
923 4083 1110 4158 nominibus,
1122 4082 1255 4168 antiqua
1264 4105 1355 4147 voces

261 4169 483 4254 “compositas
500 4169 656 4237 scribendi
678 4170 838 4245 methodo,
854 4176 887 4232 et
901 4169 934 4231 in
950 4167 1094 4232 omnibus
1108 4168 1173 4232 fere
1188 4169 1268 4233 adeo
1283 4191 1354 4232 con-

261 4254 442 4328 “veniunt;
473 4261 507 4318 et
528 4255 561 4318 in
581 4255 769 4320 lectionibus
795 4256 876 4319 adeo
901 4254 1086 4339 nugatoriis,
1109 4253 1209 4342 iisque
1235 4254 1354 4340 paucis,

392 4463 406 4492 ι
417 4452 479 4500 Vide
490 4450 543 4513 ejus
553 4455 691 4516 catalogum
703 4456 819 4506 librorum
832 4455 1057 4516 septentrionalium
1071 4471 1092 4516 p.
1104 4455 1159 4504 688.

391 4516 532 4566 bTiberius
543 4516 572 4566 C.
585 4531 608 4567 2.
619 4527 644 4566 et
654 4521 688 4567 A.
700 4533 736 4579 14.
