3100 5125
267 335 311 402 se
595 336 833 403 fflsnonrm
855 335 1033 404 smnus.
1320 334 1369 399 11.
1384 349 1452 419 5-

268 491 388 557 (lhristi
402 490 542 576 resipere
556 490 712 569 noluerat,
727 490 784 554 sed
800 497 836 555 et
853 489 1064 555 fornicatione
1078 489 1218 574 pollutus
1231 494 1283 554 est
1299 487 1370 564 tali,

267 577 393 662 qualem
414 598 473 641 nee
498 577 583 641 inter
604 583 716 662 gentes
738 576 885 642 auditam
904 576 1068 661 apostolus
1089 581 1239 652 testatur,
1261 574 1310 639 ita
1331 581 1375 640 ιιι.

268 683 400 726 uxorem
427 662 529 746 patris
558 663 701 727 haberet.
760 662 831 743 Quo
859 669 996 746 utroque
1024 661 1144 725 seelera
1171 660 1370 726 ooeasionem

269 748 358 812 dedit
371 748 414 812 ad
427 748 567 832 priorem
580 748 734 813 vomitum
748 747 937 824 revertendi,
952 746 1002 810 his
1016 746 1070 831 qui
1088 747 1149 810 sub
1165 745 1299 832 irnperio
1318 745 1369 809 sui

267 833 420 917 parentis,
436 834 485 897 vel
501 833 609 898 favore
623 833 671 898 vel
685 834 802 898 timore
817 833 915 918 regio,
929 832 1005 896 fidei
1024 839 1059 896 et
1078 831 1275 897 castimonia
1293 832 1370 915 jura

268 925 484 1003 susceperant.
530 918 596 983 Nee
618 941 763 1004 supernae
782 919 908 1004 flagella
926 917 1134 983 distriotmnis
1155 918 1277 1001 perfido
1298 918 1369 1002 regi

269 1004 457 1089 mstigando
479 1011 544 1069 ¹¹¹st
563 1004 750 1090 corrigendo
772 1005 918 1068 defuere:
945 1025 1021 1067 narn
1045 1005 1158 1067 erebra
1178 1004 1295 1068 mentis
1316 1023 1412 1068 vem

268 1089 367 1168 sunia,
383 1095 417 1154 et
430 1090 561 1175 spiritus
574 1089 727 1154 immundi
741 1089 904 1154 invasione
916 1089 1132 1173 premebatur.

312 1175 418 1240 Auxit
431 1183 540 1240 autem
554 1176 724 1260 proeellam
738 1175 888 1259 nhujusne
901 1174 1162 1259 perturbationis,
1173 1173 1272 1238 etiam
1281 1195 1369 1236 mors

140 1265 194 1298 ¹¹¹*
270 1261 416 1326 Sabereti
430 1261 514 1346 regis
532 1261 743 1325 Orientalium
764 1261 937 1337 Saxonum,
952 1260 1007 1344 qui
1027 1260 1083 1323 ubi
1100 1281 1200 1346 regna
1217 1259 1371 1344 perennia

268 1351 390 1432 petens,
406 1353 472 1410 tres
492 1368 566 1411 suos
585 1346 675 1422 filios,
692 1346 747 1430 qui
767 1346 885 1431 pagani
906 1347 1167 1432 perduraverant,
1181 1344 1271 1430 regni
1288 1351 1370 1408 tem-

269 1431 387 1516 poralis
412 1431 545 1496 heredes
567 1431 704 1516 reliquit,
728 1438 895 1516 eoeperunt
919 1431 965 1495 illi
985 1454 1061 1495 mox
1082 1429 1249 1508 idolatriae,
1271 1452 1369 1514 quam

269 1517 393 1582 utente
403 1539 443 1581 eo
453 1517 685 1604 aliquantulum
695 1517 902 1582 intermisisse
911 1517 1111 1594 videbantur,
1123 1516 1230 1602 palam
1240 1517 1369 1595 servire,
1377 1531 1409 1583 ²5

269 1603 482 1688 subjeotisque
509 1603 633 1688 populis
662 1602 747 1668 idola
775 1603 898 1668 uolendi
927 1602 1060 1668 liberam
1089 1602 1167 1666 dare
1195 1601 1369 1666 licentiam.

270 1688 411 1773 Oumque
433 1688 577 1754 viderent
598 1688 782 1773 pontificem
803 1688 971 1754 eelebratis
991 1687 1026 1752 in
1047 1687 1180 1752 eeclesia
1201 1687 1371 1750 missarum

270 1773 448 1851 sollemniis,
461 1774 687 1839 eucharistiam
700 1775 817 1859 populo
832 1775 918 1850 dare,
928 1774 1088 1851 dicebant,
1099 1779 1138 1838 ιιι
1152 1773 1246 1857 vulgo
1256 1773 1369 1850 fertur,

259 1861 313 1922 ad
327 1881 400 1923 eum
419 1861 558 1934 barbara
577 1859 680 1924 inflati
700 1860 858 1924 stultitia:
884 1860 985 1938 Quare
1005 1880 1065 1923 uon
1086 1867 1114 1922 et
1134 1857 1217 1922 uota
1230 1859 1372 1942 poniprir

267 1966 378 2028 partem
392 1945 534 2022 nitidum,
549 1966 634 2029 quom
647 1955 674 2008 et
686 1947 779 2028 patri
793 1955 891 2010 uostm
904 1944 1017 2023 erata,
1031 1946 1077 2008 sio
1089 1965 1217 2029 eamque
1229 1965 1298 2006 eum
1325 1965 1370 2028 p-

263 2029 382 2114 pathura
403 2041 586 2106 amnuerunt,
601 2029 704 2108 dadae,
721 2041 748 2094 et
761 2031 876 2116 populo
896 2030 997 2094 addua
1017 2031 1094 2094 dare
1113 2030 1149 2092 iu
1169 2029 1290 2094 talaia
1310 2042 1413 2093 noeto
1533 2040 1534 2099 ζ

270 2115 412 2178 damis?
457 2115 579 2196 Quibus
603 2115 655 2179 ille
679 2137 731 2180 res
753 2112 914 2181 ondeliat:
937 2117 976 2180 aa·
996 2115 1088 2180 uultis
1108 2113 1194 2179 attus·
1207 2117 1297 2198 faute
1316 2114 1372 2180 itta

269 2200 403 2264 atuatt
416 2222 472 2285 quo
487 2211 580 2286 pater
596 2211 689 2265 aester
701 2139 821 2266 adura
837 2212 887 2280 at,
903 2202 1029 2287 potesta
1044 2202 1138 2264 etium
1152 2201 1250 2284 punis
1261 2202 1371 2278 sasai,

270 2285 321 2348 oui
342 2286 394 2350 tut
409 2286 630 2372 participabat,
648 2309 706 2352 aare
747 2288 911 2373 artioipee:
932 2288 982 2351 siu
1001 2297 1100 2351 autera
1118 2287 1277 2350 munaum
1297 2287 1372 2350 oitoe

270 2372 464 2450 ooutemuitie,
487 2373 658 2436 nullatanus
679 2309 787 2436 nubtis
804 2395 917 2458 panem
939 2373 1012 2436 uitae
1030 2372 1218 2456 puerpera..
1244 2377 1295 2436 At
1315 2371 1370 2449 illi,

219 2519 224 2532 ,
270 2457 429 2534 Nobuaur,
445 2457 601 2542 inquiunt,
615 2457 737 2543 fautum
751 2459 840 2522 utun
853 2460 980 2536 intrare,
995 2458 1070 2542 quta
1083 2479 1136 2521 uer
1148 2478 1221 2542 opus
1242 2456 1296 2520 itu
1317 2479 1371 2522 aaa

269 2541 374 2607 labere
398 2544 541 2623 muium,
564 2545 618 2609 aad
640 2555 740 2609 tamea
755 2567 840 2629 poue
860 2544 914 2609 itu
934 2544 1018 2627 reflui
1039 2543 1181 2608 oobmu.
1227 2542 1410 2629 Oumquees

270 2628 439 2715 diligenter
460 2653 498 2695 au
521 2653 605 2716 saepe
626 2631 668 2695 ab
689 2630 742 2695 illo
764 2637 872 2695 essent
893 2629 1058 2707 admoniti,
1079 2651 1281 2713 nequaquam
1300 2630 1370 2693 fieri

269 2736 362 2798 posse
379 2722 417 2779 ut
438 2718 559 2802 absque
575 2716 766 2817 purgatione
786 2722 992 2781 saumsaneta
1006 2714 1076 2799 quis
1090 2714 1244 2779 oblationi
1265 2736 1370 2779 sauro

270 2807 389 2865 sanetae
405 2809 685 2879 Peommunreeret,
701 2803 744 2865 ad
761 2802 908 2865 ultimum
921 2803 1028 2867 surore
1043 2800 1204 2877 commoti,
1219 2800 1369 2865 aiebant:

271 2885 310 2948 Si
319 2907 379 2949 uou
394 2888 440 2950 ais
453 2888 624 2952 saumuro
633 2886 716 2951 uobis
726 2889 760 2951 iu
771 2898 835 2951 tum
841 2888 939 2971 faciti
953 2908 1047 2951 eausa
1059 2908 1152 2971 quum
1158 2888 1302 2971 petimus,
1311 2908 1371 2951 uon

263 2972 378 3054 poteris
384 2971 455 3054 jam
469 2974 504 3036 iu
518 2983 621 3037 uestra
632 2975 794 3057 prooiuau'a
807 2973 972 3037 demormi
1016 2972 1063 3036 Et
1076 2972 1267 3055 expulerunt
1287 2994 1370 3051 enm,

270 3077 308 3119 ao
323 3056 435 3155 desuo
449 3079 484 3121 re
528 3080 548 3121 o
563 3080 636 3157 eum
651 3057 716 3121 suis
730 3058 818 3158 abire
830 3060 1005 3157 jusserunt.

107 3155 239 3270 iiiiii}
270 3142 377 3290 rerilili
390 3144 764 3329 eetxlustbsebbiridodiridl
771 3144 1264 3315 qdidlildnb'istiiiditilgndirdiiidl
1286 3144 1411 3293 lagg-4⁰

109 3301 198 3335 ΨΜ
271 3317 456 3397 cretumque
476 3320 525 3378 est
546 3336 704 3379 sommum
724 3315 863 3392 oonsilio,
881 3315 956 3400 quia
975 3315 1075 3379 satius
1095 3322 1180 3380 esset
1201 3322 1239 3379 ut
1261 3337 1371 3378 omnes

271 3398 410 3481 patriam
423 3400 601 3478 redeuntes,
612 3400 712 3465 libera
726 3400 770 3463 ibi
785 3408 892 3465 mente
907 3401 1044 3465 Domino
1056 3401 1262 3477 deservirent,
1274 3422 1372 3485 quam

271 3482 356 3547 inter
369 3485 500 3549 rebelles
513 3486 588 3549 fidei
602 3487 756 3551 barbaros
771 3486 840 3551 sine
849 3486 957 3550 fructu
971 3486 1156 3550 residerent.
1187 3486 1371 3551 Discessere

271 3566 380 3653 itaque
396 3570 510 3654 rprimo
527 3572 668 3635 Mellitus
683 3594 720 3636 ae
735 3572 759 3635 J
760 3579 861 3648 ustus,
876 3579 974 3657 atque
989 3573 1031 3635 ad
1049 3579 1159 3657 partes
1175 3572 1286 3635 Galliae
1301 3594 1372 3635 sue-
1534 3627 1535 3658 3

271 3677 400 3733 sessore,
427 3656 471 3719 ibi
494 3679 601 3720 rerum
622 3657 719 3721 finem
744 3664 929 3741 exspectare
953 3657 1167 3741 disponentes.
1212 3658 1277 3721 Sed
1306 3681 1370 3721 non
1380 3674 1410 3723 45
1534 3691 1535 3714 ι

305 3854 374 3899 ¹*nul
385 3851 414 3899 V.
481 3851 647 3911 ntujumrodi
659 3850 688 3898 V.
765 3850 875 3900 osaeba
886 3851 916 3899 V.
990 3853 1181 3901 ncommuaicet
1192 3852 1223 3899 V.
1299 3854 1372 3901 sad·

271 3918 360 3965 seutin'
372 3916 401 3965 V.
508 3926 519 3955 r
526 3918 606 3978 primi
618 3914 647 3962 V.

308 4076 345 4126 16.
357 4080 479 4139 apostotus
491 4077 609 4139 testatur]
627 4091 637 4125 1
651 4077 708 4125 Cor.
718 4092 740 4124 v.
753 4091 774 4123 1.

304 4142 338 4189 ib.
350 4156 453 4189 usmeta
459 4143 553 4203 patris]
568 4143 626 4189 Post
637 4151 741 4189 mortem
755 4142 849 4190 Ber-eta
860 4142 934 4189 uliam
944 4142 1047 4189 duxerat
1056 4141 1312 4202 AEdilbemtnnqusm
1323 4141 1375 4189 hie·

273 4206 344 4253 torici
352 4206 388 4253 ob*
396 4206 514 4253 incesnrm
527 4207 595 4254 nullo
607 4206 739 4268 dignantur
750 4208 857 4254 nomina.
870 4207 898 4253 S.

306 4284 345 4332 ²9·
359 4270 438 4331 Saba]
454 4272 593 4318 saxonibus
604 4271 711 4333 antiquis
722 4271 824 4317 uomina
835 4270 975 4318 abbreviare
988 4284 1017 4317 aa
1028 4270 1172 4317 contrahere
1183 4285 1234 4318 non
1245 4270 1372 4318 insolitum

272 4334 328 4391 fuit,
336 4335 372 4381 sie
384 4334 527 4383 Cuthulium
537 4344 562 4383 ot
573 4336 729 4384 Cutlvwinum
742 4335 767 4382 in
779 4336 895 4392 (lethum,
904 4334 1042 4383 ceolrieum
1054 4334 1079 4381 in
1090 4334 1199 4395 ceolam,
1208 4336 1338 4383 &bertum
1347 4335 1373 4381 in

272 4399 371 4457 Snbsm,
383 4401 429 4447 &a
438 4399 464 4446 S.

304 4475 345 4521 40.
356 4466 424 4511 uenit
444 4463 558 4511 &aarum
577 4463 744 4523 tractaturus]
766 4463 840 4510 Hune
856 4471 1003 4512 conventum
1019 4462 1084 4512 iuter
1100 4464 1212 4512 concilia
1228 4462 1374 4513 Britannias

272 4534 403 4577 numerent
416 4527 497 4576 Marsi
511 4542 534 4573 v.
546 4543 570 4576 x.
582 4542 605 4589 p.
615 4541 655 4590 55.
671 4527 781 4575 Wilkins
793 4543 815 4576 v.
826 4528 843 4576 i.
856 4542 878 4589 p.
890 4542 929 4589 30.
