3100 5125
480 252 654 327 BAEDAE
685 254 980 323 PRAEFATIO.
1253 260 1275 323 8

175 409 346 495 pruvincia
361 412 571 481 Orientalium
588 414 705 479 *amu
718 420 753 479 et
767 413 1018 481 Occidentalium
1039 415 1202 481 Saxonum
1216 438 1275 483 nec

176 517 242 563 uon
261 504 298 563 et
321 499 530 565 Orientalium
557 500 735 585 Anglorum
759 506 858 587 atque
884 500 1230 585 Nordanhymbrorum,
1254 526 1276 567 a

136 608 168 643 ιο
177 582 291 665 quibus
310 585 499 669 praeaudiens
511 586 560 651 vel
574 607 708 670 quorum
724 593 869 670 tempore
890 608 1001 671 regum
1022 587 1161 671 gratiam
1182 609 1275 653 evan·

174 668 249 753 gelii
262 670 472 755 perceperint,
486 672 636 737 nonnulla
649 671 727 735 mihi
744 694 785 735 ex
804 678 897 755 parte
916 671 1134 756 prodiderunt.
1178 673 1275 737 Deni-

175 776 238 837 que
267 756 399 821 hortatu
428 758 586 841 praecipue
614 758 712 842 ipsius
735 756 846 821 Albini
876 765 914 823 ut
943 757 1004 823 hoc
1033 779 1112 841 opus
1141 756 1275 843 adgredi

173 840 325 906 auderem
365 848 535 907 revocatus
551 864 631 909 sum.
692 844 811 907 Sedet
833 842 984 909 ¹Danihel
1003 844 1275 910 reverentissimus

175 924 292 991 Occide
362 927 426 992 'um
448 928 611 994 &nonum
632 929 797 1013 episeopus
819 929 872 1013 qui
894 951 977 993 nunc
999 951 1098 1015 usque
1119 938 1273 1014 superest,

175 1012 326 1076 nonnulla
339 1013 415 1077 mihi
430 1014 471 1077 de
486 1014 622 1078 historia
641 1014 853 1079 ecclesiastica
872 1014 1041 1099 provinciae
1063 1014 1161 1099 ipsius
1180 1015 1274 1081 simul

174 1102 210 1159 et
224 1097 368 1181 proxima
381 1099 426 1162 illi
441 1100 640 1163 Australium
652 1100 815 1164 Saxonum
829 1121 886 1163 nec
901 1122 965 1163 non
980 1106 1014 1164 et
1028 1100 1141 1164 Veetae
1152 1100 1272 1179 insula,

134 1208 164 1255 25
175 1181 275 1247 literis
299 1184 453 1249 mandata
480 1185 663 1249 declaravit.
708 1186 852 1267 Qualiter
876 1207 950 1249 vero
979 1208 1036 1270 per
1064 1187 1273 1251 ministerium

57 1348 60 1355 Ι
174 1267 276 1355 Oeddi
296 1275 332 1333 et
353 1270 515 1336 mOeadda
535 1271 591 1334 reli
615 1271 751 1335 ‘osorum
771 1271 890 1336 Ohristi
910 1272 1120 1348 sacerdotum,
1136 1272 1185 1335 vel
1202 1295 1272 1356 pro

175 1353 277 1421 auda
293 1354 487 1420 Marciorum
506 1357 549 1420 ad
563 1357 585 1419 fi
609 1364 659 1419 em
674 1356 794 1421 Christi
812 1379 907 1443 quam
925 1378 988 1421 non
1008 1363 1149 1433 noverat,
1165 1378 1272 1441 perve-

174 1438 267 1515 nerit,
291 1441 340 1503 vel
360 1442 521 1525 provincia
543 1442 752 1507 Orientalium
776 1443 937 1507 Saxonum
962 1442 1058 1505 fidem
1080 1464 1174 1525 quam
1199 1442 1272 1506 olim

175 1524 406 1604 exsufflaverat,
421 1528 663 1611 recuperaverit,
680 1529 781 1613 qualis
796 1528 892 1593 etiam
907 1528 1047 1612 ipsorum
1063 1533 1192 1612 patrum
1207 1529 1273 1593 vita

133 1632 167 1678 3ο
176 1609 224 1672 vel
238 1611 345 1675 obitus
364 1612 519 1689 extiterit,
535 1613 703 1699 diligenter
719 1637 740 1677 a
753 1613 907 1677 fratribus
923 1613 1107 1676 monasterii
1128 1614 1211 1698 quod
1231 1615 1273 1678 ab

175 1694 252 1778 ipsis
269 1698 433 1762 conditum
448 1699 651 1783 Lastiugaeu
665 1700 916 1786 agnominatur,
932 1699 1125 1783 agnovimus.
1171 1698 1274 1764 Porro

174 1780 208 1844 in
221 1782 383 1865 provincia
398 1783 608 1848 Orientalium
623 1784 801 1870 Anglorum
815 1806 886 1868 quae
900 1785 1019 1849 fuerint
1037 1790 1130 1869 gesta
1149 1784 1274 1848 ecclesi-

174 1866 284 1943 astica,
300 1870 419 1951 partim
433 1891 474 1932 ex
488 1870 615 1954 scriptis
629 1871 678 1933 vel
691 1870 865 1934 traditione
884 1870 1034 1953 priorum,
1049 1868 1169 1952 partim
1188 1891 1273 1933 reve-

174 1952 346 2016 rentissimi
372 1955 500 2018 abbatis
529 1955 585 2018 Esi
615 1956 768 2019 relatione
798 1955 1014 2039 comperimus.
1060 1953 1108 2017 At
1137 1977 1212 2018 vero
1241 1956 1274 2017 in

174 2037 336 2120 provincia
359 2039 497 2102 Lindissi
516 2063 586 2124 quae
609 2040 673 2104 sint
694 2047 788 2139 gesta
809 2062 886 2125 erga
905 2040 1001 2102 fidem
1024 2038 1143 2103 Christi
1165 2062 1274 2125 quaeve

175 2124 331 2186 successio
354 2126 559 2189 sacerdotalis
585 2125 739 2202 extiterit,
759 2126 808 2189 vel
829 2125 929 2189 literis
951 2125 1194 2189 reverentissimi
1219 2148 1274 2189 an-

133 2208 290 2279 sstistitis
319 2210 501 2295 Gynibercti
527 2210 575 2275 vel
604 2211 737 2274 aliorum
765 2211 907 2274 fidelium
936 2210 1074 2273 virorum
1103 2211 1174 2274 viva
1198 2233 1274 2275 voce

176 2293 350 2358 didicimus.
395 2297 474 2375 Quae
490 2303 619 2359 nautem
640 2296 673 2358 in
695 2296 1033 2380 Nordanhymbrorum
1052 2296 1212 2379 provincia
1233 2319 1272 2359 ex

122 2397 239 2464 39quo
253 2387 396 2465 tempore
410 2382 506 2445 fidem
522 2381 640 2446 Ohristi
654 2389 864 2467 perceperunt
881 2403 980 2465 usque
997 2380 1040 2444 ad
1059 2403 1198 2464 praesens
1216 2404 1273 2465 per

102 2468 116 2490 ⁶
175 2465 316 2529 diversas
344 2488 380 2529 re
403 2467 489 2530 'ones
518 2467 551 2529 in
580 2468 710 2531 ecclesia
739 2468 805 2531 sint
834 2475 916 2544 acta,
947 2488 1010 2529 non
1039 2488 1102 2528 uno
1132 2467 1273 2549 quolibet

174 2557 315 2629 auctore,
340 2576 356 2616 s
421 2552 506 2617 fideli
532 2553 767 2617 innumerorum
791 2552 921 2617 testium
947 2551 1001 2636 qui
1025 2553 1095 2615 haee
1120 2552 1199 2615 scire
1225 2552 1274 2616 vel

173 2637 352 2702 meminisse
371 2645 523 2724 poterant
543 2639 724 2703 adsertione
746 2639 886 2724 cognovi,
903 2637 1043 2721 exceptis
1063 2638 1197 2721 hisquae
1216 2660 1274 2721 per

174 2721 328 2806 meipsum
342 2746 436 2788 nesse
449 2731 604 2809 poteram.
650 2726 741 2788 Inter
754 2746 825 2809 quae
843 2724 1028 2799 notandum,
1044 2723 1130 2806 quod
1150 2745 1187 2785 ea
1202 2745 1273 2805 quae

150 2808 214 2874 ede
233 2809 433 2873 sanctissimo
453 2817 547 2894 patre
568 2816 603 2874 et
623 2810 770 2874 antistite
792 2809 971 2874 Oudbercto
989 2808 1037 2871 vel
1057 2807 1090 2869 in
1110 2807 1170 2871 hoo
1188 2808 1273 2871 volu-

172 2893 258 2956 mine
272 2894 320 2958 vel
341 2895 374 2958 in
396 2895 500 2959 libello
516 2897 686 2960 Gestorum
707 2894 806 2978 ipsius
828 2892 1006 2978 conscripsi,
1025 2893 1143 2978 partim
1165 2916 1203 2957 ex
1227 2894 1271 2957 eis

172 3001 244 3062 quae
259 2979 300 3042 de
320 2981 372 3044 illo
391 2980 480 3065 prius
499 3005 519 3045 a
538 2981 691 3045 fratribus
713 2978 851 3043 ecclesiae
869 2979 1133 3042 Lindisfarnensis
1154 2979 1272 3062 scripta

172 3065 276 3148 reperi
302 3066 473 3151 adsumpsi,
501 3066 684 3151 simpliciter
712 3066 808 3128 fidem
838 3064 978 3128 historiae
1005 3087 1101 3211 guam
1129 3064 1273 3148 legebam

172 3151 425 3228 accommodans,
436 3152 555 3236 partim
569 3174 643 3216 vero
657 3174 696 3215 ea
711 3173 782 3235 quae
797 3149 1004 3213 certissimafi
1027 3149 1123 3212 elium
1133 3149 1272 3212 virorum

172 3235 390 3301 adtestatione
405 3259 463 3321 per
482 3259 533 3300 me
547 3237 634 3321 “ipse
651 3257 840 3322 cognoscere
859 3234 950 3320 potui
973 3234 1117 3298 sollerter
1135 3233 1270 3318 adjicere

136 3322 290 3384 recuravi.
337 3323 567 3406 Lectoremque
588 3321 771 3406 suppliciter
796 3321 935 3395 obsecro,
963 3326 1000 3383 ut
1024 3321 1050 3382 si
1075 3341 1137 3404 qua
1163 3320 1195 3381 in
1222 3320 1407 3394 hisSupprica-

174 3428 244 3489 quae
260 3407 441 3492 scripsimus
460 3408 554 3471 aliter
572 3430 667 3492 quam
685 3430 719 3471 se
733 3407 851 3470 veritas
870 3407 970 3469 habet
986 3405 1091 3489 posita
1108 3406 1270 3488 repererit,
1280 3401 1358 3476 ‘³⁰¹3OE
1369 3415 1426 3448 ⁸¹¹⁰·

172 3513 238 3555 non
255 3493 315 3556 hcc
335 3493 426 3556 nobis
445 3493 583 3577 imputet
602 3493 665 3577 qui,
681 3493 786 3577 pquod
801 3514 875 3555 vera
895 3492 947 3554 lex
964 3491 1104 3554 historiae
1125 3496 1183 3565 est,
1200 3490 1271 3553 sim·
1282 3474 1349 3512 ‘⁰¹¹⁵‘

171 3577 298 3661 pliciter
322 3601 361 3643 ea
387 3601 457 3678 quae
479 3581 564 3643 fama
585 3580 733 3664 vulgante
759 3577 939 3662 collegimus
964 3577 1007 3640 ad
1032 3575 1271 3640 instructionem

172 3664 372 3746 posteritatis
386 3664 486 3728 literis
500 3665 652 3728 mandare
666 3663 853 3727 studuimus.

218 3749 384 3814 Praeterea
407 3772 516 3814 omnes
541 3751 584 3814 ad
607 3772 686 3836 quos
709 3751 779 3812 haec
802 3749 913 3812 eadem
937 3747 1083 3810 Historia
1108 3745 1271 3830 pervenire

205 3933 222 3972 k
236 3933 365 3982 Serenam
378 3942 433 3996 post
446 3933 613 3982 Orientdim
624 3934 656 3982 V.
744 3935 753 3973 l
765 3933 862 3982 Daniel
871 3949 964 3996 qaoque
975 3933 1004 3980 V.
1093 3941 1115 3970 m
1129 3931 1231 3977 Ceaddoe
1241 3930 1271 3977 V.

174 3996 222 4047 Sed
234 4001 265 4048 de
277 4007 360 4047 nostra
371 3999 476 4046 lectione
486 4000 542 4048 vide
553 3999 619 4046 Hist.
631 3999 663 4047 iv.
673 4011 698 4058 a,
709 4013 730 4058 3.
838 4009 852 4037 u
865 3999 898 4044 od
908 4000 959 4044 toec
968 4012 1022 4060 qua
1033 3997 1060 4042 tn
1071 3995 1100 4042 V.
1207 4005 1221 4033 0
1232 4009 1271 4041 me

173 4066 251 4127 {vrum
266 4065 295 4112 V.
329 4065 376 4111 Sed
392 4065 423 4111 de
439 4071 524 4112 nostra
540 4063 690 4112 correctione
706 4061 762 4109 vide
781 4063 870 4109 Bedem
889 4061 913 4107 in
935 4061 1085 4123 peroratione
1105 4058 1171 4105 Hist.
1188 4074 1211 4105 v.
1231 4069 1269 4118 25·

172 4139 188 4177 ι)
200 4145 255 4192 qaae
267 4143 327 4176 vcra
336 4127 398 4176 V.G.

208 4268 391 4329 14.Praetma
401 4268 497 4330 omnes]
511 4269 561 4316 Diu
574 4268 680 4315 mirabar
692 4267 756 4313 uude
766 4272 805 4313 tot
819 4265 915 4312 codices
928 4265 992 4312 hauc
1005 4262 1138 4310 clausulam
1155 4269 1273 4322 ponerent

172 4333 199 4381 ic
212 4333 261 4381 tine
271 4333 389 4381 Historia
400 4340 486 4381 contra
496 4333 590 4393 optima
600 4331 757 4391 exemplaria.
781 4331 829 4378 Sed
841 4330 958 4377 accedens
968 4328 1067 4377 tandem
1080 4327 1111 4375 ad
1120 4327 1176 4374 MS.
1186 4326 1272 4374 Cotto·

697 4397 752 4460 aa
