<?xml version="1.0" encoding="UTF-8"?>
<!DOCTYPE html PUBLIC "-//W3C//DTD XHTML 1.0 Transitional//EN"
    "http://www.w3.org/TR/xhtml1/DTD/xhtml1-transitional.dtd">
<html xmlns="http://www.w3.org/1999/xhtml" xml:lang="en" lang="en">
 <head>
  <title>
</title>
<meta http-equiv="Content-Type" content="text/html;charset=utf-8" />
  <meta name='ocr-system' content='tesseract 3.04.00' />
  <meta name='ocr-capabilities' content='ocr_page ocr_carea ocr_par ocr_line ocrx_word'/>
</head>
<body>
  <div class='ocr_page' id='page_1' title='image "./historiaecclesi00hussgoog_0359.png"; bbox 0 0 3100 5125; ppageno 0'>
   <div class='ocr_carea' id='block_1_1' title="bbox 285 338 949 409">
    <p class='ocr_par' dir='ltr' id='par_1_1' title="bbox 285 338 949 409">
     <span class='ocr_line' id='line_1_1' title="bbox 285 338 949 409; baseline -0.011 0"><span class='ocrx_word' id='word_1_1' title='bbox 285 348 351 409; x_wconf 75' lang='lat'><strong>84⁰</strong></span> <span class='ocrx_word' id='word_1_2' title='bbox 723 338 949 403; x_wconf 80' lang='lat' dir='ltr'><strong>EPISTOLA</strong></span> 
     </span>
    </p>
   </div>
   <div class='ocr_carea' id='block_1_2' title="bbox 198 487 1548 3996">
    <p class='ocr_par' dir='ltr' id='par_1_2' title="bbox 286 487 1417 1005">
     <span class='ocr_line' id='line_1_2' title="bbox 286 487 1393 577; baseline -0.007 -16"><span class='ocrx_word' id='word_1_3' title='bbox 286 498 472 561; x_wconf 71' lang='lat' dir='ltr'><strong>dementata</strong></span> <span class='ocrx_word' id='word_1_4' title='bbox 493 500 553 569; x_wconf 86' lang='lat' dir='ltr'><strong>est,</strong></span> <span class='ocrx_word' id='word_1_5' title='bbox 573 499 612 556; x_wconf 93' lang='lat' dir='ltr'><strong>ut</strong></span> <span class='ocrx_word' id='word_1_6' title='bbox 632 492 735 555; x_wconf 87' lang='lat' dir='ltr'><strong>nullus</strong></span> <span class='ocrx_word' id='word_1_7' title='bbox 756 514 838 577; x_wconf 86' lang='lat' dir='ltr'><strong>pene</strong></span> <span class='ocrx_word' id='word_1_8' title='bbox 859 492 972 557; x_wconf 81' lang='lat' dir='ltr'><strong>exinde</strong></span> <span class='ocrx_word' id='word_1_9' title='bbox 994 491 1216 575; x_wconf 82' lang='lat' dir='ltr'><strong>praelectorum</strong></span> <span class='ocrx_word' id='word_1_10' title='bbox 1238 487 1393 553; x_wconf 85' lang='lat' dir='ltr'><strong>extiterit</strong></span> 
     </span>
     <span class='ocr_line' id='line_1_3' title="bbox 287 575 1392 667; baseline -0.006 -22"><span class='ocrx_word' id='word_1_11' title='bbox 287 580 341 667; x_wconf 91' lang='lat' dir='ltr'><strong>qui</strong></span> <span class='ocrx_word' id='word_1_12' title='bbox 356 602 419 644; x_wconf 92' lang='lat' dir='ltr'><strong>non</strong></span> <span class='ocrx_word' id='word_1_13' title='bbox 433 578 613 663; x_wconf 86' lang='lat' dir='ltr'><strong>hujusmodi</strong></span> <span class='ocrx_word' id='word_1_14' title='bbox 624 577 684 641; x_wconf 86' lang='lat' dir='ltr'><strong>sibi</strong></span> <span class='ocrx_word' id='word_1_15' title='bbox 694 578 923 643; x_wconf 80' lang='lat' dir='ltr'><strong>monesterium</strong></span> <span class='ocrx_word' id='word_1_16' title='bbox 936 577 970 641; x_wconf 89' lang='lat' dir='ltr'><strong>in</strong></span> <span class='ocrx_word' id='word_1_17' title='bbox 982 576 1095 639; x_wconf 89' lang='lat' dir='ltr'><strong>diebus</strong></span> <span class='ocrx_word' id='word_1_18' title='bbox 1104 598 1170 639; x_wconf 84' lang='lat' dir='ltr'><strong>suae</strong></span> <span class='ocrx_word' id='word_1_19' title='bbox 1184 575 1392 660; x_wconf 81' lang='lat' dir='ltr'><strong>praefecturae</strong></span> 
     </span>
     <span class='ocr_line' id='line_1_4' title="bbox 287 659 1393 750; baseline -0.007 -19"><span class='ocrx_word' id='word_1_20' title='bbox 287 664 539 750; x_wconf 73' lang='lat' dir='ltr'><strong>tcomparaverit,</strong></span> <span class='ocrx_word' id='word_1_21' title='bbox 565 685 717 746; x_wconf 78' lang='lat' dir='ltr'><strong>suamque</strong></span> <span class='ocrx_word' id='word_1_22' title='bbox 746 662 839 726; x_wconf 88' lang='lat' dir='ltr'><strong>simul</strong></span> <span class='ocrx_word' id='word_1_23' title='bbox 867 664 1034 748; x_wconf 82' lang='lat' dir='ltr'><strong>conjugem</strong></span> <span class='ocrx_word' id='word_1_24' title='bbox 1062 661 1132 745; x_wconf 80' lang='lat' dir='ltr'><strong>peri</strong></span> <span class='ocrx_word' id='word_1_25' title='bbox 1160 668 1254 726; x_wconf 81' lang='lat' dir='ltr'><strong>rectu</strong></span> <span class='ocrx_word' id='word_1_26' title='bbox 1282 659 1393 723; x_wconf 85' lang='lat' dir='ltr'><strong>nocivi</strong></span> 
     </span>
     <span class='ocr_line' id='line_1_5' title="bbox 287 744 1393 833; baseline -0.007 -18"><span class='ocrx_word' id='word_1_27' title='bbox 287 757 447 815; x_wconf 80' lang='lat' dir='ltr'><strong>mercatus</strong></span> <span class='ocrx_word' id='word_1_28' title='bbox 469 748 694 816; x_wconf 73' lang='lat' dir='ltr'><strong>uastnnxeric:</strong></span> <span class='ocrx_word' id='word_1_29' title='bbox 726 771 764 813; x_wconf 84' lang='lat' dir='ltr'><strong>ec</strong></span> <span class='ocrx_word' id='word_1_30' title='bbox 786 749 978 831; x_wconf 83' lang='lat' dir='ltr'><strong>praevnlente</strong></span> <span class='ocrx_word' id='word_1_31' title='bbox 999 746 1136 833; x_wconf 80' lang='lat' dir='ltr'><strong>pessime</strong></span> <span class='ocrx_word' id='word_1_32' title='bbox 1158 744 1393 810; x_wconf 88' lang='lat' dir='ltr'><strong>consuetudine</strong></span> 
     </span>
     <span class='ocr_line' id='line_1_6' title="bbox 287 832 1417 923; baseline -0.007 -22"><span class='ocrx_word' id='word_1_33' title='bbox 287 835 424 902; x_wconf 88' lang='lat' dir='ltr'><strong>ministri</strong></span> <span class='ocrx_word' id='word_1_34' title='bbox 438 856 563 923; x_wconf 90' lang='lat' dir='ltr'><strong>quoque</strong></span> <span class='ocrx_word' id='word_1_35' title='bbox 576 834 660 919; x_wconf 87' lang='lat' dir='ltr'><strong>regis</strong></span> <span class='ocrx_word' id='word_1_36' title='bbox 674 856 713 899; x_wconf 82' lang='lat' dir='ltr'><strong>cc</strong></span> <span class='ocrx_word' id='word_1_37' title='bbox 725 834 834 898; x_wconf 74' lang='lat' dir='ltr'><strong>tomuli</strong></span> <span class='ocrx_word' id='word_1_38' title='bbox 849 834 932 899; x_wconf 91' lang='lat' dir='ltr'><strong>idem</strong></span> <span class='ocrx_word' id='word_1_39' title='bbox 946 832 1052 901; x_wconf 78' lang='lat' dir='ltr'><strong>secere</strong></span> <span class='ocrx_word' id='word_1_40' title='bbox 1067 832 1251 917; x_wconf 72' lang='lat' dir='ltr'><strong>sategerint.</strong></span> <span class='ocrx_word' id='word_1_41' title='bbox 1275 833 1417 913; x_wconf 74' lang='lat' dir='ltr'><strong>Atqnes</strong></span> 
     </span>
     <span class='ocr_line' id='line_1_7' title="bbox 289 916 1393 1005; baseline -0.008 -18"><span class='ocrx_word' id='word_1_42' title='bbox 289 923 338 987; x_wconf 67' lang='lat' dir='ltr'><strong>ita</strong></span> <span class='ocrx_word' id='word_1_43' title='bbox 365 920 475 985; x_wconf 89' lang='lat' dir='ltr'><strong>ordine</strong></span> <span class='ocrx_word' id='word_1_44' title='bbox 500 940 648 1005; x_wconf 86' lang='lat' dir='ltr'><strong>perverso</strong></span> <span class='ocrx_word' id='word_1_45' title='bbox 675 918 832 985; x_wconf 84' lang='lat' dir='ltr'><strong>innumeri</strong></span> <span class='ocrx_word' id='word_1_46' title='bbox 856 918 922 983; x_wconf 87' lang='lat' dir='ltr'><strong>sint</strong></span> <span class='ocrx_word' id='word_1_47' title='bbox 948 918 1079 994; x_wconf 89' lang='lat' dir='ltr'><strong>inventi,</strong></span> <span class='ocrx_word' id='word_1_48' title='bbox 1104 917 1158 1000; x_wconf 90' lang='lat' dir='ltr'><strong>qui</strong></span> <span class='ocrx_word' id='word_1_49' title='bbox 1187 939 1222 981; x_wconf 87' lang='lat' dir='ltr'><strong>se</strong></span> <span class='ocrx_word' id='word_1_50' title='bbox 1251 916 1393 981; x_wconf 72' lang='lat' dir='ltr'><strong>abbates</strong></span> 
     </span>
    </p>

    <p class='ocr_par' dir='ltr' id='par_1_3' title="bbox 286 1001 1548 2628">
     <span class='ocr_line' id='line_1_8' title="bbox 348 1001 1392 1101; baseline -0.006 -31"><span class='ocrx_word' id='word_1_51' title='bbox 348 1006 458 1070; x_wconf 79' lang='lat' dir='ltr'><strong>‘teret</strong></span> <span class='ocrx_word' id='word_1_52' title='bbox 479 1007 647 1091; x_wconf 84' lang='lat' dir='ltr'><strong>praefectos</strong></span> <span class='ocrx_word' id='word_1_53' title='bbox 669 1005 755 1067; x_wconf 86' lang='lat' dir='ltr'><strong>¹sive</strong></span> <span class='ocrx_word' id='word_1_54' title='bbox 776 1004 938 1071; x_wconf 87' lang='lat' dir='ltr'><strong>ministros</strong></span> <span class='ocrx_word' id='word_1_55' title='bbox 955 1010 1013 1068; x_wconf 81' lang='lat' dir='ltr'><strong>eut</strong></span> <span class='ocrx_word' id='word_1_56' title='bbox 1029 1003 1165 1067; x_wconf 69' lang='lat' dir='ltr'><strong>famidos</strong></span> <span class='ocrx_word' id='word_1_57' title='bbox 1181 1002 1266 1101; x_wconf 82' lang='lat' dir='ltr'><strong>regis</strong></span> <span class='ocrx_word' id='word_1_58' title='bbox 1280 1001 1392 1088; x_wconf 78' lang='lat' dir='ltr'><strong>appel-</strong></span> 
     </span>
     <span class='ocr_line' id='line_1_9' title="bbox 286 1029 1392 1176; baseline -0.006 -19"><span class='ocrx_word' id='word_1_59' title='bbox 286 1029 367 1169; x_wconf 50' lang='grc' dir='ltr'><strong>Εἰ,</strong></span> <span class='ocrx_word' id='word_1_60' title='bbox 381 1092 437 1176; x_wconf 92' lang='lat' dir='ltr'><strong>qui</strong></span> <span class='ocrx_word' id='word_1_61' title='bbox 450 1091 512 1155; x_wconf 83' lang='lat' dir='ltr'><strong>etsi</strong></span> <span class='ocrx_word' id='word_1_62' title='bbox 525 1090 644 1174; x_wconf 78' lang='lat' dir='ltr'><strong>aliquid</strong></span> <span class='ocrx_word' id='word_1_63' title='bbox 658 1089 732 1154; x_wconf 76' lang='lat' dir='ltr'><strong>vitae</strong></span> <span class='ocrx_word' id='word_1_64' title='bbox 751 1089 982 1155; x_wconf 78' lang='lat' dir='ltr'><strong>menesterialis</strong></span> <span class='ocrx_word' id='word_1_65' title='bbox 1002 1088 1141 1153; x_wconf 73' lang='lat' dir='ltr'><strong>ediscere</strong></span> <span class='ocrx_word' id='word_1_66' title='bbox 1159 1088 1231 1155; x_wconf 76' lang='lat' dir='ltr'><strong>lsicl</strong></span> <span class='ocrx_word' id='word_1_67' title='bbox 1252 1108 1317 1149; x_wconf 93' lang='lat' dir='ltr'><strong>non</strong></span> <span class='ocrx_word' id='word_1_68' title='bbox 1335 1108 1392 1150; x_wconf 84' lang='lat' dir='ltr'><strong>ex-</strong></span> 
     </span>
     <span class='ocr_line' id='line_1_10' title="bbox 288 1172 1391 1262; baseline -0.004 -21"><span class='ocrx_word' id='word_1_69' title='bbox 288 1177 439 1262; x_wconf 87' lang='lat' dir='ltr'><strong>periendo</strong></span> <span class='ocrx_word' id='word_1_70' title='bbox 467 1177 524 1240; x_wconf 90' lang='lat' dir='ltr'><strong>sed</strong></span> <span class='ocrx_word' id='word_1_71' title='bbox 547 1174 706 1241; x_wconf 85' lang='lat' dir='ltr'><strong>eudiendo</strong></span> <span class='ocrx_word' id='word_1_72' title='bbox 729 1175 902 1261; x_wconf 87' lang='lat' dir='ltr'><strong>potuerint,</strong></span> <span class='ocrx_word' id='word_1_73' title='bbox 927 1198 949 1237; x_wconf 81' lang='lat' dir='ltr'><strong>c</strong></span> <span class='ocrx_word' id='word_1_74' title='bbox 973 1196 1109 1259; x_wconf 79' lang='lat' dir='ltr'><strong>persono</strong></span> <span class='ocrx_word' id='word_1_75' title='bbox 1134 1180 1242 1237; x_wconf 80' lang='lat' dir='ltr'><strong>temen</strong></span> <span class='ocrx_word' id='word_1_76' title='bbox 1268 1172 1324 1239; x_wconf 84' lang='lat' dir='ltr'><strong>illn</strong></span> <span class='ocrx_word' id='word_1_77' title='bbox 1348 1194 1391 1237; x_wconf 77' lang='lat' dir='ltr'><strong>uc</strong></span> 
     </span>
     <span class='ocr_line' id='line_1_11' title="bbox 308 1258 1391 1347; baseline -0.003 -21"><span class='ocrx_word' id='word_1_78' title='bbox 308 1262 482 1327; x_wconf 82' lang='lat' dir='ltr'><strong>rolessione</strong></span> <span class='ocrx_word' id='word_1_79' title='bbox 500 1284 571 1347; x_wconf 80' lang='lat' dir='ltr'><strong>quse</strong></span> <span class='ocrx_word' id='word_1_80' title='bbox 593 1261 675 1325; x_wconf 77' lang='lat' dir='ltr'><strong>hono</strong></span> <span class='ocrx_word' id='word_1_81' title='bbox 696 1260 809 1325; x_wconf 84' lang='lat' dir='ltr'><strong>docere</strong></span> <span class='ocrx_word' id='word_1_82' title='bbox 828 1262 972 1337; x_wconf 69' lang='lat' dir='ltr'><strong>ydebeat,</strong></span> <span class='ocrx_word' id='word_1_83' title='bbox 987 1266 1062 1324; x_wconf 89' lang='lat' dir='ltr'><strong>sunt</strong></span> <span class='ocrx_word' id='word_1_84' title='bbox 1083 1258 1227 1325; x_wconf 84' lang='lat' dir='ltr'><strong>funditus</strong></span> <span class='ocrx_word' id='word_1_85' title='bbox 1248 1264 1391 1324; x_wconf 81' lang='lat' dir='ltr'><strong>exortes.</strong></span> 
     </span>
     <span class='ocr_line' id='line_1_12' title="bbox 286 1286 1392 1447; baseline -0.002 -36"><span class='ocrx_word' id='word_1_86' title='bbox 286 1286 335 1413; x_wconf 56' lang='lat' dir='ltr'><strong>bt</strong></span> <span class='ocrx_word' id='word_1_87' title='bbox 361 1347 489 1447; x_wconf 78' lang='lat' dir='ltr'><strong>quidem</strong></span> <span class='ocrx_word' id='word_1_88' title='bbox 510 1348 591 1411; x_wconf 75' lang='lat' dir='ltr'><strong>tales</strong></span> <span class='ocrx_word' id='word_1_89' title='bbox 612 1352 753 1444; x_wconf 85' lang='lat' dir='ltr'><strong>repente,</strong></span> <span class='ocrx_word' id='word_1_90' title='bbox 776 1353 813 1409; x_wconf 92' lang='lat' dir='ltr'><strong>ut</strong></span> <span class='ocrx_word' id='word_1_91' title='bbox 836 1345 929 1422; x_wconf 88' lang='lat' dir='ltr'><strong>nosti,</strong></span> <span class='ocrx_word' id='word_1_92' title='bbox 945 1353 1110 1409; x_wconf 78' lang='lat' dir='ltr'><strong>tonsuram</strong></span> <span class='ocrx_word' id='word_1_93' title='bbox 1131 1366 1189 1428; x_wconf 86' lang='lat' dir='ltr'><strong>pro</strong></span> <span class='ocrx_word' id='word_1_94' title='bbox 1212 1366 1270 1407; x_wconf 90' lang='lat' dir='ltr'><strong>suo</strong></span> <span class='ocrx_word' id='word_1_95' title='bbox 1292 1342 1392 1409; x_wconf 84' lang='lat' dir='ltr'><strong>libitu</strong></span> 
     </span>
     <span class='ocr_line' id='line_1_13' title="bbox 287 1429 1437 1533; baseline -0.006 -34"><span class='ocrx_word' id='word_1_96' title='bbox 287 1433 457 1533; x_wconf 77' lang='lat' dir='ltr'><strong>occipiunt,</strong></span> <span class='ocrx_word' id='word_1_97' title='bbox 481 1454 539 1495; x_wconf 88' lang='lat' dir='ltr'><strong>suo</strong></span> <span class='ocrx_word' id='word_1_98' title='bbox 561 1453 706 1496; x_wconf 77' lang='lat' dir='ltr'><strong>examine</strong></span> <span class='ocrx_word' id='word_1_99' title='bbox 729 1432 770 1495; x_wconf 92' lang='lat' dir='ltr'><strong>de</strong></span> <span class='ocrx_word' id='word_1_100' title='bbox 792 1430 883 1497; x_wconf 76' lang='lat' dir='ltr'><strong>laicis</strong></span> <span class='ocrx_word' id='word_1_101' title='bbox 905 1452 969 1495; x_wconf 93' lang='lat' dir='ltr'><strong>non</strong></span> <span class='ocrx_word' id='word_1_102' title='bbox 991 1429 1147 1505; x_wconf 80' lang='lat' dir='ltr'><strong>monachi,</strong></span> <span class='ocrx_word' id='word_1_103' title='bbox 1170 1430 1226 1493; x_wconf 91' lang='lat' dir='ltr'><strong>sed</strong></span> <span class='ocrx_word' id='word_1_104' title='bbox 1251 1430 1390 1493; x_wconf 75' lang='lat' dir='ltr'><strong>abbates</strong></span> <span class='ocrx_word' id='word_1_105' title='bbox 1404 1457 1437 1492; x_wconf 87' lang='lat'><strong>10</strong></span> 
     </span>
     <span class='ocr_line' id='line_1_14' title="bbox 287 1514 1392 1604; baseline -0.005 -22"><span class='ocrx_word' id='word_1_106' title='bbox 287 1519 476 1583; x_wconf 74' lang='lat' dir='ltr'><strong>efficiuntur.</strong></span> <span class='ocrx_word' id='word_1_107' title='bbox 506 1518 570 1582; x_wconf 88' lang='lat' dir='ltr'><strong>Sed</strong></span> <span class='ocrx_word' id='word_1_108' title='bbox 584 1516 659 1604; x_wconf 75' lang='lat' dir='ltr'><strong>qrrie</strong></span> <span class='ocrx_word' id='word_1_109' title='bbox 673 1518 816 1601; x_wconf 77' lang='lat' dir='ltr'><strong>praefatae</strong></span> <span class='ocrx_word' id='word_1_110' title='bbox 831 1516 959 1581; x_wconf 85' lang='lat' dir='ltr'><strong>virtutis</strong></span> <span class='ocrx_word' id='word_1_111' title='bbox 975 1538 1032 1581; x_wconf 88' lang='lat' dir='ltr'><strong>nec</strong></span> <span class='ocrx_word' id='word_1_112' title='bbox 1046 1514 1196 1579; x_wconf 79' lang='lat' dir='ltr'><strong>notitiem</strong></span> <span class='ocrx_word' id='word_1_113' title='bbox 1209 1515 1392 1599; x_wconf 80' lang='lat' dir='ltr'><strong>probantur</strong></span> 
     </span>
     <span class='ocr_line' id='line_1_15' title="bbox 289 1598 1393 1687; baseline -0.007 -18"><span class='ocrx_word' id='word_1_114' title='bbox 289 1605 407 1672; x_wconf 82' lang='lat' dir='ltr'><strong>bebere</strong></span> <span class='ocrx_word' id='word_1_115' title='bbox 421 1626 479 1667; x_wconf 89' lang='lat' dir='ltr'><strong>nec</strong></span> <span class='ocrx_word' id='word_1_116' title='bbox 493 1603 643 1679; x_wconf 80' lang='lat' dir='ltr'><strong>studium,</strong></span> <span class='ocrx_word' id='word_1_117' title='bbox 660 1602 737 1687; x_wconf 92' lang='lat' dir='ltr'><strong>quid</strong></span> <span class='ocrx_word' id='word_1_118' title='bbox 755 1602 806 1667; x_wconf 88' lang='lat' dir='ltr'><strong>bis</strong></span> <span class='ocrx_word' id='word_1_119' title='bbox 823 1602 910 1667; x_wconf 87' lang='lat' dir='ltr'><strong>cliud</strong></span> <span class='ocrx_word' id='word_1_120' title='bbox 925 1624 1021 1687; x_wconf 78' lang='lat' dir='ltr'><strong>quem</strong></span> <span class='ocrx_word' id='word_1_121' title='bbox 1041 1600 1220 1685; x_wconf 72' lang='lat' dir='ltr'><strong>evangelice</strong></span> <span class='ocrx_word' id='word_1_122' title='bbox 1240 1598 1393 1663; x_wconf 86' lang='lat' dir='ltr'><strong>convenit</strong></span> 
     </span>
     <span class='ocr_line' id='line_1_16' title="bbox 288 1686 1390 1773; baseline -0.006 -19"><span class='ocrx_word' id='word_1_123' title='bbox 288 1689 469 1754; x_wconf 73' lang='lat' dir='ltr'><strong>muedictio</strong></span> <span class='ocrx_word' id='word_1_124' title='bbox 491 1689 553 1766; x_wconf 78' lang='lat' dir='ltr'><strong>ills,</strong></span> <span class='ocrx_word' id='word_1_125' title='bbox 575 1710 638 1773; x_wconf 84' lang='lat' dir='ltr'><strong>que</strong></span> <span class='ocrx_word' id='word_1_126' title='bbox 659 1687 795 1753; x_wconf 89' lang='lat' dir='ltr'><strong>dieitur:</strong></span> <span class='ocrx_word' id='word_1_127' title='bbox 823 1690 927 1751; x_wconf 70' lang='lat' dir='ltr'><strong>Oescus</strong></span> <span class='ocrx_word' id='word_1_128' title='bbox 947 1688 975 1751; x_wconf 80' lang='lat' dir='ltr'><strong>si</strong></span> <span class='ocrx_word' id='word_1_129' title='bbox 997 1708 1071 1751; x_wconf 71' lang='lat' dir='ltr'><strong>ccco</strong></span> <span class='ocrx_word' id='word_1_130' title='bbox 1093 1686 1237 1749; x_wconf 80' lang='lat' dir='ltr'><strong>dccctcm</strong></span> <span class='ocrx_word' id='word_1_131' title='bbox 1251 1694 1390 1769; x_wconf 66' lang='lat' dir='ltr'><strong>prostat,</strong></span> 
     </span>
     <span class='ocr_line' id='line_1_17' title="bbox 288 1769 1392 1859; baseline -0.006 -19"><span class='ocrx_word' id='word_1_132' title='bbox 288 1774 374 1840; x_wconf 74' lang='lat' dir='ltr'><strong>amco</strong></span> <span class='ocrx_word' id='word_1_133' title='bbox 398 1775 434 1838; x_wconf 80' lang='lat' dir='ltr'><strong>ic</strong></span> <span class='ocrx_word' id='word_1_134' title='bbox 447 1777 572 1859; x_wconf 84' lang='lat' dir='ltr'><strong>socccm</strong></span> <span class='ocrx_word' id='word_1_135' title='bbox 594 1773 732 1837; x_wconf 75' lang='lat' dir='ltr'><strong>rodens?</strong></span> <span class='ocrx_word' id='word_1_136' title='bbox 778 1774 856 1852; x_wconf 76' lang='lat' dir='ltr'><strong>Quae</strong></span> <span class='ocrx_word' id='word_1_137' title='bbox 879 1772 1026 1837; x_wconf 85' lang='lat' dir='ltr'><strong>nimirum</strong></span> <span class='ocrx_word' id='word_1_138' title='bbox 1051 1769 1179 1835; x_wconf 83' lang='lat' dir='ltr'><strong>caecitcs</strong></span> <span class='ocrx_word' id='word_1_139' title='bbox 1201 1775 1309 1854; x_wconf 87' lang='lat' dir='ltr'><strong>posset</strong></span> <span class='ocrx_word' id='word_1_140' title='bbox 1332 1769 1392 1833; x_wconf 78' lang='lat' dir='ltr'><strong>ali·</strong></span> 
     </span>
     <span class='ocr_line' id='line_1_18' title="bbox 290 1853 1392 1943; baseline -0.007 -19"><span class='ocrx_word' id='word_1_141' title='bbox 290 1860 417 1943; x_wconf 72' lang='lat' dir='ltr'><strong>quando</strong></span> <span class='ocrx_word' id='word_1_142' title='bbox 431 1859 604 1935; x_wconf 75' lang='lat' dir='ltr'><strong>terminari,</strong></span> <span class='ocrx_word' id='word_1_143' title='bbox 620 1880 659 1923; x_wconf 82' lang='lat' dir='ltr'><strong>ec</strong></span> <span class='ocrx_word' id='word_1_144' title='bbox 672 1858 809 1943; x_wconf 85' lang='lat' dir='ltr'><strong>regulnri</strong></span> <span class='ocrx_word' id='word_1_145' title='bbox 825 1857 991 1942; x_wconf 79' lang='lat' dir='ltr'><strong>discipline</strong></span> <span class='ocrx_word' id='word_1_146' title='bbox 1006 1856 1156 1931; x_wconf 88' lang='lat' dir='ltr'><strong>cobiberi,</strong></span> <span class='ocrx_word' id='word_1_147' title='bbox 1169 1862 1202 1919; x_wconf 88' lang='lat' dir='ltr'><strong>et</strong></span> <span class='ocrx_word' id='word_1_148' title='bbox 1217 1856 1256 1919; x_wconf 89' lang='lat' dir='ltr'><strong>de</strong></span> <span class='ocrx_word' id='word_1_149' title='bbox 1270 1853 1392 1917; x_wconf 82' lang='lat' dir='ltr'><strong>finibus</strong></span> 
     </span>
     <span class='ocr_line' id='line_1_19' title="bbox 289 1940 1391 2028; baseline -0.005 -19"><span class='ocrx_word' id='word_1_150' title='bbox 289 1953 410 2009; x_wconf 73' lang='lat' dir='ltr'><strong>mnetae</strong></span> <span class='ocrx_word' id='word_1_151' title='bbox 436 1945 574 2010; x_wconf 82' lang='lat' dir='ltr'><strong>eeclesiae</strong></span> <span class='ocrx_word' id='word_1_152' title='bbox 600 1944 722 2007; x_wconf 86' lang='lat' dir='ltr'><strong>cunctis</strong></span> <span class='ocrx_word' id='word_1_153' title='bbox 745 1944 919 2028; x_wconf 72' lang='lat' dir='ltr'><strong>pontificali</strong></span> <span class='ocrx_word' id='word_1_154' title='bbox 948 1964 986 2007; x_wconf 85' lang='lat' dir='ltr'><strong>ac</strong></span> <span class='ocrx_word' id='word_1_155' title='bbox 1016 1941 1166 2025; x_wconf 81' lang='lat' dir='ltr'><strong>synodice</strong></span> <span class='ocrx_word' id='word_1_156' title='bbox 1193 1940 1391 2005; x_wconf 73' lang='lat' dir='ltr'><strong>auctoritate</strong></span> 
     </span>
     <span class='ocr_line' id='line_1_20' title="bbox 289 2025 1435 2129; baseline -0.007 -36"><span class='ocrx_word' id='word_1_157' title='bbox 289 2031 399 2115; x_wconf 85' lang='lat' dir='ltr'><strong>procul</strong></span> <span class='ocrx_word' id='word_1_158' title='bbox 409 2030 530 2115; x_wconf 82' lang='lat' dir='ltr'><strong>expelli,</strong></span> <span class='ocrx_word' id='word_1_159' title='bbox 543 2030 569 2093; x_wconf 85' lang='lat' dir='ltr'><strong>si</strong></span> <span class='ocrx_word' id='word_1_160' title='bbox 584 2052 648 2092; x_wconf 93' lang='lat' dir='ltr'><strong>non</strong></span> <span class='ocrx_word' id='word_1_161' title='bbox 658 2029 723 2129; x_wconf 89' lang='lat' dir='ltr'><strong>ipsi</strong></span> <span class='ocrx_word' id='word_1_162' title='bbox 738 2029 905 2128; x_wconf 77' lang='lat' dir='ltr'><strong>pontifices</strong></span> <span class='ocrx_word' id='word_1_163' title='bbox 915 2028 1016 2113; x_wconf 77' lang='lat' dir='ltr'><strong>magis</strong></span> <span class='ocrx_word' id='word_1_164' title='bbox 1027 2026 1207 2125; x_wconf 82' lang='lat' dir='ltr'><strong>hujusmodi</strong></span> <span class='ocrx_word' id='word_1_165' title='bbox 1219 2025 1390 2091; x_wconf 83' lang='lat' dir='ltr'><strong>sceleribus</strong></span> <span class='ocrx_word' id='word_1_166' title='bbox 1404 2052 1435 2100; x_wconf 84' lang='lat'><strong>15</strong></span> 
     </span>
     <span class='ocr_line' id='line_1_21' title="bbox 287 2111 1389 2287; baseline -0.003 -23"><span class='ocrx_word' id='word_1_167' title='bbox 287 2115 1029 2287; x_wconf 56' lang='lat' dir='ltr'><strong>tlltlffittlttltttlttldts</strong></span> <span class='ocrx_word' id='word_1_168' title='bbox 1040 2130 1177 2261; x_wconf 58' lang='lat' dir='ltr'><strong>{tlt</strong></span> <span class='ocrx_word' id='word_1_169' title='bbox 1188 2111 1389 2272; x_wconf 59' lang='lat' dir='ltr'><strong>tlfflt</strong></span> 
     </span>
     <span class='ocr_line' id='line_1_22' title="bbox 290 2282 1390 2385; baseline -0.005 -36"><span class='ocrx_word' id='word_1_170' title='bbox 290 2306 397 2359; x_wconf 70' lang='lat' dir='ltr'><strong>verum</strong></span> <span class='ocrx_word' id='word_1_171' title='bbox 414 2286 480 2349; x_wconf 89' lang='lat' dir='ltr'><strong>suis</strong></span> <span class='ocrx_word' id='word_1_172' title='bbox 502 2286 609 2371; x_wconf 89' lang='lat' dir='ltr'><strong>potius</strong></span> <span class='ocrx_word' id='word_1_173' title='bbox 632 2285 946 2385; x_wconf 82' lang='lat' dir='ltr'><strong>²subscriptionibus,</strong></span> <span class='ocrx_word' id='word_1_174' title='bbox 969 2292 1007 2349; x_wconf 87' lang='lat' dir='ltr'><strong>ut</strong></span> <span class='ocrx_word' id='word_1_175' title='bbox 1026 2282 1152 2383; x_wconf 77' lang='lat' dir='ltr'><strong>praet&#39;ati</strong></span> <span class='ocrx_word' id='word_1_176' title='bbox 1174 2302 1291 2357; x_wconf 89' lang='lat' dir='ltr'><strong>sumus,</strong></span> <span class='ocrx_word' id='word_1_177' title='bbox 1314 2304 1390 2345; x_wconf 92' lang='lat' dir='ltr'><strong>con-</strong></span> 
     </span>
     <span class='ocr_line' id='line_1_23' title="bbox 287 2368 1390 2457; baseline -0.005 -22"><span class='ocrx_word' id='word_1_178' title='bbox 287 2371 417 2435; x_wconf 74' lang='lat' dir='ltr'><strong>firmare</strong></span> <span class='ocrx_word' id='word_1_179' title='bbox 431 2378 601 2456; x_wconf 76' lang='lat' dir='ltr'><strong>sctagrmt:</strong></span> <span class='ocrx_word' id='word_1_180' title='bbox 625 2371 736 2435; x_wconf 82' lang='lat' dir='ltr'><strong>ecdem</strong></span> <span class='ocrx_word' id='word_1_181' title='bbox 759 2371 838 2457; x_wconf 80' lang='lat' dir='ltr'><strong>¹²1psi</strong></span> <span class='ocrx_word' id='word_1_182' title='bbox 860 2370 1061 2455; x_wconf 76' lang='lat' dir='ltr'><strong>phylargyna</strong></span> <span class='ocrx_word' id='word_1_183' title='bbox 1083 2369 1234 2445; x_wconf 74' lang='lat' dir='ltr'><strong>dictante,</strong></span> <span class='ocrx_word' id='word_1_184' title='bbox 1251 2368 1295 2432; x_wconf 80' lang='lat' dir='ltr'><strong>ad</strong></span> <span class='ocrx_word' id='word_1_185' title='bbox 1314 2388 1390 2431; x_wconf 84' lang='lat' dir='ltr'><strong>con·</strong></span> 
     </span>
     <span class='ocr_line' id='line_1_24' title="bbox 288 2453 1390 2541; baseline -0.006 -20"><span class='ocrx_word' id='word_1_186' title='bbox 288 2457 479 2521; x_wconf 70' lang='lat' dir='ltr'><strong>firmandum</strong></span> <span class='ocrx_word' id='word_1_187' title='bbox 507 2458 588 2520; x_wconf 82' lang='lat' dir='ltr'><strong>mele</strong></span> <span class='ocrx_word' id='word_1_188' title='bbox 617 2457 747 2541; x_wconf 77' lang='lat' dir='ltr'><strong>scripte,</strong></span> <span class='ocrx_word' id='word_1_189' title='bbox 776 2480 841 2541; x_wconf 81' lang='lat' dir='ltr'><strong>quc</strong></span> <span class='ocrx_word' id='word_1_190' title='bbox 870 2462 1029 2540; x_wconf 80' lang='lat' dir='ltr'><strong>emptores</strong></span> <span class='ocrx_word' id='word_1_191' title='bbox 1061 2455 1104 2521; x_wconf 81' lang='lat' dir='ltr'><strong>cd</strong></span> <span class='ocrx_word' id='word_1_192' title='bbox 1139 2453 1390 2537; x_wconf 77' lang='lat' dir='ltr'><strong>comperandum</strong></span> 
     </span>
     <span class='ocr_line' id='line_1_25' title="bbox 288 2541 1548 2628; baseline -0.004 -18"><span class='ocrx_word' id='word_1_193' title='bbox 288 2541 468 2628; x_wconf 87' lang='lat' dir='ltr'><strong>hujusmodi</strong></span> <span class='ocrx_word' id='word_1_194' title='bbox 479 2542 800 2609; x_wconf 79' lang='lat' dir='ltr'><strong>monasteriacoscti.</strong></span> <span class='ocrx_word' id='word_1_195' title='bbox 1547 2569 1548 2605; x_wconf 63' lang='lat' dir='ltr'><strong>r</strong></span> 
     </span>
    </p>

    <p class='ocr_par' dir='ltr' id='par_1_4' title="bbox 198 2624 1436 3826">
     <span class='ocr_line' id='line_1_26' title="bbox 334 2624 1436 2713; baseline -0.005 -20"><span class='ocrx_word' id='word_1_196' title='bbox 334 2629 441 2693; x_wconf 78' lang='lat' dir='ltr'><strong>Multa</strong></span> <span class='ocrx_word' id='word_1_197' title='bbox 455 2629 582 2712; x_wconf 89' lang='lat' dir='ltr'><strong>quidem</strong></span> <span class='ocrx_word' id='word_1_198' title='bbox 596 2630 700 2693; x_wconf 85' lang='lat' dir='ltr'><strong>cdhuc</strong></span> <span class='ocrx_word' id='word_1_199' title='bbox 714 2629 774 2693; x_wconf 91' lang='lat' dir='ltr'><strong>tibi</strong></span> <span class='ocrx_word' id='word_1_200' title='bbox 789 2650 914 2713; x_wconf 88' lang='lat' dir='ltr'><strong>possem</strong></span> <span class='ocrx_word' id='word_1_201' title='bbox 928 2629 968 2691; x_wconf 93' lang='lat' dir='ltr'><strong>de</strong></span> <span class='ocrx_word' id='word_1_202' title='bbox 986 2627 1036 2694; x_wconf 92' lang='lat' dir='ltr'><strong>his</strong></span> <span class='ocrx_word' id='word_1_203' title='bbox 1054 2633 1087 2690; x_wconf 89' lang='lat' dir='ltr'><strong>et</strong></span> <span class='ocrx_word' id='word_1_204' title='bbox 1106 2624 1284 2710; x_wconf 88' lang='lat' dir='ltr'><strong>hujusmodi</strong></span> <span class='ocrx_word' id='word_1_205' title='bbox 1307 2645 1388 2708; x_wconf 84' lang='lat' dir='ltr'><strong>prae-</strong></span> <span class='ocrx_word' id='word_1_206' title='bbox 1401 2651 1436 2688; x_wconf 64' lang='grc' dir='ltr'><strong>ιο</strong></span> 
     </span>
     <span class='ocr_line' id='line_1_27' title="bbox 289 2709 1390 2798; baseline -0.005 -20"><span class='ocrx_word' id='word_1_207' title='bbox 289 2713 519 2778; x_wconf 73' lang='lat' dir='ltr'><strong>varicator-ibus</strong></span> <span class='ocrx_word' id='word_1_208' title='bbox 541 2714 656 2798; x_wconf 87' lang='lat' dir='ltr'><strong>quibus</strong></span> <span class='ocrx_word' id='word_1_209' title='bbox 674 2720 786 2778; x_wconf 75' lang='lat' dir='ltr'><strong>nostro</strong></span> <span class='ocrx_word' id='word_1_210' title='bbox 805 2713 968 2798; x_wconf 72' lang='lat' dir='ltr'><strong>provincie,</strong></span> <span class='ocrx_word' id='word_1_211' title='bbox 985 2711 1160 2776; x_wconf 88' lang='lat' dir='ltr'><strong>miserrime</strong></span> <span class='ocrx_word' id='word_1_212' title='bbox 1177 2715 1321 2786; x_wconf 80' lang='lat' dir='ltr'><strong>vexetur,</strong></span> <span class='ocrx_word' id='word_1_213' title='bbox 1338 2709 1390 2772; x_wconf 87' lang='lat' dir='ltr'><strong>bis</strong></span> 
     </span>
     <span class='ocr_line' id='line_1_28' title="bbox 289 2794 1389 2884; baseline -0.008 -17"><span class='ocrx_word' id='word_1_214' title='bbox 289 2799 437 2867; x_wconf 81' lang='lat' dir='ltr'><strong>intimare</strong></span> <span class='ocrx_word' id='word_1_215' title='bbox 450 2799 559 2876; x_wconf 86' lang='lat' dir='ltr'><strong>literis,</strong></span> <span class='ocrx_word' id='word_1_216' title='bbox 576 2801 602 2863; x_wconf 85' lang='lat' dir='ltr'><strong>si</strong></span> <span class='ocrx_word' id='word_1_217' title='bbox 617 2822 682 2863; x_wconf 91' lang='lat' dir='ltr'><strong>non</strong></span> <span class='ocrx_word' id='word_1_218' title='bbox 696 2799 834 2884; x_wconf 83' lang='lat' dir='ltr'><strong>teipsum</strong></span> <span class='ocrx_word' id='word_1_219' title='bbox 849 2821 975 2863; x_wconf 78' lang='lat' dir='ltr'><strong>nossem</strong></span> <span class='ocrx_word' id='word_1_220' title='bbox 993 2799 1060 2864; x_wconf 84' lang='lat' dir='ltr'><strong>haec</strong></span> <span class='ocrx_word' id='word_1_221' title='bbox 1082 2797 1194 2863; x_wconf 84' lang='lat' dir='ltr'><strong>eadem</strong></span> <span class='ocrx_word' id='word_1_222' title='bbox 1213 2794 1389 2858; x_wconf 80' lang='lat' dir='ltr'><strong>certissime</strong></span> 
     </span>
     <span class='ocr_line' id='line_1_29' title="bbox 288 2879 1389 2974; baseline -0.004 -26"><span class='ocrx_word' id='word_1_223' title='bbox 288 2885 481 2970; x_wconf 85' lang='lat' dir='ltr'><strong>cognovisse.</strong></span> <span class='ocrx_word' id='word_1_224' title='bbox 526 2885 610 2953; x_wconf 81' lang='lat' dir='ltr'><strong>Nem</strong></span> <span class='ocrx_word' id='word_1_225' title='bbox 628 2907 730 2974; x_wconf 89' lang='lat' dir='ltr'><strong>neque</strong></span> <span class='ocrx_word' id='word_1_226' title='bbox 751 2886 819 2948; x_wconf 84' lang='lat' dir='ltr'><strong>haeo</strong></span> <span class='ocrx_word' id='word_1_227' title='bbox 840 2885 887 2952; x_wconf 81' lang='lat' dir='ltr'><strong>ita</strong></span> <span class='ocrx_word' id='word_1_228' title='bbox 907 2883 1026 2968; x_wconf 83' lang='lat' dir='ltr'><strong>scripsi,-</strong></span> <span class='ocrx_word' id='word_1_229' title='bbox 1043 2883 1133 2969; x_wconf 85' lang='lat' dir='ltr'><strong>quasi</strong></span> <span class='ocrx_word' id='word_1_230' title='bbox 1147 2879 1339 2944; x_wconf 82' lang='lat' dir='ltr'><strong>bcertissime</strong></span> <span class='ocrx_word' id='word_1_231' title='bbox 1354 2886 1389 2944; x_wconf 91' lang='lat' dir='ltr'><strong>te</strong></span> 
     </span>
     <span class='ocr_line' id='line_1_30' title="bbox 290 2965 1389 3054; baseline -0.007 -20"><span class='ocrx_word' id='word_1_232' title='bbox 290 2993 330 3034; x_wconf 72' lang='lat' dir='ltr'><strong>ee,</strong></span> <span class='ocrx_word' id='word_1_233' title='bbox 342 2993 414 3054; x_wconf 82' lang='lat' dir='ltr'><strong>quae</strong></span> <span class='ocrx_word' id='word_1_234' title='bbox 429 2977 525 3038; x_wconf 79' lang='lat' dir='ltr'><strong>antea</strong></span> <span class='ocrx_word' id='word_1_235' title='bbox 539 2971 676 3036; x_wconf 87' lang='lat' dir='ltr'><strong>nescires</strong></span> <span class='ocrx_word' id='word_1_236' title='bbox 691 2991 792 3038; x_wconf 87' lang='lat' dir='ltr'><strong>essem</strong></span> <span class='ocrx_word' id='word_1_237' title='bbox 807 2971 967 3047; x_wconf 90' lang='lat' dir='ltr'><strong>docturus,</strong></span> <span class='ocrx_word' id='word_1_238' title='bbox 984 2969 1039 3032; x_wconf 89' lang='lat' dir='ltr'><strong>sed</strong></span> <span class='ocrx_word' id='word_1_239' title='bbox 1053 2974 1140 3035; x_wconf 85' lang='lat' dir='ltr'><strong>utto</strong></span> <span class='ocrx_word' id='word_1_240' title='bbox 1154 2967 1256 3032; x_wconf 77' lang='lat' dir='ltr'><strong>enrico</strong></span> <span class='ocrx_word' id='word_1_241' title='bbox 1276 2965 1389 3029; x_wconf 84' lang='lat' dir='ltr'><strong>exhor-</strong></span> 
     </span>
     <span class='ocr_line' id='line_1_31' title="bbox 291 3051 1389 3157; baseline -0.009 -32"><span class='ocrx_word' id='word_1_242' title='bbox 291 3057 413 3125; x_wconf 76' lang='lat' dir='ltr'><strong>tatione</strong></span> <span class='ocrx_word' id='word_1_243' title='bbox 434 3077 674 3157; x_wconf 77' lang='lat' dir='ltr'><strong>commonerem,</strong></span> <span class='ocrx_word' id='word_1_244' title='bbox 689 3078 812 3155; x_wconf 57' lang='lat' dir='ltr'><strong>enquae</strong></span> <span class='ocrx_word' id='word_1_245' title='bbox 833 3056 952 3140; x_wconf 88' lang='lat' dir='ltr'><strong>optime</strong></span> <span class='ocrx_word' id='word_1_246' title='bbox 970 3076 1101 3120; x_wconf 79' lang='lat' dir='ltr'><strong>noveras</strong></span> <span class='ocrx_word' id='word_1_247' title='bbox 1123 3058 1231 3118; x_wconf 78' lang='lat' dir='ltr'><strong>errato</strong></span> <span class='ocrx_word' id='word_1_248' title='bbox 1245 3051 1389 3136; x_wconf 83' lang='lat' dir='ltr'><strong>diligenti</strong></span> 
     </span>
     <span class='ocr_line' id='line_1_32' title="bbox 198 3141 1433 3317; baseline -0.001 -32"><span class='ocrx_word' id='word_1_249' title='bbox 198 3254 210 3286; x_wconf 78' lang='lat' dir='ltr'><strong>r</strong></span> <span class='ocrx_word' id='word_1_250' title='bbox 248 3141 876 3317; x_wconf 20' lang='lat' dir='ltr'><strong>iubprpptlpplppffippecpemgleurphm</strong></span> <span class='ocrx_word' id='word_1_251' title='bbox 898 3225 1049 3309; x_wconf 87' lang='lat' dir='ltr'><strong>deprecor</strong></span> <span class='ocrx_word' id='word_1_252' title='bbox 1070 3230 1169 3306; x_wconf 79' lang='lat' dir='ltr'><strong>etque</strong></span> <span class='ocrx_word' id='word_1_253' title='bbox 1190 3222 1334 3285; x_wconf 88' lang='lat' dir='ltr'><strong>obtestor</strong></span> <span class='ocrx_word' id='word_1_254' title='bbox 1355 3219 1387 3283; x_wconf 95' lang='lat' dir='ltr'><strong>in</strong></span> <span class='ocrx_word' id='word_1_255' title='bbox 1400 3249 1433 3298; x_wconf 74' lang='lat'><strong>²5</strong></span> 
     </span>
     <span class='ocr_line' id='line_1_33' title="bbox 292 3305 1388 3398; baseline -0.005 -22"><span class='ocrx_word' id='word_1_256' title='bbox 292 3312 438 3389; x_wconf 91' lang='lat' dir='ltr'><strong>Domine,</strong></span> <span class='ocrx_word' id='word_1_257' title='bbox 463 3319 500 3376; x_wconf 90' lang='lat' dir='ltr'><strong>ut</strong></span> <span class='ocrx_word' id='word_1_258' title='bbox 524 3313 724 3379; x_wconf 87' lang='lat' dir='ltr'><strong>commissum</strong></span> <span class='ocrx_word' id='word_1_259' title='bbox 746 3312 807 3377; x_wconf 91' lang='lat' dir='ltr'><strong>tibi</strong></span> <span class='ocrx_word' id='word_1_260' title='bbox 829 3333 956 3398; x_wconf 79' lang='lat' dir='ltr'><strong>gregem</strong></span> <span class='ocrx_word' id='word_1_261' title='bbox 981 3310 1107 3375; x_wconf 88' lang='lat' dir='ltr'><strong>sedulus</strong></span> <span class='ocrx_word' id='word_1_262' title='bbox 1135 3309 1178 3372; x_wconf 82' lang='lat' dir='ltr'><strong>eb</strong></span> <span class='ocrx_word' id='word_1_263' title='bbox 1201 3305 1388 3371; x_wconf 84' lang='lat' dir='ltr'><strong>irruentium</strong></span> 
     </span>
     <span class='ocr_line' id='line_1_34' title="bbox 290 3391 1388 3484; baseline -0.007 -22"><span class='ocrx_word' id='word_1_264' title='bbox 290 3397 437 3482; x_wconf 85' lang='lat' dir='ltr'><strong>luporum</strong></span> <span class='ocrx_word' id='word_1_265' title='bbox 459 3398 665 3484; x_wconf 78' lang='lat' dir='ltr'><strong>improbitate</strong></span> <span class='ocrx_word' id='word_1_266' title='bbox 687 3398 825 3462; x_wconf 74' lang='lat' dir='ltr'><strong>tuearis:</strong></span> <span class='ocrx_word' id='word_1_267' title='bbox 856 3404 953 3480; x_wconf 81' lang='lat' dir='ltr'><strong>teque</strong></span> <span class='ocrx_word' id='word_1_268' title='bbox 977 3418 1041 3458; x_wconf 89' lang='lat' dir='ltr'><strong>non</strong></span> <span class='ocrx_word' id='word_1_269' title='bbox 1065 3391 1303 3468; x_wconf 79' lang='lat' dir='ltr'><strong>mercenarium,</strong></span> <span class='ocrx_word' id='word_1_270' title='bbox 1330 3391 1388 3454; x_wconf 91' lang='lat' dir='ltr'><strong>sed</strong></span> 
     </span>
     <span class='ocr_line' id='line_1_35' title="bbox 313 3477 1388 3564; baseline -0.005 -17"><span class='ocrx_word' id='word_1_271' title='bbox 313 3492 452 3547; x_wconf 83' lang='lat' dir='ltr'><strong>cstorem</strong></span> <span class='ocrx_word' id='word_1_272' title='bbox 481 3483 691 3550; x_wconf 89' lang='lat' dir='ltr'><strong>constitutum</strong></span> <span class='ocrx_word' id='word_1_273' title='bbox 719 3505 788 3547; x_wconf 86' lang='lat' dir='ltr'><strong>esse</strong></span> <span class='ocrx_word' id='word_1_274' title='bbox 817 3481 1005 3558; x_wconf 85' lang='lat' dir='ltr'><strong>memineris,</strong></span> <span class='ocrx_word' id='word_1_275' title='bbox 1031 3479 1085 3564; x_wconf 91' lang='lat' dir='ltr'><strong>qui</strong></span> <span class='ocrx_word' id='word_1_276' title='bbox 1109 3499 1250 3542; x_wconf 80' lang='lat' dir='ltr'><strong>amorem</strong></span> <span class='ocrx_word' id='word_1_277' title='bbox 1275 3477 1388 3542; x_wconf 89' lang='lat' dir='ltr'><strong>summi</strong></span> 
     </span>
     <span class='ocr_line' id='line_1_36' title="bbox 291 3506 1388 3654; baseline -0.005 -25"><span class='ocrx_word' id='word_1_278' title='bbox 291 3506 437 3632; x_wconf 70' lang='lat' dir='ltr'><strong>l’astoris</strong></span> <span class='ocrx_word' id='word_1_279' title='bbox 466 3569 575 3632; x_wconf 87' lang='lat' dir='ltr'><strong>solerti</strong></span> <span class='ocrx_word' id='word_1_280' title='bbox 604 3569 710 3632; x_wconf 90' lang='lat' dir='ltr'><strong>ovium</strong></span> <span class='ocrx_word' id='word_1_281' title='bbox 738 3569 836 3654; x_wconf 85' lang='lat' dir='ltr'><strong>ipsius</strong></span> <span class='ocrx_word' id='word_1_282' title='bbox 859 3567 1004 3652; x_wconf 85' lang='lat' dir='ltr'><strong>pastione</strong></span> <span class='ocrx_word' id='word_1_283' title='bbox 1031 3565 1237 3638; x_wconf 86' lang='lat' dir='ltr'><strong>demonstres,</strong></span> <span class='ocrx_word' id='word_1_284' title='bbox 1268 3583 1388 3648; x_wconf 89' lang='lat' dir='ltr'><strong>proque</strong></span> 
     </span>
     <span class='ocr_line' id='line_1_37' title="bbox 292 3647 1389 3752; baseline -0.006 -35"><span class='ocrx_word' id='word_1_285' title='bbox 292 3653 413 3752; x_wconf 75' lang='lat' dir='ltr'><strong>eisdem</strong></span> <span class='ocrx_word' id='word_1_286' title='bbox 433 3653 553 3732; x_wconf 87' lang='lat' dir='ltr'><strong>ovibus,</strong></span> <span class='ocrx_word' id='word_1_287' title='bbox 569 3654 596 3717; x_wconf 89' lang='lat' dir='ltr'><strong>si</strong></span> <span class='ocrx_word' id='word_1_288' title='bbox 614 3655 662 3721; x_wconf 86' lang='lat' dir='ltr'><strong>itc</strong></span> <span class='ocrx_word' id='word_1_289' title='bbox 683 3676 734 3719; x_wconf 89' lang='lat' dir='ltr'><strong>res</strong></span> <span class='ocrx_word' id='word_1_290' title='bbox 754 3652 946 3739; x_wconf 87' lang='lat' dir='ltr'><strong>poposcerit,</strong></span> <span class='ocrx_word' id='word_1_291' title='bbox 962 3672 1034 3715; x_wconf 89' lang='lat' dir='ltr'><strong>cum</strong></span> <span class='ocrx_word' id='word_1_292' title='bbox 1053 3651 1150 3716; x_wconf 77' lang='lat' dir='ltr'><strong>besto</strong></span> <span class='ocrx_word' id='word_1_293' title='bbox 1171 3647 1389 3738; x_wconf 78' lang='lat' dir='ltr'><strong>apostolorum</strong></span> 
     </span>
     <span class='ocr_line' id='line_1_38' title="bbox 291 3738 978 3826; baseline -0.001 -24"><span class='ocrx_word' id='word_1_294' title='bbox 291 3739 433 3825; x_wconf 76' lang='lat' dir='ltr'><strong>principe</strong></span> <span class='ocrx_word' id='word_1_295' title='bbox 446 3739 585 3805; x_wconf 83' lang='lat' dir='ltr'><strong>animem</strong></span> <span class='ocrx_word' id='word_1_296' title='bbox 598 3762 715 3826; x_wconf 87' lang='lat' dir='ltr'><strong>ponere</strong></span> <span class='ocrx_word' id='word_1_297' title='bbox 729 3746 861 3826; x_wconf 76' lang='lat' dir='ltr'><strong>paratus</strong></span> <span class='ocrx_word' id='word_1_298' title='bbox 877 3738 928 3802; x_wconf 88' lang='lat' dir='ltr'><strong>sis.</strong></span> <span class='ocrx_word' id='word_1_299' title='bbox 974 3786 978 3794; x_wconf 90' lang='lat'>.</span> 
     </span>
    </p>

    <p class='ocr_par' dir='ltr' id='par_1_5' title="bbox 292 3817 1435 3996">
     <span class='ocr_line' id='line_1_39' title="bbox 336 3817 1435 3910; baseline -0.007 -24"><span class='ocrx_word' id='word_1_300' title='bbox 336 3825 456 3889; x_wconf 89' lang='lat' dir='ltr'><strong>Precor</strong></span> <span class='ocrx_word' id='word_1_301' title='bbox 470 3826 603 3890; x_wconf 85' lang='lat' dir='ltr'><strong>sollicite</strong></span> <span class='ocrx_word' id='word_1_302' title='bbox 616 3847 804 3910; x_wconf 78' lang='lat' dir='ltr'><strong>praeccveas,</strong></span> <span class='ocrx_word' id='word_1_303' title='bbox 821 3835 860 3888; x_wconf 85' lang='lat' dir='ltr'><strong>n&#39;e</strong></span> <span class='ocrx_word' id='word_1_304' title='bbox 875 3845 946 3887; x_wconf 91' lang='lat' dir='ltr'><strong>cum</strong></span> <span class='ocrx_word' id='word_1_305' title='bbox 961 3823 1045 3886; x_wconf 87' lang='lat' dir='ltr'><strong>idem</strong></span> <span class='ocrx_word' id='word_1_306' title='bbox 1065 3820 1214 3906; x_wconf 82' lang='lat' dir='ltr'><strong>prinecps</strong></span> <span class='ocrx_word' id='word_1_307' title='bbox 1231 3817 1388 3903; x_wconf 84' lang='lat' dir='ltr'><strong>apostolo-</strong></span> <span class='ocrx_word' id='word_1_308' title='bbox 1398 3841 1435 3888; x_wconf 80' lang='lat'><strong>30</strong></span> 
     </span>
     <span class='ocr_line' id='line_1_40' title="bbox 292 3903 1389 3996; baseline -0.008 -22"><span class='ocrx_word' id='word_1_309' title='bbox 292 3931 363 3974; x_wconf 88' lang='lat' dir='ltr'><strong>rum</strong></span> <span class='ocrx_word' id='word_1_310' title='bbox 378 3911 549 3995; x_wconf 86' lang='lat' dir='ltr'><strong>caeterique</strong></span> <span class='ocrx_word' id='word_1_311' title='bbox 562 3911 702 3975; x_wconf 88' lang='lat' dir='ltr'><strong>fidelium</strong></span> <span class='ocrx_word' id='word_1_312' title='bbox 715 3933 849 3996; x_wconf 88' lang='lat' dir='ltr'><strong>gregum</strong></span> <span class='ocrx_word' id='word_1_313' title='bbox 863 3911 959 3974; x_wconf 88' lang='lat' dir='ltr'><strong>duces</strong></span> <span class='ocrx_word' id='word_1_314' title='bbox 974 3906 1007 3970; x_wconf 93' lang='lat' dir='ltr'><strong>in</strong></span> <span class='ocrx_word' id='word_1_315' title='bbox 1022 3907 1072 3970; x_wconf 87' lang='lat' dir='ltr'><strong>die</strong></span> <span class='ocrx_word' id='word_1_316' title='bbox 1088 3905 1199 3991; x_wconf 92' lang='lat' dir='ltr'><strong>judicii</strong></span> <span class='ocrx_word' id='word_1_317' title='bbox 1216 3903 1389 3968; x_wconf 77' lang='lat' dir='ltr'><strong>maximum</strong></span> 
     </span>
    </p>
   </div>
   <div class='ocr_carea' id='block_1_3' title="bbox 185 3989 1391 4081">
    <p class='ocr_par' dir='ltr' id='par_1_6' title="bbox 185 3989 1391 4081">
     <span class='ocr_line' id='line_1_41' title="bbox 185 3989 1391 4081; baseline -0.006 -20"><span class='ocrx_word' id='word_1_318' title='bbox 185 4013 192 4027; x_wconf 85' lang='lat'><em>&#39;</em></span> <span class='ocrx_word' id='word_1_319' title='bbox 293 4019 357 4061; x_wconf 86' lang='lat' dir='ltr'><strong>suae</strong></span> <span class='ocrx_word' id='word_1_320' title='bbox 372 3997 542 4081; x_wconf 74' lang='lat' dir='ltr'><strong>pastoralis</strong></span> <span class='ocrx_word' id='word_1_321' title='bbox 556 4018 639 4060; x_wconf 80' lang='lat' dir='ltr'><strong>curae</strong></span> <span class='ocrx_word' id='word_1_322' title='bbox 653 3997 793 4060; x_wconf 86' lang='lat' dir='ltr'><strong>fructum</strong></span> <span class='ocrx_word' id='word_1_323' title='bbox 808 3995 936 4060; x_wconf 85' lang='lat' dir='ltr'><strong>Obristo</strong></span> <span class='ocrx_word' id='word_1_324' title='bbox 952 3992 1132 4068; x_wconf 87' lang='lat' dir='ltr'><strong>obtulerint,</strong></span> <span class='ocrx_word' id='word_1_325' title='bbox 1145 3997 1275 4055; x_wconf 82' lang='lat' dir='ltr'><strong>tucrum</strong></span> <span class='ocrx_word' id='word_1_326' title='bbox 1284 3989 1391 4072; x_wconf 71' lang='lat' dir='ltr'><strong>aliqua</strong></span> 
     </span>
    </p>
   </div>
   <div class='ocr_carea' id='block_1_4' title="bbox 291 4074 1392 4248">
    <p class='ocr_par' dir='ltr' id='par_1_7' title="bbox 291 4074 1392 4248">
     <span class='ocr_line' id='line_1_42' title="bbox 292 4074 1390 4168; baseline -0.009 -22"><span class='ocrx_word' id='word_1_327' title='bbox 292 4105 367 4168; x_wconf 79' lang='lat' dir='ltr'><strong>pars</strong></span> <span class='ocrx_word' id='word_1_328' title='bbox 382 4083 485 4146; x_wconf 88' lang='lat' dir='ltr'><strong>ovium</strong></span> <span class='ocrx_word' id='word_1_329' title='bbox 500 4083 584 4146; x_wconf 88' lang='lat' dir='ltr'><strong>inter</strong></span> <span class='ocrx_word' id='word_1_330' title='bbox 598 4082 711 4147; x_wconf 85' lang='lat' dir='ltr'><strong>hoedos</strong></span> <span class='ocrx_word' id='word_1_331' title='bbox 724 4082 767 4145; x_wconf 82' lang='lat' dir='ltr'><strong>ad</strong></span> <span class='ocrx_word' id='word_1_332' title='bbox 785 4081 947 4145; x_wconf 79' lang='lat' dir='ltr'><strong>sinistram</strong></span> <span class='ocrx_word' id='word_1_333' title='bbox 966 4078 1080 4164; x_wconf 86' lang='lat' dir='ltr'><strong>judicis</strong></span> <span class='ocrx_word' id='word_1_334' title='bbox 1095 4075 1225 4152; x_wconf 83' lang='lat' dir='ltr'><strong>secerni,</strong></span> <span class='ocrx_word' id='word_1_335' title='bbox 1241 4081 1338 4158; x_wconf 77' lang='lat' dir='ltr'><strong>etque</strong></span> <span class='ocrx_word' id='word_1_336' title='bbox 1357 4074 1390 4136; x_wconf 93' lang='lat' dir='ltr'><strong>in</strong></span> 
     </span>
     <span class='ocr_line' id='line_1_43' title="bbox 291 4158 1392 4248; baseline -0.007 -16"><span class='ocrx_word' id='word_1_337' title='bbox 291 4176 448 4232; x_wconf 88' lang='lat' dir='ltr'><strong>aeternum</strong></span> <span class='ocrx_word' id='word_1_338' title='bbox 471 4191 544 4233; x_wconf 85' lang='lat' dir='ltr'><strong>eum</strong></span> <span class='ocrx_word' id='word_1_339' title='bbox 567 4166 789 4234; x_wconf 79' lang='lat' dir='ltr'><strong>maledictione</strong></span> <span class='ocrx_word' id='word_1_340' title='bbox 815 4173 975 4231; x_wconf 81' lang='lat' dir='ltr'><strong>mereatur</strong></span> <span class='ocrx_word' id='word_1_341' title='bbox 1001 4165 1046 4228; x_wconf 91' lang='lat' dir='ltr'><strong>ire</strong></span> <span class='ocrx_word' id='word_1_342' title='bbox 1073 4162 1279 4248; x_wconf 89' lang='lat' dir='ltr'><strong>supplicium:</strong></span> <span class='ocrx_word' id='word_1_343' title='bbox 1315 4158 1392 4244; x_wconf 89' lang='lat' dir='ltr'><strong>quin</strong></span> 
     </span>
    </p>
   </div>
   <div class='ocr_carea' id='block_1_5' title="bbox 293 4311 1392 4448">
    <p class='ocr_par' dir='ltr' id='par_1_8' title="bbox 293 4311 1392 4448">
     <span class='ocr_line' id='line_1_44' title="bbox 326 4311 1391 4382; baseline -0.008 -13"><span class='ocrx_word' id='word_1_344' title='bbox 326 4325 535 4382; x_wconf 73' lang='lat' dir='ltr'><strong>temperaverat</strong></span> <span class='ocrx_word' id='word_1_345' title='bbox 547 4321 577 4368; x_wconf 91' lang='lat' dir='ltr'><strong>V.</strong></span> <span class='ocrx_word' id='word_1_346' title='bbox 709 4331 729 4376; x_wconf 31' lang='lat'><strong>11,</strong></span> <span class='ocrx_word' id='word_1_347' title='bbox 736 4321 892 4368; x_wconf 76' lang='lat' dir='ltr'><strong>ostrinrerat</strong></span> <span class='ocrx_word' id='word_1_348' title='bbox 903 4317 935 4365; x_wconf 91' lang='lat' dir='ltr'><strong>V.</strong></span> <span class='ocrx_word' id='word_1_349' title='bbox 1078 4327 1093 4355; x_wconf 73' lang='lat' dir='ltr'>x</span> <span class='ocrx_word' id='word_1_350' title='bbox 1103 4318 1179 4364; x_wconf 79' lang='lat' dir='ltr'><strong>simul</strong></span> <span class='ocrx_word' id='word_1_351' title='bbox 1189 4322 1212 4363; x_wconf 75' lang='lat' dir='ltr'><strong>el</strong></span> <span class='ocrx_word' id='word_1_352' title='bbox 1223 4314 1348 4362; x_wconf 66' lang='lat' dir='ltr'><strong>ruinosos</strong></span> <span class='ocrx_word' id='word_1_353' title='bbox 1360 4311 1391 4361; x_wconf 85' lang='lat' dir='ltr'><strong>V.</strong></span> 
     </span>
     <span class='ocr_line' id='line_1_45' title="bbox 293 4375 1392 4448; baseline -0.006 -17"><span class='ocrx_word' id='word_1_354' title='bbox 293 4388 408 4434; x_wconf 71' lang='lat' dir='ltr'><strong>rrmseac</strong></span> <span class='ocrx_word' id='word_1_355' title='bbox 419 4386 449 4434; x_wconf 90' lang='lat' dir='ltr'><strong>V.</strong></span> <span class='ocrx_word' id='word_1_356' title='bbox 541 4385 785 4448; x_wconf 70' lang='lat' dir='ltr'><strong>zpraescripconitm</strong></span> <span class='ocrx_word' id='word_1_357' title='bbox 800 4384 829 4431; x_wconf 84' lang='lat' dir='ltr'><strong>V.</strong></span> <span class='ocrx_word' id='word_1_358' title='bbox 922 4382 1006 4444; x_wconf 70' lang='lat' dir='ltr'><strong>sueg.</strong></span> <span class='ocrx_word' id='word_1_359' title='bbox 1020 4383 1086 4444; x_wconf 77' lang='lat' dir='ltr'><strong>ipsis.</strong></span> <span class='ocrx_word' id='word_1_360' title='bbox 1175 4375 1392 4444; x_wconf 67' lang='lat' dir='ltr'><strong>bquasz&#39;teeav,</strong></span> 
     </span>
    </p>
   </div>
   <div class='ocr_carea' id='block_1_6' title="bbox 664 4531 1024 4594">
    <p class='ocr_par' dir='ltr' id='par_1_9' title="bbox 664 4531 1024 4594">
     <span class='ocr_line' id='line_1_46' title="bbox 664 4531 1024 4594; baseline -0.008 -13"><span class='ocrx_word' id='word_1_361' title='bbox 664 4548 701 4581; x_wconf 82' lang='lat'><strong>12.</strong></span> <span class='ocrx_word' id='word_1_362' title='bbox 713 4533 816 4594; x_wconf 69' lang='lat' dir='ltr'><strong>dicitur]</strong></span> <span class='ocrx_word' id='word_1_363' title='bbox 834 4531 921 4579; x_wconf 72' lang='lat' dir='ltr'><strong>March.</strong></span> <span class='ocrx_word' id='word_1_364' title='bbox 933 4544 974 4580; x_wconf 83' lang='lat' dir='ltr'><strong>xv.</strong></span> <span class='ocrx_word' id='word_1_365' title='bbox 987 4545 1024 4589; x_wconf 86' lang='lat'><strong>14.</strong></span> 
     </span>
    </p>
   </div>
   <div class='ocr_carea' id='block_1_7' title="bbox 0 0 1562 5125">
    <p class='ocr_par' dir='ltr' id='par_1_10' title="bbox 0 0 1562 5125">
     <span class='ocr_line' id='line_1_47' title="bbox 0 0 1562 5125; baseline 0 0"><span class='ocrx_word' id='word_1_366' title='bbox 0 0 1562 5125; x_wconf 95' lang='lat' dir='ltr'><strong> </strong></span> 
     </span>
    </p>
   </div>
  </div>
 </body>
</html>
