3100 5125
496 257 958 361 onamsiuononun
1233 302 1276 369 79

137 443 413 530 ²5arohiepisoopo
437 445 605 511 habituros
629 468 699 511 esse
723 449 978 531 respondebant:
1010 448 1209 513 conferentes
1233 450 1277 513 ad

175 531 319 607 invicem,
335 530 454 615 quiesi
470 532 556 595 modo
575 532 659 596 noba
676 534 839 618 adsurgere
851 534 957 610 noluit,
972 545 1084 618 quanto
1097 535 1195 618 maffia
1208 535 1277 599 aiei

174 615 265 680 subdi
278 617 462 700 ceperimus,
468 618 541 699 som
554 639 607 681 nor
613 640 676 702 pro
689 620 785 682 attilo
799 629 966 687 aarum

222 702 343 783 Quibus
360 702 409 764 vir
428 702 557 765 Domini
572 704 773 789 Augustinus
787 705 889 769 fertur
910 705 1060 770 minitans
1081 704 1276 790 praedixisse,

178 788 252 871 quia
266 787 293 849 si
308 810 420 871 paoem
433 809 506 850 oum
519 788 673 853 fratribus
687 790 830 874 aooipere
847 790 976 867 nollent,
992 790 1109 854 bellum
1122 792 1164 855 ab
1179 791 1277 854 hosti-

135 874 238 943 3obus
250 874 357 937 forent
370 874 551 957 aooepturi;
575 881 611 938 et
629 875 656 937 si
674 876 798 939 nationi
813 876 992 1023 Anglorum
1005 875 1180 940 uoluissent
1193 877 1278 940 viam

177 958 252 1023 vitae
277 958 460 1043 praedioare,
485 980 542 1042 per
570 960 684 1024 horum
712 983 826 1025 manus
852 961 1004 1025 ationem
1029 969 1136 1026 essent
1164 960 1277 1027 mortis

176 1044 311 1129 passuri.
356 1044 449 1124 Quod
469 1044 517 1108 ita
538 1067 595 1129 per
615 1046 731 1123 omnia,
750 1054 789 1111 nt
809 1047 1014 1131 praedixerat,
1034 1047 1140 1111 divino
1161 1054 1277 1133 agente

173 1130 294 1214 judicio
308 1136 475 1214 patratum
489 1138 548 1195 ost.

222 1217 375 1284 Sideroun
399 1220 473 1299 post
502 1217 571 1279 haeo
593 1215 662 1300 ipse
688 1217 728 1280 de
753 1239 816 1300 quo
842 1216 987 1290 diximus,
1014 1240 1071 1282 rex
1097 1218 1401 1305 Anglorumstcerdo

176 1301 367 1365 fortissimus
389 1300 552 1377 AEdilfrid,
576 1302 708 1367 colleoto
729 1302 843 1387 grandi
867 1304 1017 1379 exercitu,
1040 1305 1083 1368 ed
1106 1304 1276 1369 Civitatem
1284 1300 1431 1353 tumcaaee

179 1386 363 1472 Legionum‚
379 1409 450 1471 quae
472 1409 493 1451 a
554 1394 610 1451 nte
628 1388 806 1473 Anglorum
826 1390 1021 1473 Lopaocestir,
1034 1412 1055 1453 a
1075 1389 1276 1454 Brittonibus

176 1481 286 1537 autem
307 1471 425 1535 reetius
447 1409 604 1557 Gorgion
624 1473 812 1558 appellatur,
828 1475 1000 1538 maximam
1021 1475 1125 1559 gentis
1146 1476 1276 1559 perfidie

135 1582 167 1631 35
177 1566 319 1643 stragem
344 1557 442 1621 dedit.
487 1558 629 1643 Gnmque
654 1559 771 1622 bellum
794 1567 925 1623 aeturus
948 1559 1070 1624 videret
1095 1562 1277 1625 seoerdotes

175 1666 295 1720 eorum,
319 1642 374 1727 qui
397 1644 441 1707 ad
465 1645 662 1707 exorandum
683 1646 790 1709 ‘Deum
815 1666 874 1729 pro
898 1645 998 1710 milite
1020 1646 1137 1708 bellum
1159 1654 1276 1731 agente

176 1735 399 1803 convenerant,
415 1750 557 1792 seorsum
575 1729 609 1791 in
628 1730 749 1793 tutiore
764 1730 834 1795 loeo
854 1730 1035 1807 consistere,
1054 1731 1277 1795 soisoitabatur

176 1814 231 1899 qui
245 1820 353 1878 essent
374 1814 417 1890 hi,
437 1814 551 1898 quidve
572 1816 676 1879 aeturi
696 1816 750 1879 illo
768 1816 998 1881 convenissent.
1043 1816 1148 1881 Erant
1166 1824 1276 1881 autem

175 1899 302 1985 plurimi
328 1921 438 1963 eornm
463 1901 503 1963 de
526 1901 721 1965 monasterio
746 1902 878 1975 Boaeor,
902 1902 1020 1986 inquo
1042 1909 1153 1966 tantus
1172 1902 1277 1966 fertur

175 1986 274 2049 fnisse
288 2007 437 2048 numerus
451 1986 686 2061 monachorum,
699 1994 737 2050 ut
751 2009 824 2050 oum
838 1986 871 2049 in
885 1994 1008 2071 septem
1018 1988 1180 2072 portiones
1192 1995 1277 2052 esset

135 2090 250 2136 tonum
273 2070 452 2155 praepositis
477 2071 538 2135 sibi
566 2072 744 2135 rectoribus
771 2074 999 2137 monasterium
1021 2072 1165 2149 divisum,
1191 2074 1277 2138 nulla

177 2158 291 2220 harum
312 2156 420 2240 portio
444 2156 548 2221 minus
574 2179 670 2241 quam
695 2164 857 2221 treoentos
882 2158 1025 2222 homines
1054 2160 1196 2236 haberet,
1222 2160 1277 2243 qui

177 2264 287 2306 omnes
312 2243 352 2305 de
375 2242 484 2307 labore
506 2264 658 2305 manuum
674 2264 804 2307 suarum
825 2243 929 2307 vivere
951 2244 1105 2308 solebant.
1150 2245 1278 2308 Horum

177 2348 254 2413 ergo
271 2326 397 2412 plurimi
418 2328 461 2391 ad
480 2335 689 2392 memoratam
707 2329 817 2405 aoiem,
833 2335 963 2413 peraeto
979 2329 1099 2414 jejunio
1117 2330 1276 2405 triduano,

177 2436 249 2477 oum
277 2413 349 2477 aliis
377 2413 489 2476 orandi
518 2436 615 2477 eausa
643 2422 866 2491 convenerant,
897 2415 1052 2478 hebentes
1081 2416 1278 2479 defensorem

176 2498 303 2563 nomine
319 2499 540 2577 Broemailum,
557 2499 611 2584 qni
631 2522 685 2564 eos
706 2500 848 2566 intentos
867 2500 1014 2586 precibus
1034 2502 1278 2567 abarbarorum

176 2585 291 2670 gladiis
304 2591 497 2671 protegeret.
523 2586 665 2666 Quorum
679 2609 809 2650 oausam
823 2587 978 2651 adventus
989 2609 1061 2650 oum
1071 2587 1278 2652 intellexisset

136 2689 167 2734 45
177 2693 235 2734 rex
253 2671 417 2747 AEdilfrid
433 2671 500 2735 ait:
523 2673 608 2772 320⁰
629 2672 658 2735 ri
678 2673 839 2736 adversam
860 2695 912 2736 noe
929 2673 974 2735 ad
990 2674 1091 2737 Deum
1111 2694 1198 2736 tuum
1215 2673 1278 2736 oht-

177 2766 274 2832 maat‚
297 2758 433 2838 prototo
460 2766 487 2820 ot
515 2759 576 2842 ipat
599 2758 738 2841 quomm
760 2780 851 2821 armo
876 2779 935 2820 ooo
955 2759 1074 2841 seram,
1100 2767 1204 2821 eontra
1227 2779 1280 2822 nor

126 2831 166 2894 81
171 2852 314 2927 perquam
327 2843 382 2926 qui
395 2843 530 2906 edomate
543 2864 595 2906 ooo
610 2842 865 2927 inprecationibus
876 2853 1107 2928 peraequantur.
1164 2845 1280 2927 ltaque

177 2927 212 2989 in
227 2928 285 2990 hos
298 2927 437 3026 primum
450 2950 541 2992 arma
552 2928 632 2992 verti
645 2929 746 3027 jubet,
760 2935 793 2992 et
808 2929 853 2991 sio
868 2937 990 2994 eeteros
1001 2929 1145 3028 nefandae
1157 2929 1278 2993 militiae

177 3020 794 3184 tttfflt⁰t¹¹sstffltttt¹tz
810 3036 869 3184 qt?
884 3013 1278 3177 timiditati,

177 3183 262 3247 viros
278 3183 405 3248 oiroiter
417 3184 503 3248 mille
517 3185 679 3262 dueentem
695 3193 729 3249 et
751 3185 853 3249 solum
867 3185 1099 3270 quinquaginta
1115 3187 1191 3270 fuge
1211 3207 1280 3250 esse

177 3269 292 3353 lapsos.
339 3269 496 3334 Broomail
523 3271 566 3334 ad
591 3271 728 3354 primum
750 3270 891 3334 hostium
920 3271 1092 3335 adventum
1118 3293 1189 3335 oum
1215 3271 1280 3335 suis

153 3360 271 3440 storga
285 3361 420 3431 vertens,
437 3377 585 3441 eosquos
605 3356 773 3420 defendere
794 3357 958 3432 debuerat,
975 3356 1110 3420 inermes
1125 3378 1162 3422 ao
1178 3357 1279 3422 nudos

176 3439 364 3504 ferientibus
378 3440 492 3525 gladiis
506 3441 644 3527 reliquit.
689 3441 804 3527 Sitque
819 3442 1010 3526 completum
1025 3449 1075 3506 est
1089 3441 1280 3527 praesagium

177 3525 280 3589 saneti
309 3525 468 3610 pontificis
498 3526 681 3612 Augustini,
712 3527 854 3612 quamvis
884 3527 952 3612 ipso
979 3528 1046 3612 jam
1074 3528 1175 3592 multo
1203 3534 1279 3591 ante

178 3702 252 3751 rerba
267 3693 395 3764 quaestioni
412 3710 438 3752 et
454 3704 557 3764 tempori
575 3719 624 3752 non
641 3705 787 3753 convenire:
806 3705 855 3752 vid.
872 3704 930 3767 Pagi
943 3705 1013 3753 Μ).
1026 3703 1081 3763 604.
1099 3703 1197 3752 Collier.
1211 3702 1278 3750 Ecol.

178 3767 245 3816 Hist-
255 3768 283 3814 ii.
299 3783 322 3830 p.
336 3767 375 3830 76.
401 3770 536 3816 Stevenson
553 3770 584 3816 ad
601 3769 617 3816 1.
652 3771 745 3818 contra
762 3770 898 3832 genuinum
914 3784 966 3818 esse
982 3769 1108 3818 contendit
1119 3767 1280 3829 Lappenberg

178 3832 312 3894 Anglosax.
324 3833 340 3879 i.
354 3848 378 3893 p.
393 3848 399 3879 ι
404 3847 444 3894 35.
464 3833 532 3881 Vera.
544 3833 651 3896 Thorpe.

209 3909 252 3955 34.
266 3898 409 3958 artemon]
425 3898 503 3958 Super
515 3898 625 3957 Donum,
635 3899 710 3959 vulgo
723 3897 886 3946 Werteteater
930 3899 1021 3946 Urbem
1032 3897 1097 3946 enim
1107 3895 1279 3957 rognoininem

177 3977 231 4023 quoe
242 3976 315 4021 super
329 3961 413 4009 laeam
426 3962 502 4023 jaret,
515 3963 639 4011 Brittones
656 3963 861 4023 metropoliticam
880 3963 1010 4021 habebant,
1022 3962 1106 4024 procul
1121 3962 1151 4010 ad
1169 3968 1279 4008 ausuum

176 4026 291 4087 positam.
308 4026 333 4073 S.

210 4090 252 4150 38.
264 4097 351 4138 tantus
362 4091 492 4152 numm]
507 4091 651 4138 Notandum
663 4099 701 4139 est
711 4092 785 4140 etiam
798 4091 864 4138 aliud
876 4089 952 4138 fuisse
964 4090 1137 4138 monasterium
1148 4089 1246 4137 Baneor
1254 4089 1280 4136 in

178 4155 282 4203 Ultonia
301 4155 424 4202 Hibernia
437 4155 608 4217 juxtaeinurn
625 4157 701 4204 Petne
713 4156 879 4218 Fergusianu,
892 4155 966 4216 vulgo
977 4155 1137 4214 Cnorsergns,
1149 4154 1214 4214 quod
1228 4162 1280 4202 tarn

179 4233 282 4267 nomem
291 4219 465 4267 monachorum
477 4235 550 4281 quam
563 4220 619 4269 eliis
629 4220 831 4276 circumstantiis,
841 4219 987 4266 describitur
998 4233 1013 4266 a
1024 4233 1044 4266 s.
1053 4218 1178 4265 Bernardo
1188 4217 1213 4264 in
1224 4218 1282 4266 vite

178 4299 199 4331 a.
209 4283 348 4341 Malachiae,
356 4285 431 4332 modo
442 4285 503 4333 adeo
512 4284 594 4346 parili,
602 4292 631 4333 ut
641 4286 745 4334 altemm
758 4285 859 4333 alterins
871 4283 1029 4346 archetypum
1037 4282 1113 4331 fuisse
1124 4281 1282 4330 manifestum

178 4348 220 4396 sit.
232 4348 258 4396 S.

212 4411 238 4460 6.
255 4414 370 4474 mutuis
385 4413 437 4474 ι’ρω
449 4409 509 4476 jam
528 4415 605 4460 multo
621 4420 682 4460 aare
699 4419 808 4475 ternpore
825 4414 860 4460 ad
876 4413 980 4460 celestia
997 4425 1079 4471 regna
1094 4409 1203 4470 sublato]
1224 4411 1284 4458 linc

178 4476 292 4526 damula
307 4491 358 4525 non
372 4479 493 4540 reperitur
503 4478 528 4526 in
540 4476 682 4539 paraphrasi
694 4477 835 4535 Saxonica3
852 4477 917 4525 unde
927 4476 1049 4538 colligunt
1058 4475 1140 4534 multi,
1151 4475 1284 4536 interpola·
