3100 5125
1531 34 1536 365 l

283 376 348 444 eno
610 368 848 435 ursromrs
870 368 1048 436 nonnus
1320 370 1368 436 v.
1390 392 1471 455 19—

283 523 341 588 lae
355 520 531 595 meatem·
554 521 608 586 sed
620 531 756 607 paratas
772 532 838 600 esto,
854 522 929 607 quia
943 533 1014 609 post
1034 522 1269 609 quadriennium
1287 546 1392 589 rever·

180 625 184 630 '
282 618 354 686 tem,
376 606 503 672 uisitalo
524 618 572 681 te‚·
591 608 735 693 patriam
755 630 822 671 uero
837 610 1023 693 perorarem,
1046 610 1213 673 marimum
1227 610 1432 695 possessio-15

284 715 356 759 uum
371 703 511 757 'teanum
544 716 594 756 aa
607 693 663 757 tili
682 692 793 757 allata
811 704 888 772 sumt,
904 696 1073 779 portionem
1090 696 1223 781 recipies,
1239 706 1330 781 atque
1352 697 1392 760 in

276 802 356 865 paee
376 779 516 865 tranquil
567 780 662 842 eitum
683 780 867 843 temtantes.
913 781 1079 846 Oonvaluit
1100 781 1199 867 igitur
1218 782 1391 867 episeopus

284 866 407 929 eunetis
435 865 658 951 gaudentibus,
688 887 727 929 ae
756 866 828 929 Deo
855 866 977 951 gratias
1006 869 1184 953 agentibus,
1214 875 1390 954 ooeptoque

282 950 398 1015 itinere
413 950 607 1015 Brittaniam
620 950 716 1015 venit.
1424 1030 1427 1037 Ι

328 1037 435 1101 Lectis
452 1044 560 1100 autem
582 1036 722 1122 epistolis
737 1058 817 1122 quas
838 1038 880 1101 ab
902 1037 1077 1122 apostolico
1094 1061 1178 1123 papa
1197 1040 1387 1117 advexerat,

283 1122 457 1187 Beratuald
481 1122 745 1208 archiepiscopus,
775 1129 810 1186 et
838 1123 989 1187 AEdilred
1018 1125 1178 1207 quondam
1206 1147 1272 1201 rex,
1303 1133 1432 1190 tunoeo

283 1216 392 1272 autem
413 1210 523 1286 abbas,
546 1208 751 1272 libentissime
775 1208 945 1272 faverunt:
980 1210 1034 1295 qui
1058 1210 1205 1275 videlieet
1230 1212 1388 1275 AEdilred

283 1295 420 1359 uetitum
433 1296 476 1358 ad
491 1316 525 1358 se
540 1294 731 1359 Ooinredum
746 1316 840 1378 quem
854 1316 913 1379 pro
928 1316 962 1359 se
976 1315 1083 1380 regem
1100 1296 1229 1375 fecerat,
1245 1297 1388 1360 amioum

120 1389 196 1438 nn.
209 1400 264 1453 70⁵·
283 1380 448 1466 bepiscopo
470 1379 538 1443 fieri
561 1380 663 1465 petiit,
690 1386 725 1443 et
752 1379 944 1463 impetravit.
991 1381 1054 1444 Sed
1077 1382 1207 1445 Aidfrid
1236 1383 1388 1446 Norden-

119 1455 216 1505 aldfrid
227 1458 268 1505 ⁰¹³·
283 1466 488 1551 hymbrorum
509 1487 566 1529 rex
585 1488 658 1530 eum
679 1465 837 1550 suscipere
856 1466 1034 1543 contemsit,
1051 1489 1108 1530 neo
1129 1469 1223 1553 longo
1238 1475 1388 1553 tempore

283 1552 456 1638 superfuit:
479 1553 563 1615 unde
576 1552 696 1615 factum
711 1558 761 1614 est
776 1558 814 1615 ut
825 1558 979 1637 regnante
991 1552 1133 1617 cOsredo
1143 1555 1209 1617 filio
1219 1556 1297 1639 ejus,
1307 1576 1387 1617 mox

121 1645 235 1723 spretus
282 1638 402 1723 synodo
424 1638 510 1703 faeta
527 1638 622 1723 juxta
640 1637 770 1701 fluvium
789 1637 886 1713 Nidd,
901 1644 975 1721 post
996 1638 1195 1722 aliquantum
1215 1640 1386 1725 utriusque

119 1709 196 1759 ΝΜ·
281 1724 384 1810 partis
405 1724 593 1801 aonfliotum,
613 1724 744 1787 tandem
764 1722 887 1787 eunetis
908 1723 1097 1802 faventibus,
1120 1725 1153 1790 in
1174 1726 1427 1810 praesulatum25

282 1810 325 1874 sit
339 1833 404 1875 suae
419 1816 565 1895 receptus
578 1808 727 1873 eoelesiae.
759 1809 873 1893 Sisque
887 1816 1026 1893 quatuor
1039 1812 1140 1889 annis,
1156 1812 1190 1874 id
1207 1818 1265 1890 est,
1280 1834 1385 1896 usque

119 1900 152 1947 A.
161 1900 193 1977 P·
207 1910 263 1966 709·
282 1897 324 1959 ad
339 1896 423 1959 diem
437 1896 543 1960 obitus
558 1894 616 1971 sui,
631 1894 731 1959 vitam
742 1894 835 1958 duxit
848 1894 882 1957 in
896 1916 985 1980 pace.
1016 1895 1193 1961 Defunctus
1209 1904 1258 1961 est
1272 1904 1385 1961 autem

119 1965 197 2016 Obut.
281 1980 336 2045 din
350 1982 543 2046 monasterio
562 2002 620 2044 suo
635 1981 720 2065 quod
738 1981 879 2044 habebat
900 1980 934 2043 in
954 1980 1116 2064 provincia
1136 1984 1299 2047 Undalum
1322 1985 1384 2047 sub

281 2068 434 2167 regimine
449 2065 605 2132 Gudualdi
619 2066 764 2166 abbatis3
790 2074 823 2130 et
837 2065 1015 2130 ministerio
1029 2068 1165 2132 fratrum
1182 2070 1324 2154 perlatus
1347 2068 1385 2131 in

1239 2166 1251 2195 Β
1316 2155 1324 2169 .

281 2152 1027 2323 ttttffluttttttttttttttttt
1039 2153 1428 2319 limittit..

280 2330 319 2387 ut
344 2322 394 2388 fet
419 2345 516 2408 supra
538 2323 720 2399 docuimus3
754 2330 788 2387 et
810 2324 870 2387 hoe
896 2323 936 2387 do
961 2323 1014 2386 illo
1041 2338 1157 2411 tsupra
1183 2326 1384 2413 epitaphium

281 2409 452 2495 seriptum:

374 2527 529 2612 Vilfridas
542 2528 592 2592 lie
605 2550 731 2614 maumas
744 2526 900 2614 requiescit
914 2548 1035 2610 turpem
1042 2528 1174 2616 pressat,

365 2614 459 2678 Heme
472 2616 605 2678 Domine
619 2615 674 2700 qai
687 2615 793 2678 aulam
807 2614 913 2678 ductas
922 2615 1049 2698 pietatis
1063 2637 1164 2680 aumm

252 2764 256 2771 .
365 2700 462 2779 Fecit,
477 2711 505 2764 et
518 2700 625 2764 mimia
638 2701 774 2764 sacrauit
787 2701 905 2764 momine
919 2699 1017 2779 Petri,

368 2785 428 2850 Oet
441 2787 538 2850 clunes
551 2786 620 2849 eceli
636 2786 772 2850 Oleistm
785 2785 870 2850 dedit
882 2783 997 2848 arbiter
1009 2785 1109 2860 eelim

365 2874 467 2957 Atque
480 2894 557 2936 aare
571 2893 614 2947 aa·
622 2872 701 2954 tyrio
715 2872 834 2936 demotus
847 2871 945 2934 vestiit
959 2881 1045 2935 ostro.

368 2957 450 3035 Quia
463 2959 556 3022 etiem
569 2956 693 3021 sublime
707 2957 805 3021 eruas
819 2957 963 3020 radiante
978 2956 1105 3035 metallo,

365 3042 430 3106 Hie
464 3044 542 3107 osuit
555 3042 730 3127 temlerum,
745 3063 855 3106 meana
869 3051 896 3105 et
928 3052 1051 3106 mattam
1064 3065 1140 3107 aare

366 3067 469 3192 stall·
480 3127 645 3212 Euarepelii
652 3129 803 3212 praeemit
816 3127 850 3190 im
865 3064 970 3192 emelim
985 3127 1075 3192 libros
1083 3155 1097 3206 ,-

364 3215 415 3276 Aa
428 3213 543 3277 tlemm
556 3237 571 3276 e
585 3213 677 3277 ratim
691 3214 738 3277 lis
752 3213 931 3298 neutiquam
946 3215 1082 3278 coadidit
1096 3235 1193 3278 aare:
1389 3247 1424 3293 40

365 3299 528 3364 Peentalis
541 3299 595 3384 qui
607 3299 698 3363 etiam
711 3299 869 3364 sollemnia
884 3309 1019 3388 tempora
1034 3322 1138 3364 causas

368 3385 515 3449 Oatloliei
529 3383 697 3467 adjustum
711 3385 840 3448 narrauit
854 3385 961 3469 mama
975 3387 1106 3464 eammis,

368 3471 460 3548 Qaem
473 3480 602 3534 statuere
608 3480 725 3555 patres,
741 3469 886 3555 delinque
899 3492 999 3535 errore
1013 3481 1120 3536 remoto

368 3557 458 3619 Oeta
471 3579 534 3619 suae
545 3557 628 3642 qemi
641 3557 768 3620 osteade't
781 3557 989 3620 moderamime
1004 3557 1103 3620 ritas:
1184 3573 1188 3580 ’
1347 3625 1352 3629 ,

364 3641 464 3726 Imque
477 3641 548 3706 loeis
562 3641 627 3705 istis
641 3641 851 3705 emunctorum
866 3643 1008 3706 emamime
1022 3641 1127 3706 erebra
1388 3673 1423 3723 45

311 3763 575 3824 epissentonamquae
585 3762 616 3808 V.
692 3761 824 3810 *amicam
835 3764 913 3810 amieo
925 3762 956 3809 V.
1042 3762 1156 3810 cOsrede'
1167 3777 1291 3824 perperam
1305 3763 1330 3811 S.
1341 3764 1378 3811 st.

277 3905 354 3952 supra
366 3891 396 3939 V.
485 3894 553 3940 sim
564 3893 716 3954 epitaphium
728 3890 758 3939 V.

312 3999 350 4045 24.
361 3985 465 4049 synode]
478 3988 517 4036 De
527 3988 573 4036 huc
584 3987 639 4035 vide
652 3987 731 4036 Hedd.
743 3988 783 4049 58.
795 3995 821 4035 et
831 3988 924 4048 Spelm.
946 3988 1007 4037 Con.
1020 3989 1035 4035 i.
1050 4001 1105 4050 ²03·
1122 3990 1146 4036 S.

311 4060 350 4112 25.
361 4053 422 4113 euoe]
437 4053 639 4114 Hsgustuldensis
650 4067 695 4100 sus
705 4052 805 4109 dicitur,
817 4052 875 4114 quio
886 4068 926 4102 sn.
935 4052 990 4116 674.
1000 4069 1053 4101 eam
1066 4053 1119 4114 ipse
1130 4054 1156 4101 iu
1168 4053 1285 4102 bonorem
1295 4067 1314 4100 s.
1325 4054 1376 4101 An-

277 4115 455 4178 transposuit
467 4117 611 4166 construxit.
634 4117 686 4164 Ric.
699 4116 763 4179 Hsg.
776 4131 829 4178 cup.
841 4131 863 4178 3.
881 4118 906 4165 S.

308 4193 350 4240 32.
364 4182 499 4243 Vitsridue]
515 4183 555 4230 De
565 4182 611 4229 boc
622 4181 754 4242 ridepluru
764 4181 791 4228 in
804 4185 914 4244 Append.
927 4181 959 4228 N.
973 4181 1025 4230 xix.

309 4259 351 4306 34.
364 4245 444 4308 Fecit]
469 4246 526 4295 vid.
539 4247 600 4294 Edd.
612 4245 664 4294 vu.
675 4246 783 4294 Wilfrid.
801 4259 848 4306 αις
869 4255 893 4296 et
910 4261 939 4294 ea
955 4261 1008 4307 quoe
1024 4245 1143 4294 Rienrdus
1160 4245 1258 4308 scripsit
1274 4247 1304 4293 de
1320 4262 1377 4294 con·

277 4312 413 4358 structione
424 4319 449 4359 et
458 4312 568 4359 mirabili
573 4313 650 4372 'opere
660 4311 873 4372 Hagustaldemsis
884 4313 997 4370 ecclesie,
1009 4313 1063 4366 tua,
1075 4310 1130 4358 loco
1141 4312 1214 4358 modo
1226 4325 1240 4358 u
1252 4311 1330 4358 Smith
1341 4311 1376 4358 ci·

276 4380 337 4434 tato,
349 4374 448 4437 Twysd.
461 4375 549 4437 Script.
562 4391 585 4436 p.
595 4389 651 4438 290.
675 4375 736 4422 Eum
748 4383 833 4437 postes
844 4375 912 4424 nuxit
922 4382 947 4423 et
958 4376 1083 4423 decoravit
1093 4375 1168 4432 Acca,
1180 4375 1253 4434 iufra,
1266 4389 1305 4424 eo.
1329 4375 1377 4423 Sed

276 4444 302 4484 et
311 4437 338 4484 in
349 4437 457 4501 Inhrypo
469 4447 639 4489 construxerat
650 4439 768 4487 Vilfridus
783 4440 908 4490 basilicum
924 4445 1099 4503 sumptuosam,
1112 4447 1137 4488 et
1150 4440 1270 4502 dilapsum
1283 4439 1376 4490 Ebora·

276 4502 355 4550 censis
366 4502 472 4552 ciritetis
483 4504 630 4553 restituerat.
654 4503 716 4552 Edd.
728 4502 765 4552 16.
776 4515 815 4566 17.

220 3856 223 3863 ·
278 3822 388 3872 dautem
400 3835 490 3890 quarto
501 3829 558 3875 idus
571 3827 682 3874 Octobris
692 3828 719 3874 im
730 3828 875 3874 monasterio
888 3825 918 3874 V.
1023 3837 1036 3866 θ
1043 3830 1186 3891 petitusque
1197 3826 1228 3875 V.
1329 3829 1379 3876 tm
