3100 5125
275 307 339 372 272
599 298 837 366 HISTORIAE
861 295 1039 363 EOOLES.

706 551 814 615 oAP.
840 550 943 614 XIII.

279 683 317 740 Ut
330 703 345 739 e
358 692 454 739 contra
466 681 537 738 alter
551 681 588 736 ad
600 645 710 736 mortein
720 681 836 746 venien,
852 680 970 736 oblatum
982 679 1037 735 sibi
1050 697 1066 735 a
1081 677 1243 736 monibus
1259 677 1379 733 codicem

619 781 729 818 auorum
742 761 841 818 viderit
849 769 1030 836 pcccatorum.

116 894 267 958 [aum]
320 881 372 943 Ar
400 887 522 957 contra,
551 879 773 964 fuitquidam
801 879 835 942 in
863 879 1028 965 provincia
1061 878 1255 943 Marciorum
1287 879 1379 962 cujus
1422 851 1425 856 Ι

277 965 411 1031 visiones
433 989 472 1030 ac
495 967 601 1043 verba,
624 965 701 1030 inon
724 972 834 1030 autem
855 972 889 1030 et
913 965 1121 1041 conversatio,
1143 963 1296 1049 plurimis,
1319 964 1402 1044 sed5

277 1073 340 1115 non
363 1051 549 1136 sibimetipsi
592 1051 700 1115 rotuit.
745 1052 824 1115 Fuit
848 1051 977 1116 l‘autem
1000 1050 1197 1135 temporibus
1221 1049 1379 1114 (lotnredi

277 1137 332 1222 qui
346 1145 421 1222 post
435 1075 642 1200 AEdilredum
655 1137 811 1223 regnavit,
826 1137 874 1201 vir
888 1137 922 1200 in
936 1137 1017 1200 laico
1031 1136 1145 1200 habitu
1161 1141 1258 1220 atque
1273 1134 1378 1198 officio

276 1223 406 1287 militari
431 1223 573 1309 positus;
606 1223 662 1286 sed
685 1231 841 1306 quantum
866 1246 925 1323 pro
952 1222 1111 1286 industria
1134 1220 1284 1286 exteriori
1309 1220 1379 1306 regi

238 1381 243 1389 ,
277 1310 414 1393 placens,
439 1314 567 1373 tantum
590 1331 649 1408 pro
675 1308 803 1372 interna
828 1314 947 1372 smmet'
973 1307 1172 1393 neglegentia
1198 1306 1378 1391 displicens.

277 1395 484 1458 Admonebat
498 1416 574 1479 orgo
589 1394 677 1457 illum
691 1395 800 1457 scdulo
815 1402 852 1459 ut
866 1394 1081 1469 confiteretur,
1092 1399 1126 1457 et
1140 1393 1327 1457 emendaret
1340 1413 1380 1456 ac

277 1480 470 1564 relinqueret
491 1481 610 1544 scelera
631 1501 698 1556 sua,
718 1480 903 1565 priusquam
924 1479 1031 1544 subito
1052 1479 1165 1543 mortis
1185 1484 1380 1562 superventu

278 1573 404 1650 tempus
418 1588 510 1630 omne
525 1564 701 1650 poenitendi
716 1573 750 1629 et
768 1565 956 1630 emendandi
973 1565 1144 1648 perderet.
1175 1563 1299 1627 Verum
1315 1563 1422 1640 ille,10

277 1653 460 1736 frequenter
478 1651 567 1715 ¹licet
588 1651 780 1728 admonitus,
797 1652 968 1736 spernebat
985 1651 1082 1714 verba
1104 1649 1224 1726 salutis,
1246 1670 1379 1734 seseque

278 1744 421 1821 tempore
454 1743 605 1821 sequente
622 1736 858 1836 ,poenitentiam
885 1743 1032 1800 acturum
1060 1757 1129 1806 esse
1157 1735 1379 1821 promittebat.

279 1823 360 1886 Haec
380 1823 491 1886 ”inter
508 1829 615 1887 tactus
637 1821 832 1900 infirmitate,
849 1821 966 1886 decidit
988 1821 1021 1884 in
1041 1820 1167 1897 lectum,
1190 1827 1226 1884 at
1248 1841 1289 1882 ue
1310 1819 1380 1884 acri

278 1907 377 1992 ooepit
399 1909 507 1972 dolore
532 1907 683 1992 torq'ueri.
738 1907 794 1971 Ad
822 1930 916 1992 quem
944 1907 1104 1992 ingressus
1133 1929 1200 1981 rex,
1224 1843 1380 1991 diligebat

278 1994 363 2057 enim
384 2015 456 2057 eum
477 1995 621 2070 multum,
644 1994 836 2058 hortabatur
856 2000 894 2057 ut
915 1993 964 2057 vel
986 2000 1062 2058 tunc
1084 1999 1256 2076 antequam
1277 2013 1380 2055 more-

279 2085 377 2157 retur,
392 2079 618 2164 poenitentiam
631 2086 742 2164 ageret
756 2079 1005 2143 commissorum.
1050 2079 1098 2142 At
1112 2077 1164 2140 ille
1181 2076 1377 2162 nrespondit,

280 2187 344 2228 non
358 2186 393 2227 se
406 2171 484 2229 tuno
499 2165 576 2228 velle
590 2166 735 2228 confiteri
749 2171 883 2249 peccata
898 2187 965 2243 sua,
981 2166 1038 2229 sed
1051 2186 1123 2227 cum
1137 2164 1179 2226 ab
1191 2163 1378 2227 infirmitate
1391 2185 1421 2235 15

280 2256 481 2398 pesurgteret3
499 2272 539 2313 ne
554 2252 807 2398 0exprobrprent
822 2250 1128 2400 Sibilmdaies’fqunqi
1139 2249 1380 2398 timorgmortip

292 2356 383 2399 acere
424 2357 463 2399 ea
510 2357 559 2399 uae
581 2357 617 2399 so
656 2358 690 2400 es
725 2359 816 2402 acere
839 2359 969 2401 nouere
996 2363 1004 2410 ;
1046 2358 1065 2398 0
1098 2357 1160 2398 ier
1203 2358 1236 2398 u1
1258 2357 1317 2410 em,
1342 2357 1364 2397 u

280 2419 341 2484 sibi
366 2358 543 2498 videbatiir,
566 2358 700 2498 locdius,
727 2423 784 2485 sed
813 2422 1043 2498 miserabiliter,
1070 2427 1107 2485 ut
1137 2359 1232 2504 dest
1261 2419 1379 2505 patuit,

281 2506 456 2571 daemonica
469 2507 580 2571 fraude
595 2508 775 2572 tseductus.

325 2592 467 2678 Oumque
480 2595 592 2657 morbo
607 2595 853 2679 ingravescente,
870 2595 973 2658 denuo
987 2593 1030 2657 ad
1045 2614 1116 2657 eum
1131 2592 1324 2656 visitandum
1340 2612 1378 2655 ac

282 2678 460 2742 docendum
485 2701 542 2742 rex
566 2679 712 2753 intraret,
737 2680 913 2743 rclamabat
941 2679 1052 2743 statim
1080 2676 1252 2741 miserabili
1277 2698 1425 2741 vocene

183 2784 187 2791 ·
284 2764 369 2842 Quid
390 2765 436 2827 orb
460 2765 571 2827 modo?
614 2765 698 2843 Quid
714 2765 772 2828 buc
790 2766 897 2829 coalui
909 2767 924 2827 l
963 2766 1038 2827 Nou
1059 2764 1140 2826 caim
1161 2762 1237 2827 mitt
1258 2762 1384 2847 aliquid

282 2849 426 2913 utilitatis
440 2860 495 2912 aut
504 2850 612 2913 salutis
619 2861 706 2934 potes
720 2851 805 2914 ultro
818 2852 962 2935 conferre.
1007 2850 1056 2913 At
1070 2848 1139 2912 ille:
1162 2846 1250 2925 Noli,
1266 2848 1383 2931 inquit,

283 2935 329 2998 ita
343 2935 433 3019 loqui,
449 2936 517 2999 cide
530 2944 565 2998 ot
576 2958 684 2999 cauum
697 2937 812 3021 sapies.
856 2938 939 3014 Noa,
954 2935 1067 3019 inquit,
1084 2935 1212 3012 imaum,
1227 2934 1383 3019 sedpcsst'-

316 3135 324 3173 i
335 3140 410 3186 verbu
419 3148 444 3188 ct
454 3143 605 3188 materiatio
616 3140 680 3187 V.G.
797 3140 813 3179 k
818 3138 874 3201 suit
885 3144 969 3186 autem
980 3137 1081 3198 quidam
1092 3134 1122 3185 V.
1240 3134 1250 3169 ¹
1261 3136 1384 3199 licetsre·

282 3208 387 3265 queater
397 3204 428 3251 V.
519 3216 543 3245 m
554 3205 628 3252 Inter
637 3206 690 3251 ltaec
701 3204 730 3251 V.
830 3214 846 3243 π
857 3202 1015 3265 respondebat
1027 3201 1055 3249 V.
1153 3211 1168 3241 0
1179 3216 1211 3249 ae
1216 3200 1286 3264 sorte
1297 3216 1384 3263 eapro-

283 3268 387 3314 broreat
398 3267 428 3317 V.
553 3278 566 3310 Ρ
572 3276 659 3331 postea
667 3271 760 3331 patuit,
772 3270 923 3316 malaca
935 3266 966 3315 V.
978 3272 1066 3328 postea
1079 3267 1111 3314 G.
1240 3276 1256 3314 (ι
1267 3268 1385 3314 seductus

283 3337 320 3380 est
331 3331 394 3379 V.G.
492 3342 505 3372 r
516 3336 633 3381 clamavit
645 3333 706 3381 V.G.

327 3507 351 3556 6.
361 3512 530 3573 AEdilredum]
546 3512 644 3559 Pendan
656 3510 720 3571 regis
731 3510 805 3570 filius,
818 3526 857 3558 an.
866 3509 923 3573 675.
935 3508 1046 3559 Vult'heri
1057 3508 1127 3558 fratri
1139 3508 1264 3564 successit,
1275 3522 1317 3555 an.
1326 3505 1385 3569 67⁶.

283 3573 399 3622 Cantium
411 3576 524 3635 vastavit,
535 3577 566 3624 iv.
579 3590 618 3624 η.
629 3592 669 3623 an.
681 3574 738 3625 680.
750 3578 781 3623 ad
792 3575 864 3636 hujus
879 3575 1022 3637 petitionem
1033 3574 1130 3635 Agatho
1147 3589 1210 3636 papa
1225 3572 1315 3621 litteris
1331 3572 1384 3620 suia

283 3638 438 3687 confirmavit
449 3640 574 3703 privilegia
583 3641 669 3689 Peadoe
679 3647 705 3688 et
716 3639 825 3687 VuIFneri
835 3655 920 3701 regum
931 3646 956 3687 et
968 3638 1076 3687 Serualti
1084 3638 1172 3699 quibus
1180 3638 1317 3686 liberarunt
1327 3638 1384 3684 Me·

283 3703 452 3752 desbamstede
469 3706 642 3753 monasterium
660 3705 691 3752 ab
707 3705 776 3752 omni
793 3706 910 3753 servitute
927 3704 964 3752 rel
982 3703 1033 3765 regi
1049 3703 1089 3751 vel
1106 3704 1219 3765 episeopo
1236 3702 1381 3763 peragenda.

284 3767 526 3831 chr.Sa1.an.675.
549 3770 697 3831 [Genuinam
707 3770 776 3830 epist.
786 3769 836 3816 vid.
847 3768 955 3816 Monast
967 3767 1041 3829 Angl.
1054 3783 1077 3829 p.
1087 3766 1127 3817 66.
1150 3768 1189 3815 De
1200 3766 1243 3814 illa
1255 3766 1311 3813 Chr.
1322 3766 1383 3813 Sar.

283 3831 348 3879 ¹conf.
360 3832 420 3894 Pagi
432 3831 500 3899 679.]
514 3849 555 3882 an.
564 3834 620 3897 679.
633 3834 698 3881 inter
708 3834 773 3881 hunc
784 3840 809 3881 et
820 3832 963 3895 Ecgfridum
975 3832 1120 3881 Theodorus
1131 3846 1214 3893 pacem
1227 3832 1286 3879 iecit
1295 3830 1328 3877 iv.
1342 3844 1382 3879 21.

283 3905 309 3943 et
320 3897 432 3945 AEdilred
449 3900 600 3959 recuperavit
616 3898 812 3946 Lindisfarorum
830 3896 989 3957 provinciam,
1005 3911 1078 3957 quam
1096 3896 1196 3959 Ecgfrid
1210 3894 1325 3942 Vult‘heri
1342 3909 1384 3942 su·

283 3966 368 4020 perato
378 3962 527 4022 obtinuerat,
538 3963 570 4010 ir.
581 3977 620 4020 ia,
632 3978 672 4009 an.
683 3961 740 4028 691.
773 3962 864 4009 Vilfrid
878 3962 980 4023 jubente
992 3960 1119 4009 AEdilredo
1131 3962 1194 4021 apud
1204 3975 1276 4021 quem
1288 3959 1382 4019 episco-

284 4030 342 4085 patu
353 4026 437 4085 pulsus
448 4026 622 4088 ailquantiaper
633 4028 734 4085 mansit,
745 4027 869 4074 Ostiorum
883 4032 1008 4073 consecrat
1016 4026 1048 4073 iv.
1059 4039 1072 4072 n
1075 4040 1098 4087 3.
1116 4024 1225 4073 AEdilred
1232 4024 1306 4071 ctiam
1316 4023 1383 4071 dedit

285 4102 303 4136 s.
315 4089 413 4149 aguino
422 4091 594 4139 Eveshamiam
602 4091 645 4139 ubi
656 4092 831 4139 monasterium
840 4090 979 4139 construxit
990 4100 1088 4151 an.701.
1114 4091 1219 4151 An.703.
1227 4088 1306 4135 eidem
1315 4088 1383 4136 dedit

284 4153 412 4201 castellum
424 4155 454 4202 de
466 4155 596 4219 Chadbury
607 4163 713 4204 etvetus
724 4156 901 4203 monasterium
913 4155 943 4201 de
957 4155 1101 4212 Stratiorda,
1115 4154 1186 4201 Mon.
1196 4153 1274 4215 Angl.
1286 4152 1312 4199 ii.
1324 4152 1381 4214 851.

284 4216 333 4263 An.
341 4227 395 4277 704.
407 4220 433 4266 in
444 4220 587 4267 Beardanea
600 4221 757 4281 monasterio,
768 4221 833 4281 quod
846 4219 936 4267 dicitur
945 4218 981 4267 iii.
993 4232 1031 4267 ιι.
1043 4218 1150 4266 maxime
1161 4218 1283 4277 dilexisse,
1294 4230 1382 4265 mona·

286 4281 346 4328 chus
362 4282 399 4337 fit,
418 4283 475 4331 Chr.
487 4285 544 4332 Sar.
559 4292 586 4333 et
601 4299 660 4333 mox
676 4285 759 4345 abbas,
770 4300 793 4331 v.
808 4298 847 4333 πο.
881 4283 981 4332 Malms.
993 4283 1023 4330 de
1040 4284 1100 4343 Reg.
1114 4282 1130 4329 i.
1143 4282 1176 4330 iv.
1192 4282 1227 4343 [p.
1237 4282 1288 4343 aa]
1308 4288 1334 4329 et
1352 4295 1382 4343 13

265 4390 267 4394 .
284 4358 364 4391 annos
372 4346 462 4395 ibidem
474 4349 562 4397 devote
572 4350 672 4411 peregit
695 4349 764 4397 Mon.
777 4348 856 4411 Angl.
867 4348 893 4396 ii.
904 4348 962 4409 851.
972 4348 996 4395 S.
1008 4348 1148 4395 AEdilredue
1158 4345 1288 4407 privilegia
1298 4360 1383 4393 mona·

284 4408 413 4457 stcriorum
429 4427 483 4472 qua
500 4414 601 4475 Sergius
616 4430 681 4477 papa
691 4414 820 4462 Aldbelmo
837 4413 950 4475 episcopo
965 4418 1126 4468 concesserat,
1138 4419 1164 4459 et
1181 4412 1227 4460 Ine
1241 4424 1284 4458 rex
1296 4409 1382 4459 Occid.

285 4472 410 4521 Saxonum
422 4476 570 4538 instituerat,
580 4494 624 4527 sua
632 4493 727 4541 quoquc
735 4478 880 4527 auctoritate
889 4477 1022 4526 roboravit.
1044 4476 1102 4525 Gul.
1114 4476 1202 4525 Malm.
1214 4475 1231 4523 l.
1241 4490 1262 4524 c.
1274 4482 1300 4524 et
1309 4490 1333 4538 p.
1343 4487 1380 4533 ¹4
