3100 5125
467 347 632 415 onnus
654 349 926 415 suetonum.
1062 310 1068 317 ’
1183 354 1247 417 asa

151 493 264 571 factus,
284 496 327 559 ad
349 496 459 563 limina
481 500 706 583 apostolorum,
729 500 763 564 in
788 501 943 585 precibus,
963 501 1090 586 jejuniis
1114 508 1148 565 et
1170 502 1248 569 oleo·

110 580 292 664 ¹⁵mosynis
314 603 414 667 usque
436 584 478 647 ad
502 584 585 683 diem
609 587 785 685 permapsit
804 586 974 686 'ultimum3
1006 586 1194 686 succedente
1216 586 1249 651 in

152 668 547 837 immittit?
568 670 1368 843 ‘tittttt,titlffittttltlffl

151 837 235 921 regis
250 837 460 904 Orientalium
474 841 646 915 Saxonum,
659 841 748 925 cnjus
763 864 860 925 supra
874 842 1081 920 meminimus,
1097 842 1249 907 vocabulo

153 922 235 999 uffa,
246 923 371 1006 juvenis
392 925 619 990 amantissime
640 926 748 991 aetatis
768 934 803 995 ct
817 928 1003 1005 venustatis,
1019 935 1161 1013 totaeque
1183 941 1320 991 suaeoffa.

152 1007 240 1093 genti
263 1010 307 1073 sd
328 1012 469 1075 tenendo
487 1012 705 1095 servandaque
726 1012 816 1097 regni
835 1019 963 1096 sceptra
982 1014 1245 1097 exoptatissimus.

110 1122 144 1157 ιο
153 1093 215 1174 Qui
229 1094 299 1179 pari
314 1096 430 1162 ductus
444 1096 611 1161 devotione
625 1097 750 1183 montis,
760 1098 888 1181 reliquit
903 1121 1042 1175 uxorem,
1058 1122 1162 1185 agros,
1178 1122 1250 1185 cog-

151 1186 246 1279 natos
268 1189 302 1246 et
323 1183 462 1265 patriam
483 1190 615 1267 propter
636 1183 807 1261 Christum,
824 1191 858 1249 et
879 1191 1011 1269 propter
1032 1184 1249 1269 Evangelium,

151 1272 189 1329 ut
203 1288 236 1327 m
250 1267 310 1331 hac
324 1267 392 1333 vita
406 1269 588 1353 centuplum
601 1268 768 1353 occiperet,
779 1276 812 1337 et
827 1270 859 1333 in
875 1270 989 1333 saeculo
1003 1277 1138 1335 venturo
1153 1270 1251 1333 vitam

150 1358 315 1417 aeternam.
360 1354 406 1418 Et
419 1355 487 1439 ipse
502 1376 578 1439 ergo
592 1354 647 1421 ubi
661 1355 704 1419 ad
720 1355 790 1421 loca
807 1360 919 1423 sancto
934 1356 1069 1419 Romam
1083 1354 1097 1393 ¹¹
1125 1377 1250 1419 erveno-

151 1444 239 1515 runt,
260 1439 427 1517 adtonsus,
448 1439 535 1505 etin
557 1440 742 1505 monachico
760 1440 861 1507 vitam
880 1440 994 1505 habitu
1016 1378 1185 1525 complens,
1208 1441 1249 1505 ad

153 1521 306 1674 visioneqp
334 1526 501 1590 beatorum
529 1526 747 1609 apostolorum
774 1527 809 1591 in
837 1526 930 1605 caelis,
957 1526 1012 1591 diu
1038 1526 1251 1591 desideratam

153 1630 306 1692 perveni.

207 1695 329 1759 Eodem
350 1717 428 1759 sane
448 1718 533 1761 anno
555 1718 619 1781 quo
640 1697 673 1762 hi
692 1697 908 1762 Brittanniam
929 1697 1093 1783 reliquere,
1116 1696 1250 1762 antistes
1261 1704 1350 1753 vilfrid

111 1806 143 1855 ²⁵
153 1779 287 1843 eximius
306 1781 432 1859 Vilfn’d,
454 1789 528 1867 post
550 1782 764 1868 quodraginta
786 1791 821 1847 et
843 1784 980 1868 quinque
1002 1804 1104 1851 annos
1128 1780 1251 1867 accepti
1259 1771 1299 1818 ⁰¹³·

152 1865 364 1950 episcopatus,
380 1866 465 1931 diem
479 1868 592 1933 clausit
606 1876 785 1933 extremum
806 1868 839 1931 in
860 1869 1021 1953 provincia
1034 1891 1105 1954 quae
1120 1874 1252 1935 vocatur

154 1949 363 2016 Inundalum:
387 1975 564 2053 corpusque
586 1954 654 2039 ejus
675 1954 777 2018 loculo
800 1953 944 2031 inditum,
967 1954 1125 2038 perlatum
1147 1962 1196 2019 est
1218 1953 1369 2017 inlnunda.

152 2038 380 2102 monasterium
394 2038 501 2123 ips1us,
514 2040 599 2123 quod
613 2039 730 2105 dicitur
745 2040 929 2124 Inhrypum,
945 2046 979 2104 et
990 2040 1085 2124 juxta
1099 2040 1252 2105 honorem
1260 2032 1319 2078 ΜΝ·

153 2128 248 2187 tanto
268 2124 411 2207 pontifici
429 2146 612 2210 congruum,
627 2125 660 2188 in
683 2124 815 2189 ecclesia
834 2124 921 2189 boati
940 2125 1076 2211 apostoli
1093 2124 1183 2189 Petri
1205 2147 1252 2190 so-

152 2209 287 2293 pultum.
331 2209 381 2274 De
396 2211 485 2295 cujus
499 2218 588 2275 statu
602 2211 686 2289 vitae,
698 2218 735 2275 ut
749 2211 794 2280 ad
807 2210 915 2295 priora
929 2212 1128 2297 repedantes,
1143 2210 1253 2296 paucis

154 2315 226 2378 quae
248 2301 324 2363 sunt
345 2302 447 2381 gesta,
470 2318 688 2375 memoremus,
710 2318 783 2363 oum
805 2304 890 2365 essct
912 2319 991 2387 puer
1013 2299 1106 2364 bonae
1129 2296 1252 2375 indolis,

608 2458 624 2501 h
629 2460 745 2520 pervenit
756 2458 785 2509 V.

189 2617 226 2668 15.
243 2607 368 2668 statem]
388 2608 440 2656 An.
453 2618 499 2671 715
511 2606 587 2656 hicet
598 2607 645 2654 Ins
660 2607 804 2668 pugnabant
820 2607 886 2668 apud
898 2606 1103 2655 Woduesbcorlie.
1124 2605 1180 2654 Chr.
1194 2607 1252 2655 Sex.

153 2671 193 2719 vel
210 2673 274 2731 apud
291 2672 415 2735 Bonebiry
429 2689 453 2720 x.
465 2673 552 2733 Seript
567 2669 711 2733 [Bremton]
726 2685 749 2731 p.
763 2682 820 2732 773,
837 2686 941 2731 quorum
959 2671 1060 2718 victorie
1080 2671 1106 2718 in
1127 2671 1200 2718 dublo
1216 2686 1254 2720 re-

155 2736 253 2784 mansit.
266 2736 369 2784 Westm.
396 2737 449 2785 An.
461 2744 577 2798 sequente
590 2745 700 2784 mortuus
711 2743 756 2795 est,
767 2745 792 2783 et
805 2736 913 2795 sepultus
930 2736 955 2782 in
970 2735 1095 2783 Licetleld.
1108 2735 1206 2783 Malms.
1218 2735 1254 2784 sit

70 2815 77 2824 ·
153 2814 210 2848 eum
222 2801 296 2848 fnisse
307 2802 439 2850 immatura
451 2810 529 2849 morte
540 2800 712 2853 miserabilem,
724 2809 749 2847 ct
765 2815 785 2847 s.
799 2800 941 2847 Bonifseius
953 2800 1066 2860 Moguut
1079 2799 1104 2846 in
1117 2799 1163 2859 Ep.
1176 2814 1212 2863 ¹9·
1222 2801 1252 2848 nd

155 2865 338 2913 AEthelbeldum
349 2881 512 2914 successorem
523 2865 576 2926 elus
588 2872 678 2923 umet,
689 2865 754 2924 quod
770 2865 910 2913 ceolredum
923 2865 992 2924 apud
1001 2866 1099 2911 comites
1109 2879 1165 2910 auor
1174 2867 1254 2926 splen.

154 2930 211 2977 dide
223 2933 364 2991 epulantem
375 2933 502 2991 malignus
509 2931 612 2991 ιγιιιιιιι
620 2931 739 2990 arripuit,
746 2931 791 2989 qui
799 2943 855 2975 eum
864 2929 1027 2990 adflduciam
1035 2929 1183 2976 damnando
1191 2931 1254 2990 legis

155 2993 465 3056 Drtmdendopeuem
472 3001 602 3056 potantem
617 2993 696 3040 rutilo
712 2994 740 3039 ia
756 2994 882 3040 ιἰιιιιιιὶιιιιι
898 2994 989 3039 mentia
1005 2995 1142 3040 mavortii:
1162 3001 1191 3041 ut
1201 2996 1254 3041 rinc

150 3060 299 3119 poeailmtt'o
310 3066 334 3105 et
345 3058 494 3120 confessione
499 3059 656 3120 furibundus
672 3063 696 3104 el
711 3072 805 3112 amors,
818 3064 843 3103 et
852 3072 909 3104 cum
921 3057 1023 3104 diabolis
1036 3059 1214 3113 romaricum,
1228 3063 1252 3105 et

155 3121 211 3233 Del
218 3124 355 3171 mcerdoter
364 3124 511 3170 abominans
520 3123 552 3170 ab
563 3125 611 3170 liar
622 3124 675 3169 lucr
685 3121 739 3168 ιὶιιι
748 3121 821 3169 dubio
835 3122 871 3167 cd
886 3125 1000 3168 rancenti
1008 3121 1111 3182 inferna
1122 3124 1251 3183 migrarit.

155 3187 203 3247 Spe
214 3202 246 3233 m.
258 3189 334 3234 Cone.
345 3189 362 3236 l.
375 3200 429 3248 235·
448 3189 473 3235 S.

187 3251 287 3314 instita
298 3253 428 3310 AEdv'lredi,
445 3254 488 3313 qut
498 3258 559 3298 ante
569 3248 663 3312 ι’ριιιιιι]
682 3249 784 3298 Vellere
795 3257 821 3296 et
832 3248 943 3296 AEdilred
955 3248 1043 3298 fratres
1054 3249 1168 3299 lueruntr
1180 3250 1255 3298 eoin.

154 3316 198 3364 red
209 3315 274 3363 lilius
286 3317 389 3377 vulferi,
400 3317 502 3365 Ceolred
514 3315 642 3366 AEdilredi.
654 3315 717 3362 Flor.
730 3314 787 3376 vig.
798 3313 898 3362 Genesi.
912 3311 1002 3376 p-691.

192 3391 229 3440 17.
240 3380 330 3442 supra]
349 3380 410 3429 Vids
421 3381 457 3430 iii.
468 3394 509 3441 30.
521 3381 563 3440 S.;
580 3387 605 3427 et
615 3380 646 3427 iv.
660 3376 684 3426 6.

188 3444 223 3492 ib.
237 3441 308 3507 Offa]
336 3445 458 3504 Regnavit
469 3446 494 3493 in
507 3458 583 3505 regno
594 3442 758 3492 Orientalium
771 3443 896 3490 Saxonum
914 3449 969 3502 post
985 3441 1146 3504 sigobardum
1159 3447 1184 3488 et
1195 3441 1255 3488 Seo-

156 3508 245 3556 fridum
258 3510 341 3571 paucis
352 3509 434 3568 aunis,
446 3510 538 3570 ivitque
550 3509 654 3557 Romam
666 3509 763 3555 hortatu
774 3506 925 3554 Kinesuithae
933 3506 1031 3554 Pendeo
1043 3505 1108 3566 regis
1120 3504 1175 3552 filioe
1186 3504 1256 3566 cujus

157 3575 255 3634 nuptias
274 3574 445 3634 suspiraverat,
460 3589 516 3621 cum
531 3574 653 3622 coinredo
668 3587 724 3634 rege
739 3579 765 3620 et
775 3571 873 3633 Eguiuo
890 3571 1011 3632 episcopo.
1034 3570 1134 3618 Malms.
1144 3570 1173 3617 de
1185 3571 1255 3616 Gest.

156 3637 251 3698 Regum
264 3638 290 3685 ii.
303 3638 343 3699 [ι]
355 3636 378 3686 6.
387 3646 413 3686 ct
424 3639 484 3686 Mat.
492 3638 594 3686 Westm.
604 3652 644 3684 an.
654 3649 709 3699 705.
725 3637 762 3697 [et
773 3637 840 3698 pro]
880 3636 989 3696 Eguiuus
1000 3648 1059 3681 vero
1070 3635 1170 3682 domum
1183 3633 1256 3682 rediit

155 3701 186 3749 de
193 3702 406 3763 Romaepistolsm
415 3702 534 3763 privilegii
543 3703 575 3749 sd
583 3702 707 3749 munimen
716 3699 857 3748 monasterii
864 3701 901 3746 sui
909 3701 938 3746 de
948 3698 1066 3746 Evesham
1074 3713 1155 3746 secum
1166 3699 1254 3745 serens.

157 3765 265 3814 Kenrcdi
276 3775 302 3814 et
312 3768 375 3814 Oll're
381 3775 407 3815 et
416 3768 511 3829 sgwini
519 3767 624 3825 chartas,
635 3775 660 3813 et
672 3765 826 3815 consentini
835 3763 962 3825 epistolam
972 3765 1002 3810 de
1014 3763 1139 3809 dotatione
1150 3762 1255 3809 coenobii

154 3830 277 3880 Eveshsm
291 3832 345 3879 vide
360 3833 425 3892 epod
439 3831 531 3894 Spelm.
543 3831 605 3878 Con.
616 3831 632 3877 i.
645 3844 701 3892 209,
712 3833 758 3880 dre.
793 3833 840 3876 Au.
855 3841 901 3890 703
913 3828 1003 3876 dieitur
1017 3827 1112 3874 dedisse
1124 3825 1254 3874 Offenhsm

155 3895 277 3944 Eresham
289 3897 445 3944 monasterio.
467 3895 576 3943 Monast
587 3895 665 3956 Angl.
677 3895 701 3942 ii.
714 3896 771 3955 851.
790 3894 815 3940 S.

193 3973 230 4022 19.
241 3961 356 4022 mm]
384 3961 410 4007 Si
428 3961 503 4008 sliam
517 3973 619 4007 uxorem
637 3966 724 4020 preter
735 3956 914 4021 Kynesuithsm
931 3955 1015 4004 habuit
1031 3967 1120 4002 nomen
1134 3968 1182 4001 non
1195 3969 1255 4002 con-

157 4029 213 4073 stet
249 4025 401 4086 Kynesuitln
411 4039 470 4072 vcro
482 4039 543 4072 uxor
554 4025 607 4084 ejus
623 4023 719 4083 proprie
730 4020 847 4082 appellari
865 4035 914 4067 non
931 4020 1019 4080 potuit,
1030 4020 1177 4080 desponsata
1187 4019 1255 4066 enirn

156 4088 179 4138 ci
196 4095 292 4136 tentum
309 4089 364 4149 soit,
376 4103 426 4137 non
443 4096 528 4150 nupta.
550 4087 616 4136 Vide
627 4088 715 4147 Cspgr.
750 4087 842 4136 Verius
859 4084 907 4132 dici
928 4090 1009 4145 potest
1026 4099 1081 4132 eam
1098 4083 1170 4142 hunc,
1180 4098 1254 4144 quam

154 4151 221 4200 hunc
231 4168 286 4200 erm
298 4153 437 4214 reliquisse;
457 4160 553 4202 constat
563 4152 629 4200 enim
646 4152 714 4199 illam
732 4159 830 4212 propter
841 4149 989 4210 virginitatis
1000 4149 1115 4196 honorem
1128 4147 1180 4208 ejus
1192 4162 1253 4208 nup-
1355 4151 1361 4156 “

156 4216 206 4264 ties
215 4218 342 4279 sprevisse.
359 4219 385 4266 S.
417 4217 570 4281 Kynesuiths
580 4217 624 4265 ills
635 4216 686 4264 lilia
698 4216 746 4263 luit
755 4215 846 4263 Pendoe'
856 4214 928 4275 regis.
947 4214 1010 4261 Flor.
1023 4211 1078 4274 vig.
1091 4213 1156 4260 Geni
1166 4227 1188 4272 p.
1197 4209 1254 4273 690.

156 4281 213 4330 Gal.
226 4282 313 4330 Mslrn.
326 4283 392 4333 Gest
405 4283 467 4345 neg.
479 4282 496 4330 i.
507 4282 531 4330 ⁶.

191 4345 230 4395 ²6.
243 4347 407 4409 Inundolsm]
439 4347 539 4397 Onodle
554 4347 581 4394 in
598 4360 658 4407 egro
669 4341 913 4405 Northsmptonieusi
925 4341 997 4402 juxte
1007 4341 1139 4389 stamford.
1172 4340 1256 4388 Petro-

156 4411 290 4473 borpenses
301 4412 371 4460 sium
383 4413 428 4460 boc
444 4410 620 4460 monasterium
636 4424 732 4470 semper
745 4410 775 4457 ad
794 4423 819 4456 se
836 4407 989 4468 pertinuisse,
1003 4420 1047 4453 nec
1059 4405 1135 4453 inisse
1147 4420 1255 4466 unquam

156 4475 255 4531 vilfridi
268 4477 452 4536 incrasterium,
464 4477 506 4526 sed
516 4475 634 4524 Hsddius
644 4483 669 4522 et
679 4480 711 4522 ex
722 4489 751 4522 eo
765 4473 831 4521 Beda
842 4471 921 4520 aliter.
955 4470 1045 4522 Galeas
1061 4470 1162 4532 conjicit
1177 4469 1256 4532 primo

156 4540 231 4588 fuisse
243 4540 351 4600 Villridi,
363 4550 448 4604 postes
459 4543 489 4590 ed
502 4540 705 4603 Petroburgenscs
714 4546 844 4600 spectasse.
860 4538 884 4584 S.

673 4605 761 4666 002
