3100 5125
280 282 344 350 168
609 280 1047 349 msrommeocnas,
1291 280 1359 345 111.
1376 228 1466 348 2⁶4

279 434 376 512 Oedd,
396 432 516 499 relictis
535 434 719 500 Scottorum
733 434 943 520 vestigiisad
964 455 1055 500 suam
1077 433 1184 498 sedem
1204 432 1312 510 rediit,
1327 441 1425 500 ut-40

278 527 354 604 pote
368 521 479 606 agnita
494 521 713 585 observatione
728 521 875 584 catholici
893 520 1029 605 paschae.
1075 519 1178 583 Facta
1195 525 1246 582 est
1268 526 1382 584 autem

278 605 347 669 haec
362 605 496 690 queastio
510 627 594 670 anno
610 604 785 670 Dominicoe
799 605 1027 670 iucarnationis
1041 604 1271 668 sexcentesimo
1289 625 1381 669 sexa·

277 691 398 776 gesimo
413 697 537 774 quarto,
554 691 607 775 qui
621 690 682 755 iuit
696 713 799 754 annus
810 691 910 754 Osuiu
925 691 1009 776 regis
1022 689 1188 755 vicesimus
1202 690 1378 765 secundum

278 775 478 860 episcopatus
499 783 608 840 autem
632 777 824 852 Scottorum,
849 797 943 859 quem
968 782 1135 862 gesserunt
1159 775 1192 838 in
1215 775 1382 859 provincia

278 861 465 946 Anglorum‚
481 883 582 924 annus
593 860 781 926 tricesimus.
826 861 990 946 Siquidem
1004 861 1113 926 Aidan
1127 862 1236 924 decem
1254 867 1288 924 et
1308 883 1380 946 sep-

278 952 345 1009 tem
373 945 473 1024 aunis,
506 946 610 1012 Finan
640 949 757 1023 decem,
789 946 920 1013 colman
949 946 1053 1011 tribus
1082 945 1302 1031 episcopatum
1331 954 1421 1022 teis

277 1053 383 1096 nuere.

116 1128 196 1178 ‘rada
321 1117 460 1181 Reverso
475 1123 583 1181 autem
598 1117 753 1201 spatriam
767 1119 929 1196 Oolmano,
944 1116 1083 1202 suscepit
1126 1139 1163 1180 ro
1184 1117 1237 1179 illo
1252 1118 1381 1202 sponti-

277 1201 409 1267 ficatum
435 1201 770 1286 Nordanhymbrorum
793 1204 929 1267 famulus
953 1203 1072 1268 Christi
1097 1140 1198 1279 Sada,
1223 1203 1280 1286 qui
1306 1210 1380 1268 erat

278 1288 364 1372 apud
386 1288 515 1352 Scottos
536 1288 696 1352 austrinos
718 1289 870 1363 eruditus,
893 1296 991 1372 atque
1012 1288 1179 1352 ordinatus
1200 1288 1379 1371 episcopus,

277 1372 398 1436 habens
416 1375 511 1458 juxta
532 1394 653 1436 morem
674 1374 842 1459 provinciae
860 1374 942 1436 illius
962 1395 1110 1437 coronam
1124 1380 1266 1436 tonsurae
1281 1374 1382 1436 ecole-

278 1458 422 1535 siasticae,
440 1465 473 1522 et
487 1458 676 1522 catholicam
689 1459 842 1544 temporis
855 1459 1014 1544 paschalis
1029 1459 1171 1543 regulam
1185 1459 1380 1522 observans:

277 1543 326 1607 vir
340 1544 467 1627 quidem
481 1545 583 1607 bonus
597 1566 635 1608 ac
652 1544 825 1629 religiosus,
841 1545 898 1608 sed
916 1543 1097 1629 permodico
1111 1549 1256 1628 tempore
1278 1544 1381 1607 eccle·
1392 1563 1425 1613 50

231 1671 233 1676 -
279 1627 359 1692 siam
384 1651 505 1714 regens.
552 1629 695 1694 Venerat
724 1631 856 1694 hautem
885 1631 925 1693 de
955 1629 1089 1706 Scottia,
1113 1631 1244 1693 tenente
1273 1629 1382 1692 adhuc

278 1713 499 1797 pontificatum
515 1715 674 1792 Oolmano,
691 1721 725 1780 et
739 1715 907 1801 diligenter
927 1737 967 1778 ea
980 1737 1050 1799 quae
1071 1715 1114 1777 ad
1130 1714 1227 1777 fidem
1241 1719 1275 1776 et
1298 1715 1383 1778 veri-

278 1805 382 1863 tatem
400 1799 571 1884 pertinent,
592 1807 625 1865 et
647 1803 742 1866 verbo
765 1807 896 1864 cunctos
913 1801 1048 1864 docebat
1069 1805 1104 1863 et
1125 1821 1229 1883 opere.
1274 1799 1383 1863 Porro
1544 1866 1545 1881 χ

278 1883 440 1962 fratribus,
464 1886 572 1970 quiin
595 1886 844 1950 Lindisfameusi
867 1885 1007 1961 ecclesia
1032 1885 1152 1949 Scottis
1175 1885 1379 1963 abeuntibus,
1400 1904 1464 1976 135
1544 1926 1545 1933 .

279 1991 442 2034 remanere
456 1971 644 2050 maluerunt,
660 1971 851 2056 praepositus
870 1977 921 2034 est
939 1970 1066 2035 abbatis
1084 1971 1157 2054 jure
1171 1970 1219 2033 vir
1232 1991 1382 2034 reveren-

278 2055 419 2118 tissimus
444 2077 482 2119 ac
507 2057 778 2120 mansuetissimus
803 2056 898 2134 Bata,
921 2056 1068 2140 quierat
1090 2057 1192 2120 abbas
1213 2055 1247 2117 in
1268 2077 1381 2120 mona-

279 2140 377 2203 sterio
393 2140 477 2224 quod
493 2141 621 2205 idicitur
633 2142 780 2206 Mailros:
798 2143 882 2227 quod
894 2141 985 2206 aiunt
996 2141 1183 2206 Oolmanum
1193 2140 1383 2204 labiturum

278 2224 407 2309 petiisse
425 2233 458 2290 et
480 2226 666 2310 impetrasse
684 2251 704 2292 a
723 2250 797 2313 rege
813 2227 922 2304 Osuiu,
938 2249 977 2290 eo
992 2227 1077 2310 quod
1092 2233 1177 2290 esset
1192 2225 1277 2289 idem
1291 2225 1383 2291 Eata

280 2331 361 2373 unus
376 2311 416 2374 de
430 2311 596 2374 duodecim
613 2312 720 2397 pueris
734 2313 863 2390 Aidani,
880 2334 959 2396 quos
980 2310 1084 2397 primo
1105 2311 1306 2397 episcopatus
1329 2311 1407 2388 suis

278 2401 422 2479 tempore
440 2397 479 2460 de
496 2397 625 2461 natione
640 2398 820 2484 Anglorum
838 2399 1027 2462 erudiendos
1046 2398 1080 2460 in
1098 2397 1225 2462 Ohristo
1242 2397 1380 2482 accepit.

116 2483 188 2532 nata
279 2480 425 2544 Multum
439 2503 574 2568 namque
590 2485 724 2548 eundem
741 2484 923 2570 episcopum
937 2483 1124 2548 Oolmanum
1138 2505 1194 2546 rex
1208 2505 1268 2568 pro
1282 2481 1384 2547 insita

277 2566 321 2630 illi
344 2568 514 2651 prudentia
538 2569 699 2669 diligebat.
745 2570 818 2654 Ipse
839 2577 890 2633 est
912 2569 1006 2646 Eata,
1022 2568 1077 2653 qui
1099 2591 1163 2633 nou
1182 2568 1283 2633 multo
1302 2575 1380 2653 post

279 2652 381 2716 eidem
400 2654 537 2719 ecclesiae
556 2652 822 2719 ¹Lmdisfarnensi
843 2655 1008 2740 episcopus
1024 2654 1129 2718 iactus
1148 2663 1209 2718 est.
1252 2654 1380 2718 Abieus

278 2746 386 2803 autem
401 2740 529 2804 domum
545 2740 675 2805 Oolman
689 2742 866 2825 adsumpsit
881 2762 988 2804 secum
1004 2747 1131 2825 partem
1149 2738 1269 2802 ossium
1290 2761 1378 2803 reve-

278 2824 449 2888 rentissimi
463 2825 566 2910 patris
580 2825 719 2901 Aidani;
741 2834 867 2910 partem
881 2847 956 2889 vero
970 2825 1003 2888 in
1018 2825 1149 2889 ecclesia
1163 2824 1214 2888 cui
1227 2832 1377 2909 praeerat,

277 2909 415 2994 reliquit,
432 2916 466 2974 et
479 2910 513 2973 in
528 2911 698 2975 secretario
713 2912 781 2995 ejus
795 2910 888 2975 condi
902 2910 1063 2995 praecepit.
1392 2927 1430 2961 10

117 2972 214 3019 ⁸⁰⁰tl⁰⁸
323 2994 458 3075 Quantae
474 3002 582 3059 autem
598 2997 808 3081 parsimoniae,
824 2997 945 3081 mcujus
965 2994 1169 3083 continentiae
1188 2994 1294 3072 fuerit,
1310 2994 1378 3079 ipse

115 3049 170 3097 epp·
182 3049 241 3083 oon·

115 3100 228 3149 versatio.

311 3160 323 3199 f
331 3160 358 3207 in
365 3162 479 3221 patriam
490 3162 520 3207 V.
623 3173 639 3211 s
651 3165 816 3225 episcopatum
827 3163 858 3211 V.
966 3162 983 3202 h
994 3164 1061 3209 eaba
1071 3162 1102 3210 V.
1210 3160 1220 3201 ί
1231 3169 1336 3209 meatur
1348 3163 1379 3211 V.

277 3224 293 3263 k
305 3224 435 3271 stramem
446 3225 476 3273 V.
623 3228 632 3267 l
644 3227 861 3289 Lindissornmu's
872 3227 935 3275 V.G.
951 3242 1092 3289 quanquam
1104 3226 1237 3288 precedens
1248 3228 1328 3275 eidem
1339 3241 1379 3275 re·

277 3287 379 3336 tineent.
543 3300 566 3329 m
577 3292 695 3355 cujusque
707 3291 769 3340 V.G.

279 3440 283 3451 ¹
309 3444 350 3496 47.
371 3434 468 3484 Scottus
485 3438 619 3500 auricolor]
644 3438 712 3486 Idem
731 3437 824 3485 dictum
843 3436 890 3486 fuit
906 3437 936 3485 de
956 3436 1104 3485 australibus
1123 3436 1162 3484 his
1182 3434 1380 3484 Hiberueusibus

277 3512 305 3545 su
322 3514 350 3546 ra
360 3514 384 3559 3.
710 3518 714 3527 ·
737 3512 740 3517 ’
1217 3509 1220 3514 ’
1371 3504 1379 3519 ”

306 3514 334 3610 1i.
341 3568 488 3626 propositus
497 3573 534 3614 ert
544 3567 640 3615 abbatis
645 3566 717 3628 jpre]
729 3567 791 3629 Quas
802 3566 833 3613 ab
843 3564 939 3626 origiue
958 3565 1070 3614 instituta
1081 3573 1120 3614 est
1135 3581 1151 3613 a
1162 3563 1301 3613 Colmanuo
1315 3565 1381 3627 regi-

277 3627 353 3675 minis
364 3629 443 3678 iorma
454 3630 479 3677 in
492 3631 594 3679 ecclesia
608 3631 711 3679 Lindisf.
724 3631 809 3678 eadem
825 3632 850 3677 iu
864 3629 1025 3677 Duuelmeusi
1038 3630 1112 3679 etiam
1129 3644 1182 3691 quse
1199 3627 1318 3677 successit
1335 3629 1380 3676 ho-

276 3692 376 3741 dierum
389 3701 538 3753 retentaret,
550 3704 578 3743 ut
595 3696 667 3756 hujus
678 3694 786 3744 ecclesia
797 3694 948 3757 praepositus,
959 3694 1017 3743 licet
1034 3695 1101 3757 prior
1116 3700 1211 3741 tantum
1228 3692 1338 3752 nomine,
1350 3708 1379 3742 re

277 3762 360 3805 tamen
372 3765 398 3806 et
409 3759 528 3821 dignitate
540 3760 572 3808 sit
583 3760 664 3807 abbas.
677 3760 702 3807 S.

310 3835 335 3881 3.
346 3823 463 3885 Moilrcs]
479 3825 534 3872 Hoc
548 3824 723 3871 monasterium
739 3823 842 3871 interius
858 3823 884 3869 in
901 3821 1008 3869 confinio
1019 3822 1119 3870 Scottioe
1130 3822 1237 3884 positum
1250 3820 1378 3883 immerito

276 3886 435 3936 confunditur
446 3903 501 3937 cum
514 3888 709 3936 Lindisfarneusi
721 3903 735 3935 a
747 3887 803 3935 Gul.
817 3886 963 3935 Lambardc.
987 3885 1089 3934 Collect.
1102 3887 1203 3947 Vespas.
1214 3886 1246 3933 A.
1260 3897 1284 3948 5.
1296 3886 1322 3934 S.

311 3960 333 4011 7.
341 3966 389 3999 occa
401 3955 477 4000 multo
484 3954 551 4014 port]
567 3953 629 4000 Cum
640 3954 703 3999 Eata
714 3966 744 4011 14
752 3952 824 3999 annis
832 3951 939 3999 ecclesie
950 3950 1050 3998 Liudisf.
1060 3951 1154 3999 abbatis
1164 3951 1220 3998 loco
1229 3950 1377 4012 prefuisset,

276 4020 367 4074 septem
385 4016 456 4064 aunis
472 4018 549 4065 eidem
571 4017 716 4065 auctoritate
732 4016 839 4078 episcopi
857 4015 962 4077 praefuit,
979 4015 1010 4062 ab
1026 4028 1093 4061 anuo
1108 4015 1156 4077 678
1174 4030 1224 4076 quo
1238 4017 1379 4063 consecrari

276 4081 375 4137 meruit,
388 4080 419 4128 ad
431 4096 522 4128 aunum
535 4079 581 4143 685
595 4081 720 4129 ineuntem
732 4095 781 4143 quo
793 4080 953 4129 canianum
966 4093 1129 4128 successorem
1142 4079 1243 4142 aceepit.
1278 4078 1379 4127 Colitur

274 4142 337 4190 Eata
349 4142 380 4191 26
391 4145 512 4193 Octobris.
525 4145 550 4193 S.
635 4154 637 4159 ’
1227 4203 1233 4211 ,

307 4222 331 4271 9.
339 4214 441 4269 partem
454 4211 555 4275 acaum]
577 4209 614 4257 Ex
631 4209 676 4257 hac
693 4210 864 4258 distributione
881 4207 1039 4270 reliquiarum
1056 4206 1148 4256 AEdaui
1165 4207 1226 4257 satis
1242 4214 1310 4267 patet
1326 4222 1378 4270 quo

271 4269 327 4330 iure
339 4271 523 4321 Glaatouiensas
540 4274 603 4335 apud
620 4288 646 4322 se
662 4275 787 4322 conditum
800 4274 907 4321 uadunt.
940 4274 999 4319 Non
1012 4280 1094 4320 tamen
1107 4288 1206 4334 prorsus
1217 4272 1271 4320 aine
1286 4272 1378 4319 funda·

274 4340 358 4383 mento
374 4336 420 4384 boc
437 4337 482 4385 sibi
500 4339 644 4386 attribuunt.
678 4338 760 4387 Codex
778 4339 844 4386 enim
862 4337 919 4386 MS.
933 4337 960 4384 J.
972 4336 1131 4398 Wessiugton
1149 4337 1237 4398 prioris
1253 4336 1375 4385 nussim:

275 4397 336 4447 dicit
346 4402 411 4461 qood
421 4402 531 4463 quiedam
543 4417 599 4451 ossa
610 4403 700 4451 AEdsni
711 4402 819 4464 episcopi
830 4402 976 4450 Edmuudus
987 4416 1031 4449 rex
1041 4401 1195 4450 Glastoniam
1208 4400 1308 4450 advexit
1317 4415 1376 4449 cum

275 4465 375 4512 essetis
386 4466 540 4528 expeditione
551 4466 693 4531 aquilonali,
704 4482 727 4528 p.
739 4467 781 4527 38.
792 4468 817 4515 S.
