3100 5125
282 370 349 441 886
752 370 979 437 EPIS'l'OLA

282 544 417 610 quorum
431 530 539 589 tamen
552 544 611 587 nec
625 544 708 587 nnus
721 524 849 608 quidem
865 545 886 587 a
905 520 1037 587 tributis
1055 521 1194 589 antistiti
1211 523 1388 588 reddendis

282 632 352 675 esse
365 609 467 695 possit
480 608 646 673 immunis:
669 630 727 673 nee
741 610 843 672 solum
857 607 975 673 talibus
989 606 1067 671 loeis
1081 608 1164 673 desit
1178 609 1316 674 antistes
1328 610 1387 695 qui
1396 634 1430 683 30

282 718 395 759 manus
417 693 618 794 impositione
634 694 813 778 baptizatos
834 694 1009 769 confirmet,
1030 714 1138 755 verum
1160 693 1258 758 etiam
1277 695 1387 758 omnis

282 780 397 844 doctor
412 802 467 863 qm
486 801 541 842 eos
560 779 609 841 vel
631 778 705 843 fidei
725 779 893 843 veritatem
913 778 961 842 vel
983 778 1202 841 discretionem
1223 780 1318 844 bonae
1341 803 1386 845 ae

281 865 372 929 malae
387 863 523 928 aetionis
538 864 679 939 moueat,
694 864 789 929 absit.
835 863 948 948 Sioque
962 863 1010 938 lit,
1026 869 1064 927 ut
1078 862 1298 947 episcoporum
1312 865 1385 949 qui-

281 951 355 1013 dam
369 962 452 1013 ⁸nou
466 950 568 1013 solum
587 949 689 1033 gratis
710 971 775 1013 non
796 948 1020 1033 evangelizent,
1034 947 1083 1012 vel
1105 970 1217 1012 manus
1231 949 1384 1013 fidelibus

280 1033 466 1119 imponant;
489 1055 599 1098 verum
617 1033 725 1110 ctiam,
741 1034 827 1119 quod
848 1032 976 1119 gravius
998 1038 1056 1109 est,
1072 1040 1205 1118 accepta
1226 1036 1267 1098 ab
1289 1036 1383 1099 audi

280 1120 403 1183 toribus
428 1120 494 1184 suis
521 1118 664 1204 pecunia,
682 1141 779 1203 quam
801 1118 956 1182 Dominus
986 1118 1157 1202 prohibuit,
1185 1141 1265 1205 opus
1288 1121 1381 1184 verbi

280 1206 365 1288 quod
385 1205 540 1269 Dominus
561 1203 658 1287 jussit
683 1226 830 1269 exercere
855 1210 1082 1267 contemnant:
1116 1226 1212 1302 quum
1237 1204 1308 1269 Deo
1332 1206 1426 1272 ‹li-35

279 1289 381 1354 lectus
401 1290 546 1376 pontifex
561 1289 696 1367 Samuel,
711 1290 805 1375 longe
822 1288 915 1353 aliter
928 1288 1040 1352 senisse
1054 1310 1138 1351 cmm
1161 1291 1277 1373 populo
1291 1297 1383 1355 teste

278 1374 412 1460 legatur.
457 1376 566 1459 Imque
581 1384 777 1452 unowanus,
792 1373 905 1458 inquit,
917 1394 1019 1437 eoram
1033 1373 1113 1437 cobis
1127 1372 1164 1437 al
1178 1375 1382 1440 admonitio

278 1481 345 1523 moa
360 1481 450 1545 usquo
462 1460 508 1524 od
518 1460 600 1524 diem
613 1459 699 1536 lano,
708 1481 770 1524 ocos
776 1468 891 1545 praeto
904 1480 981 1535 nun,
993 1458 1151 1543 loquimini
1165 1460 1201 1521 de
1214 1481 1260 1524 me
1274 1482 1382 1524 aram

278 1546 418 1622 Domino,
433 1556 461 1609 et
478 1566 579 1609 uram
594 1544 711 1609 atauo
724 1545 796 1628 ejus
812 1553 915 1607 utrum
929 1542 1027 1607 loom
1043 1544 1172 1627 alicujus
1186 1544 1318 1621 taleam,
1334 1568 1381 1609 un
1534 1556 1536 1629 l

277 1631 410 1703 aunum,
430 1630 459 1693 si
476 1630 648 1716 quapiam
668 1629 871 1693 mhuuuiutm
890 1649 965 1705 sum,
987 1627 1016 1692 si
1036 1630 1170 1711 qpressi
1189 1629 1335 1713 aliquem,
1349 1631 1380 1695 si

277 1714 315 1777 de
335 1736 430 1778 mauu
495 1716 502 1729 '
594 1736 625 1777 us
649 1735 759 1780 munus
776 1714 899 1799 accpi:
929 1723 956 1777 et
976 1723 1158 1777 wasnaum
1179 1713 1262 1777 illud
1279 1714 1424 1793 bodiaso

277 1800 488 1884 residuumque
566 1801 597 1862 ⁸.
640 1801 687 1864 Et
699 1800 863 1863 diaeum
887 1800 960 1862 Nou
980 1820 1017 1897 es·
1029 1797 1230 1862 calunniatus
1250 1820 1312 1876 uos,
1328 1822 1378 1863 sw-

276 1894 527 2035 lnam
543 1882 1260 2052 tttt‘tttlttlltttltttttn
1276 1885 1379 2035 itt

277 2061 311 2118 et
325 2056 507 2120 sacerdotes
521 2054 732 2130 annumerari,
749 2061 847 2139 atque
869 2054 902 2117 in
923 2053 1068 2138 precibus
1086 2053 1150 2149 suis
1166 2074 1304 2137 superno
1319 2078 1376 2119 au-

276 2139 347 2204 ditu
368 2147 466 2225 atque
487 2140 624 2223 alloquio
646 2140 759 2226 dignus
780 2140 917 2203 existere
939 2138 1063 2215 meruit,
1084 2138 1210 2201 dicente
1231 2139 1376 2202 Psalmo-

275 2226 417 2309 grapho:
441 2227 541 2287 Moses
556 2234 584 2288 ct
603 2228 713 2288 Aaron
733 2226 768 2288 in
789 2222 989 2289 sandalibus
1011 2223 1080 2305 qus,
1103 2232 1132 2285 ct
1149 2224 1275 2287 Samuel
1294 2225 1378 2287 mter

275 2311 396 2458 qboiqbqqi
417 2310 554 2456 incensu}
569 2318 686 2372 tisoirscu
702 2311 775 2458 aas,
791 2308 1148 2457 mmmmm
1161 2317 1189 2371 at
1202 2309 1267 2393 ipse
1280 2332 1374 2373 auu
1384 2332 1417 2381 45

389 2416 444 2470 sos,
459 2416 494 2457 un
507 2416 540 2458 co
552 2416 644 2473 uuusu
659 2416 701 2457 uu
893 2416 932 2457 uu
1002 2414 1056 2457 sos.

320 2479 354 2543 Si
370 2486 479 2543 autem
496 2478 614 2580 aliquid
636 2478 785 2543 utilitatis
806 2479 951 2542 fidelibus
974 2477 1108 2542 conferri
1124 2490 1258 2541 umanus
1272 2477 1372 2564 impo-

275 2565 399 2643 sitione,
414 2588 478 2650 qua
500 2566 636 2649 Spintus
659 2566 796 2630 Sanctus
819 2564 982 2649 accipitur,
1007 2563 1162 2628 credimus
1185 2571 1219 2628 et
1240 2565 1372 2630 confite

275 2670 364 2713 mur:
390 2657 517 2714 constat
538 2673 556 2713 e
578 2650 748 2726 contrario,
765 2651 850 2733 quod
870 2650 938 2712 haec
958 2649 1027 2734 ipsa
1048 2649 1170 2713 utilitas
1191 2649 1237 2712 eis
1255 2650 1372 2734 quibus

275 2757 388 2798 manus
402 2735 561 2821 impositio
575 2735 719 2808 defuerit,
734 2737 837 2799 abest.
871 2735 968 2818 (injus
982 2735 1129 2796 nimirum
1143 2734 1279 2818 privatio
1294 2736 1371 2798 boni

275 2821 318 2883 ad
333 2843 411 2904 quos
425 2821 559 2905 amplius
573 2843 669 2904 quam
682 2821 724 2884 ad
738 2821 824 2905 ipsos
838 2819 968 2903 respicit
982 2819 1153 2895 antistites,
1169 2820 1223 2904 qui
1245 2820 1371 2884 illorum
1381 2840 1418 2889 50

276 2927 310 2968 se
324 2905 515 2990 promittunt
534 2928 603 2970 esse
621 2906 781 2989 praesules,
797 2905 911 2988 quibus
931 2904 1081 2988 spiritalis
1097 2905 1233 2968 officium
1250 2928 1369 2990 praesu-

274 2990 359 3054 latus
374 2991 521 3054 exhibere
533 2997 590 3054 aut
604 2990 767 3075 negligunt
782 2997 839 3054 aut
853 2991 1034 3073 nequeunti
1068 2989 1164 3073 (injus
1179 2990 1280 3054 totius
1294 2991 1369 3054 faei-

274 3075 360 3138 noris
374 3076 460 3140 nulla
473 3075 574 3160 magis
589 3098 684 3159 quam
698 3075 835 3139 avaritia
849 3095 945 3138 causa
959 3081 1018 3138 est.
1063 3074 1183 3138 Contra
1196 3097 1292 3158 quam
1306 3076 1369 3139 dis-

274 3168 391 3243 putans
412 3162 585 3244 apostolus,
600 3161 633 3224 in
648 3182 711 3244 quo
726 3161 872 3225 Christus
893 3159 1092 3243 loquebatur,
1110 3159 1237 3224 aiebat:
1260 3161 1369 3224 Radia

273 3245 406 3308 mnium
425 3245 574 3308 uscbmun
588 3255 630 3309 est
643 3246 804 3330 stupiditas
850 3243 895 3308 Et
916 3266 1059 3307 rursum:
1085 3246 1192 3328 Neque
1206 3247 1307 3324 amri,
1321 3246 1369 3308 in-

273 3329 352 3413 quit,
373 3352 496 3415 usqum
517 3331 579 3393 Dei
597 3331 798 3414 pomdolunt.
843 3330 948 3409 Quum
969 3329 1052 3392 enim
1071 3329 1207 3393 antistes
1227 3330 1369 3394 dictante
1378 3330 1447 3414 308

271 3437 379 3478 amore
393 3417 534 3500 pecuniae
548 3417 700 3498 majorem
710 3416 821 3499 populi
836 3422 970 3502 partem,
984 3436 1079 3499 quam
1093 3415 1158 3478 ulla
1172 3415 1297 3478 ratione
1310 3438 1371 3499 per

271 3507 377 3564 totum
396 3501 470 3564 anni
490 3500 629 3584 spatium
649 3523 820 3585 peragrare
840 3499 1051 3584 praedicando,
1067 3506 1124 3562 aut
1139 3499 1271 3564 circirire
1285 3502 1369 3564 valu-

271 3586 342 3662 erit,
357 3586 390 3648 in
412 3607 527 3648 nomen
549 3585 597 3647 sui
619 3587 808 3670 praesulatus
829 3585 1052 3668 assumpserit:
1076 3585 1153 3648 satis
1171 3586 1319 3650 ¹exitiale
1335 3594 1369 3650 et

271 3668 398 3734 sibimet
412 3670 480 3755 ipsi,
496 3677 531 3735 et
544 3671 604 3733 illis
619 3671 731 3755 quibus
748 3671 829 3734 falso
844 3669 987 3753 praesulis
1002 3670 1127 3734 nomine
1141 3670 1293 3755 praelatus
1307 3678 1367 3750 est,

271 3757 497 3840 comprobatur
511 3755 697 3819 concinnare
712 3755 893 3840 periculum.

313 3858 345 3924 5.
369 3841 450 3904 Haec
464 3847 529 3904 tuae
544 3839 717 3917 sanctitati,
733 3840 934 3904 dilectissime
948 3839 1093 3916 antistes,
1108 3839 1218 3924 paucis
1232 3842 1272 3905 de
1287 3841 1367 3905 cala-
1375 3867 1392 3916 5

108 3937 122 3969 θ
207 3941 222 3973 ¹·
270 3924 384 3990 mitate
399 3949 462 4010 qua
475 3932 586 3989 nostra
606 3947 684 4010 gens
705 3925 879 3988 miserrime
900 3925 1026 3989 laborat
1046 3924 1217 4001 insinuans,
1234 3928 1365 3989 obsecro

270 4010 405 4089 sedulus,
431 4016 470 4074 ut
494 4011 562 4074 haec
584 4033 655 4094 quae
683 4009 917 4096 perversissime
943 4009 995 4094 agi
1021 4009 1184 4092 conspicis,
1213 4017 1367 4094 quantum

270 4096 354 4161 vales
377 4096 420 4160 ad
442 4103 563 4160 rectam
585 4095 659 4160 vitae
682 4117 827 4160 normam
847 4116 997 4160 revocare
1024 4095 1208 4158 contendas.
1255 4096 1366 4160 Habes

303 4275 314 4305 ⁸
326 4267 424 4328 quidem
434 4279 483 4312 aaa
494 4266 571 4311 solum
581 4266 665 4323 gratis
675 4265 846 4324 evangelizent
857 4262 888 4310 V.
973 4265 984 4303 t
995 4277 1082 4311 namen
1093 4259 1155 4322 ejus,
1167 4278 1244 4325 usqne
1255 4263 1366 4325 loqueba·

270 4336 315 4376 tur
324 4331 360 4378 ud
368 4345 407 4376 eos
417 4330 447 4377 V.
513 4341 528 4369 ¹¹
541 4328 755 4390 consarcinantis
765 4329 942 4390 humionem
956 4328 985 4376 V.
1058 4337 1074 4368 ¹
1086 4328 1210 4375 critobulo
1222 4327 1252 4375 V.

302 4478 342 4542 36.
353 4481 466 4542 legatur]
488 4497 498 4529 1
509 4483 576 4537 Sam,
588 4481 631 4530 xii.
647 4497 669 4532 r.
909 4498 949 4545 53.
960 4485 1055 4546 aaut]
1079 4498 1089 4532 1
1099 4483 1165 4546 'lim
1177 4483 1209 4531 vi.
1220 4497 1257 4536 ro·

301 4557 342 4603 44.
355 4545 561 4608 Pmsnograpso]
581 4547 748 4596 Parasiti.
909 4560 949 4610 54.
961 4547 1073 4611 sarram]
1095 4548 1216 4597 secavi.
1230 4562 1268 4597 ιο.
