3100 5125
294 289 362 351 118
623 287 860 352 HISTORIAE
883 288 1060 355 Eccnlcs.
1329 287 1396 350 III.
1413 304 1473 350 a-

752 509 861 574 GAP.
885 511 930 574 II.
1403 541 1435 577 ιο

293 617 331 674 Ut
344 617 377 672 de
389 615 461 690 liquo
475 616 564 672 cacis
584 616 654 691 quod
668 616 737 672 idem
756 633 806 670 rec
825 624 920 672 costra
934 614 1064 671 barbaros
1071 623 1243 690 mactum
1255 624 1392 680 memet,

329 698 400 753 iuter
413 697 551 752 innumera
564 697 709 752 sanitatum
722 695 863 760 miracula,
874 695 981 771 qnidam
992 692 1031 751 ka
1042 696 1155 752 dokctis
1166 695 1272 752 brachi
1281 699 1318 752 sit
1331 697 1392 752 lna-

328 796 412 852 qcorc
426 785 542 834 curatus.

134 883 164 929 Α.
172 879 205 927 1).
215 877 271 940 ⁶35·
348 869 545 932 Osrsumrun
569 874 678 932 autem
701 889 801 953 usque
822 867 915 932 hodie
937 875 971 932 et
993 867 1026 930 in
1048 889 1164 953 magna
1185 869 1390 934 veneratione

125 943 270 1057 333⁰le
289 955 426 1018 habetur
453 955 540 1017 locus
568 954 629 1030 ille,
659 954 714 1016 ubi
742 959 895 1016 venturus
923 954 966 1017 ad
994 953 1077 1016 hanc
1106 975 1245 1038 pugnam
1272 956 1428 1026 Osacldrs

69 1078 71 1080 ·
167 1024 257 1071 nega.
289 1040 414 1125 signum
435 1046 553 1104 sanctae
576 1038 676 1102 crucis
694 1038 805 1115 erexit,
821 1060 859 1102 ec
877 1038 968 1101 flexis
988 1038 1121 1122 genibus
1140 1039 1314 1102 Dominum
1335 1042 1390 1103 de-

288 1131 437 1210 precatus
460 1131 518 1201 est,
543 1131 580 1188 ut
603 1124 636 1186 in
659 1129 753 1207 tanta
776 1144 883 1186 rernm
907 1123 1096 1187 necessitate
1122 1123 1188 1186 suis
1214 1125 1390 1191 cultoribus

288 1209 406 1274 calesti
424 1216 621 1272 succurreret
642 1207 768 1272 auxilio.
812 1208 958 1292 Denique
975 1209 1077 1272 fertur
1093 1209 1168 1293 quia
1181 1209 1268 1274 iacta
1286 1211 1390 1275 citato

289 1317 384 1379 opere
406 1315 506 1372 cruce,
529 1317 567 1358 ac
586 1293 677 1358 fovea
697 1301 880 1378 praeparata
901 1294 935 1356 in
956 1315 1020 1378 qua
1041 1295 1142 1358 statui
1163 1294 1303 1372 deberet,
1321 1295 1390 1380 ipse

289 1380 353 1444 fide
371 1381 494 1444 fervens
513 1380 595 1444 hanc
609 1376 790 1462 arripuerit,
806 1399 845 1442 ac
859 1379 957 1442 foveae
977 1379 1173 1463 imposuerit,
1187 1386 1286 1464 stqne
1299 1387 1388 1445 utra·

290 1487 350 1550 que
364 1486 462 1528 manu
476 1471 616 1528 erectam
626 1463 775 1540 tenuerit,
786 1464 886 1527 donec
900 1465 1035 1550 adgesto
1049 1487 1070 1528 a
1082 1465 1236 1528 militibus
1249 1466 1388 1548 pulvere,

289 1557 384 1614 terrae
407 1550 567 1648 figeretur.
613 1549 659 1612 Et
681 1550 741 1612 hoc
765 1550 861 1626 facto,
884 1550 970 1614 elata
992 1550 1025 1612 in
1049 1550 1151 1614 altum
1171 1571 1248 1613 voce
1271 1558 1430 1614 cunctozo

290 1635 444 1700 exercitur
462 1635 723 1719 proclamaverit:
748 1635 922 1698 Flectcmcs
940 1656 1039 1698 mccc
1054 1656 1162 1718 ccccc,
1177 1645 1206 1698 cc
1219 1637 1390 1698 &minam

289 1722 636 1805 omnicotcctcm'ciccm
655 1743 692 1784 cc
709 1741 812 1782 ccccm
828 1721 863 1784 ia
885 1710 1053 1784 naaman
1066 1721 1269 1804 deprecemur,
1284 1731 1318 1784 cc
1336 1743 1392 1784 cos

289 1805 328 1869 cb
349 1807 426 1870 loeta
446 1805 570 1890 superbo
591 1827 628 1868 cc
641 1807 744 1888 feroce
764 1826 821 1868 ccc
842 1805 1030 1868 missaticos
1050 1805 1212 1887 desendet:
1234 1807 1291 1868 scit
1308 1807 1390 1868 caim

289 1892 353 1974 ipsc
368 1893 442 1975 qaia
448 1890 538 1972 jaca
551 1911 612 1974 pro
625 1890 722 1954 solute
733 1891 828 1974 pestis
841 1900 951 1954 costrcc
965 1889 1042 1954 della
1055 1892 1245 1974 asspirans.
1292 1891 1389 1954 Fece-

291 1983 368 2039 runt
394 1997 502 2038 omnes
531 1983 568 2038 ut
594 1975 742 2058 jusserat,
773 1975 818 2038 sio
846 1975 1016 2058 incipiente
1039 1975 1175 2038 dilucido
1203 1975 1237 2038 in
1262 1977 1389 2040 hostem

289 2060 457 2144 progressi,
476 2061 571 2144 juxta
592 2059 741 2123 meritum
763 2081 828 2124 suae
845 2059 929 2135 fidei,
947 2060 1080 2124 victoria
1099 2061 1196 2146 potiti
1217 2067 1303 2124 sunt.
1349 2062 1389 2124 In
1399 2082 1429 2130 25
1532 2060 1534 2117 Ϊ

290 2147 379 2230 cujus
400 2145 469 2208 loco
492 2145 644 2208 orationis
667 2145 839 2208 innumerae
861 2145 995 2209 vi1tutes
1017 2146 1193 2211 sanitatum
1214 2152 1390 2210 noscuntur

290 2251 358 2294 esse
380 2237 527 2313 patratae,
543 2231 585 2294 ad
606 2230 756 2293 indicium
770 2231 914 2294 videlicet
934 2253 972 2294 ac
994 2231 1178 2295 memoriam
1197 2231 1272 2294 fidei
1294 2231 1389 2316 regis.

292 2315 374 2379 Nam
398 2321 431 2379 et
455 2337 554 2400 usque
575 2315 669 2378 hodie
690 2315 783 2378 multi
805 2315 846 2378 de
867 2315 936 2400 ipso
953 2316 1039 2400 ligno
1056 2323 1265 2380 sacrosanctae
1287 2317 1391 2380 crucis

292 2414 318 2446 ¹¹¹
329 2401 450 2464 astulas
465 2401 608 2464 excidere
628 2400 740 2478 solent,
756 2423 836 2484 quas
856 2423 927 2464 cum
948 2401 982 2464 in
999 2424 1099 2486 aquas
1115 2401 1259 2465 miserint
1280 2403 1390 2486 eisque

290 2486 476 2572 languentes
498 2485 640 2550 homines
661 2493 719 2550 aut
739 2487 876 2571 pecudes
897 2488 1077 2571 potaverint
1098 2488 1163 2551 sive
1182 2488 1389 2572 asperserint,

292 2594 366 2636 mox
381 2572 512 2636 sanitati
526 2572 750 2636 restituuntur.

128 2683 298 2737 Herennia„
336 2658 482 2721 Vocatur
500 2657 587 2721 locus
601 2658 652 2721 ille
671 2657 780 2743 lingua
794 2657 975 2743 Anglorum
988 2656 1208 2736 ”Helenieltn
1224 2659 1310 2743 quod
1326 2658 1431 2732 diciso
1532 2723 1534 2726 .

290 2749 399 2827 potest
422 2742 536 2807 Latine
559 2744 701 2807 Oaelestis
720 2743 867 2827 Oampns,
883 2744 969 2826 quod
990 2749 1079 2806 certo
1100 2742 1211 2827 utique
1232 2744 1390 2829 praesagio

290 2828 470 2892 futurorum
497 2828 674 2912 antiquitus
707 2849 822 2891 nomen
851 2828 993 2912 accepit:
1030 2827 1211 2913 significans
1240 2829 1390 2891 nimirum

291 2914 376 2997 quod
389 2913 507 2983 ibidem
521 2914 646 2977 caeleste
661 2913 845 2999 erigendum
858 2914 1045 2998 trophaeum,
1062 2914 1196 2977 caelestis
1210 2915 1390 2979 inchoanda

291 2998 432 3075 victoria,
459 2998 596 3063 caelestia
625 3020 724 3082 usque
752 2998 847 3061 hodie
876 3000 981 3062 forent
1010 2999 1161 3063 miracula
1190 3000 1388 3065 celebrande.

292 3084 353 3147 Est
381 3090 490 3147 autem
519 3082 630 3145 olocus
656 3084 751 3167 juxta
773 3106 899 3146 murum
924 3084 1019 3160 illum,
1043 3084 1086 3147 ad
1107 3084 1299 3168 aquilonem,
1324 3107 1388 3169 quo

292 3168 426 3231 Romani
442 3168 602 3251 quondam
620 3169 660 3231 ob
678 3169 832 3233 arcendos
850 3170 1059 3232 barbarorum
1078 3170 1226 3254 impetus,
1240 3177 1347 3234 totam
1367 3193 1389 3234 a
1399 3192 1429 3239 35

291 3254 372 3316 mari
385 3254 428 3316 ad
442 3274 529 3316 mare
543 3252 736 3337 praecinxere
752 3254 954 3330 Brittaniam,
970 3260 1007 3317 ut
1022 3276 1118 3339 supra
1132 3255 1304 3319 docuimus.
1348 3256 1389 3318 In

292 3361 355 3422 quo
369 3337 513 3401 videlicet
526 3338 596 3401 loco
611 3339 870 3403 consuetudinem
889 3339 989 3411 multo
1007 3340 1075 3423 jam
1089 3347 1232 3425 tempore
1246 3341 1390 3405 fecerant

165 3456 177 3468 =
291 3424 407 3487 fratres
423 3423 697 3507 ‘Hagustaldensis
720 3423 858 3489 ecclesiae
884 3446 955 3508 quae
978 3447 1043 3489 non
1061 3426 1154 3512 longe
1174 3428 1275 3502 abest,
1294 3427 1389 3490 adve-
1498 3492 1502 3498 ,

291 3508 415 3573 nientes
445 3508 530 3571 omni
559 3531 643 3573 anno
673 3509 774 3593 pridie
804 3532 900 3593 quam
928 3516 1041 3594 postea
1067 3511 1152 3574 idem
1180 3534 1238 3575 rex
1268 3512 1390 3576 Osuald

291 3594 412 3657 occisus
427 3599 484 3670 est,
500 3594 621 3679 vigilias
641 3617 701 3679 pro
723 3594 825 3659 salute
845 3595 958 3659 animae
978 3598 1046 3680 ejus
1063 3596 1175 3674 facere,
1191 3597 1390 3681 plurimaque

290 3680 483 3763 psalmorum
497 3679 589 3743 laude
605 3681 772 3756 celebrata,
789 3680 948 3744 victimam
968 3703 1028 3765 pro
1047 3704 1085 3745 eo
1105 3704 1198 3745 mane
1215 3704 1314 3746 sacrae
1333 3684 1389 3745 ob-

290 3765 417 3829 lationis
447 3764 568 3828 offerre.
628 3765 689 3845 Qui
718 3766 816 3828 etiam
845 3774 1005 3829 crescente
1034 3768 1118 3849 bona
1152 3768 1388 3844 consuetudine,
1401 3795 1435 3841 40

318 3932 529 4044 llt,cdo'llelpyccirnsGlR
623 3932 768 3979 lcommcai
780 3931 810 3980 V.
897 3935 1045 3981 mlmrulac
1054 3934 1084 3981 V.
1167 3944 1183 3972 n
1198 3933 1351 3996 Hecfcnscld
1360 3934 1390 3981 V.

291 4008 306 4037 0
341 4012 403 4047 cust
469 4030 509 4044 ..

327 4155 364 4201 15.
375 4142 476 4201 agnum
487 4146 580 4186 sancta·
591 4140 681 4202 cruris]
704 4140 810 4189 Restant
824 4141 851 4187 in
866 4141 970 4187 nrcbiris
980 4140 1098 4187 Dunelm.
1110 4140 1221 4201 plurima
1232 4142 1321 4188 cbcrtoe
1334 4155 1392 4188 cum

293 4206 393 4266 antiquo
404 4218 423 4251 s.
436 4202 576 4251 Cuthbercti
587 4204 669 4266 sigillo
682 4218 785 4253 annexu.
820 4206 850 4252 ln
862 4217 911 4265 quo
922 4204 1049 4252 exhibetur
1064 4211 1137 4265 capnt
1153 4204 1232 4252 sancti
1243 4204 1348 4252 Osnnldi
1360 4220 1393 4253 cx

293 4274 427 4329 isanparto,
439 4273 464 4314 et
474 4282 534 4315 crux
545 4268 598 4327 ejus
609 4284 639 4315 en
650 4270 734 4317 altera.
758 4269 821 4316 Vide
831 4270 976 4329 impresmm
987 4270 1013 4315 iu
1025 4268 1133 4329 Append.
1147 4268 1180 4316 N.
1192 4269 1244 4317 xiii.
1257 4269 1285 4316 S.

327 4347 366 4394 30.
379 4330 538 4394 quenfcltlt]
554 4333 640 4393 Neque
650 4332 716 4381 bunc
726 4333 808 4380 locum
821 4339 880 4393 puto
891 4332 1034 4380 hodiernum
1047 4332 1151 4390 Haben,
1164 4332 1211 4394 vel,
1223 4342 1251 4381 ut
1262 4333 1392 4396 legendum

292 4398 389 4452 volunt,
402 4395 522 4521 Halipun,
533 4397 576 4443 sed
589 4397 667 4457 magis
679 4398 709 4444 ad
720 4396 868 4459 Aquilonem
880 4412 895 4443 s
905 4410 977 4443 muro
989 4399 1106 4445 Romano.
1126 4398 1151 4444 S.

328 4474 366 4522 35.
377 4474 453 4521 supra
481 4460 496 4507 ἰ.
512 4472 549 4507 12.
