3100 5125
89 350 170 418 -5.
481 303 663 399 ’connis
686 333 958 400 Anononnn.
1212 334 1277 403 iso

638 560 746 626 OAP.
774 560 817 623 V.

135 668 223 725 ooDe
241 677 328 725 morte
345 668 432 726 anio
451 675 479 724 rt
497 668 647 744 Ecqtercti
666 685 777 740 ream
808 673 836 720 et
858 666 890 722 dc
911 667 1013 740 synodo
1029 665 1113 740 facto
1133 668 1171 723 orl
1190 667 1276 725 brom

311 749 500 823 Hmtfordc,
515 749 559 806 cri
567 748 732 824 procidebat
745 746 964 822 archiepiscopus
979 746 1141 804 modom

220 842 317 905 Auno
332 841 508 906 Dominicae
531 841 762 906 incarnationis
782 839 1011 904 sexcentesimo
1032 839 1275 926 septuagesimo,
1286 868 1315 915 Α,
1325 868 1357 916 1).
1370 866 1427 929 ⁶70·

176 928 231 1014 qui
247 936 297 992 est
311 949 414 992 annus
429 928 599 1003 secundus,
611 947 652 990 ex
666 949 730 1011 quo
745 925 963 990 Brittanniam
977 925 1065 990 venit
1080 926 1274 1004 Theodorus,

177 1014 278 1078 Osuiu
298 1035 355 1077 rex
370 1013 717 1097 Nordanhymbrorum,
733 1033 860 1097 pressus
880 1019 931 1076 est
951 1011 1147 1090 infirmitate,
1165 1020 1276 1098 quaet

137 1108 321 1170 esmortuus
345 1106 394 1186 est
418 1121 502 1163 anno
523 1099 631 1163 aetatis
653 1120 718 1162 suae
740 1097 1001 1184 quinquagesimo
1023 1105 1145 1174 octavo,
1167 1098 1220 1184 qui
1243 1098 1276 1162 in

176 1192 305 1250 tantum
326 1207 364 1248 eo
386 1192 531 1270 tempore
547 1184 720 1248 tenebatur
740 1205 849 1247 omore
865 1184 1018 1247 Romanae
1041 1190 1075 1247 et
1094 1183 1276 1268 apostolioae

176 1270 398 1347 institutionis,
425 1277 462 1334 ut
482 1271 509 1334 si
534 1271 577 1334 ab
601 1269 789 1333 infirmitate
812 1268 996 1346 salvaretur,
1021 1269 1119 1334 etiam
1142 1271 1277 1334 Romam

64 1401 72 1412 -
176 1357 294 1436 venire,
310 1357 417 1442 ibique
432 1357 474 1421 ad
494 1357 564 1420 loca
582 1362 695 1419 sancta
709 1355 810 1419 vitam
828 1355 920 1418 finire
940 1354 1141 1454 disponerem
1168 1356 1276 1420 Vilsri-

175 1445 316 1528 dumque
338 1443 523 1528 episcopum
548 1443 661 1505 ducem
686 1440 748 1504 sibi
778 1441 901 1506 itineris
926 1441 1006 1516 fieri,
1033 1441 1189 1526 promissa
1212 1461 1276 1507 non
1285 1467 1440 1515 oiutorob.

255 1553 276 1593 a
303 1528 510 1614 pecuniarum
537 1527 719 1604 donatione,
748 1533 887 1612 rogaret.
940 1525 1002 1606 Qui
1031 1528 1198 1592 defunctus
1224 1528 1341 1592 dieFeb·
1355 1533 1378 1580 d·
1392 1545 1428 1594 ¹5·

176 1552 301 1680 ddcnima
336 1615 450 1699 quinta
486 1613 694 1677 kalendarum
727 1613 931 1690 Martiarum,
962 1611 1148 1698 Eegln'dum
1176 1612 1427 1690 filiumncgieon

135 1727 170 1776 30
177 1700 266 1786 regni
288 1700 437 1764 heredem
456 1699 605 1785 reliquit:
637 1699 727 1781 cujus
748 1720 833 1762 anno
855 1697 945 1782 regni
972 1699 1070 1762 tertio
1091 1698 1277 1763 Theodorus
1287 1693 1381 1742 Neron.

178 1787 288 1871 ucogit
317 1785 486 1850 concilium
512 1783 743 1870 episcoporum,
768 1806 833 1846 una
861 1805 933 1846 cum
962 1783 1007 1846 eis
1037 1785 1092 1869 qui
1123 1785 1278 1849 canonica
1414 1824 1417 1830 ·

176 1879 307 1957 patrum
327 1877 452 1935 statuta
477 1878 512 1935 ct
537 1869 705 1955 diligerent
729 1876 764 1932 et
788 1875 927 1945 nossent,
951 1869 1114 1955 magistris
1137 1870 1278 1935 ecclesiae

178 1957 330 2043 pluribus.
391 1957 513 2037 Quibus
549 1956 671 2041 pariter
699 1954 911 2041 congregatis,
941 1953 1111 2042 diligenter
1139 1977 1178 2021 ea
1207 1977 1278 2042 quae

177 2043 297 2107 unitati
325 2042 414 2127 pacis
439 2041 663 2106 ecclesiasticae
693 2047 915 2126 congruerent,
940 2062 977 2104 eo
1005 2063 1068 2126 quo
1093 2041 1278 2127 pontificem

174 2130 314 2193 decebat
336 2128 452 2205 animo,
476 2127 576 2212 eoepit
600 2127 800 2192 observanda
826 2128 948 2190 docere.
996 2124 1094 2212 Oujus
1118 2127 1277 2213 synodicae

178 2214 316 2278 actionis
331 2213 511 2298 hujusmodi
527 2219 636 2277 textus
651 2219 719 2276 est:

135 2323 167 2374 ³5
221 2301 264 2364 Io
284 2303 403 2363 nomine
416 2300 544 2364 Doreiat'
558 2299 621 2362 Dei
638 2308 666 2361 et
682 2297 962 2362 sommiator·
976 2298 1052 2362 Jcstt
1069 2298 1193 2374 Christi,
1214 2318 1278 2382 req-
1287 2318 1353 2378 Sept
1367 2319 1390 2367 d.
1401 2332 1468 2386 aa„

175 2386 309 2449 corteto
316 2395 506 2471 perpetuom,
516 2393 554 2448 o'c
565 2382 748 2468 cataracte
760 2404 848 2450 mam
856 2383 1024 2447 Ecclesiam
1038 2384 1137 2448 eodem
1145 2384 1277 2448 Domino
1288 2386 1317 2431 Α·
1328 2384 1361 2460 ⁰:
1372 2382 1427 2460 tic·

176 2481 275 2535 nostro
288 2471 363 2535 Jeoo
379 2471 504 2546 Christo,
514 2470 637 2554 poecis
656 2469 811 2533 cacata
825 2489 886 2541 ooo,
894 2469 989 2552 jacto
1003 2491 1114 2533 morere
1129 2489 1276 2533 moenum
1287 2447 1430 2560 {³122ssssssss

179 2555 408 2634 venerabilium,
424 2567 606 2621 tractaturos
628 2557 665 2621 cle
686 2554 860 2619 carnariis
881 2553 1008 2619 eccbeee’oe
1026 2556 1157 2640 coortu.
1204 2556 1279 2619 Ooo-

179 2644 315 2707 oereimoo
329 2652 429 2707 cotem
443 2642 494 2706 dic
508 2642 651 2725 werino
666 2650 779 2725 quarm
792 2640 901 2703 mensis
916 2639 1101 2725 Septembris,
1117 2640 1280 2704 iacbc’etc‘eoe

137 2730 292 2814 40primc,
308 2730 343 2792 ire
358 2729 418 2792 boo
431 2728 486 2813 qai
504 2728 621 2791 dicitur
635 2726 835 2809 ¹Hcratford.
880 2726 946 2808 Eoo
959 2724 1083 2811 quidem
1103 2725 1278 2802 Theodorus,

179 2816 317 2900 qoamob
341 2812 493 2898 indecor,
517 2811 556 2876 cl
580 2812 743 2897 mosetica
765 2811 834 2874 rede
855 2811 1022 2875 dectioctos
1044 2812 1281 2874 Dorooerneosir

178 2900 308 2964 macc
328 2901 500 2985 epucopw
531 2908 558 2962 et
576 2897 766 2961 antarados
784 2918 822 2959 oc
838 2897 945 2979 frater
963 2906 1060 2961 rosta
1080 2897 1279 2960 reuerentissi-

180 3008 248 3049 moc
264 2986 337 3049 Bisi
354 2984 556 3049 Ommatium
570 2982 741 3067 Aetolorum
754 2983 927 3066 cpbcopro:
950 2981 1056 3067 quibus
1070 2982 1162 3046 etiem
1172 2983 1280 3064 frater

180 3081 209 3135 et
221 3070 411 3135 coamcerdos
424 3080 522 3133 ructor
543 3068 666 3153 Vilfrid
679 3067 1004 3150 Nordooliymbrorom
1019 3068 1115 3152 ocutis
1129 3068 1281 3150 mosomus

174 3178 235 3241 per
242 3156 386 3241 proprios
400 3155 559 3241 aymoni
572 3153 688 3237 adficit.
722 3153 903 3237 Adjecerunt
916 3164 944 3217 ct
950 3153 1070 3238 fratres
1084 3175 1121 3217 oc
1130 3173 1280 3216 consocer-

139 3242 259 3320 45detes
277 3242 381 3318 codri
397 3243 496 3305 Potto
557 3241 665 3323 'cepoe
682 3238 803 3303 oasam
821 3234 1056 3303 Oootocriorcao
1069 3238 1150 3323 qood
1165 3239 1281 3301 (bedar

179 3328 403 3411 Hrofcccoectir,
441 3328 518 3389 Lcat
576 3325 618 3388 ‘os
659 3325 811 3408 optemus
849 3324 1085 3388 occidentalium
1116 3326 1278 3399 Socerum,

190 3411 329 3496 Vyosrid
350 3413 502 3497 episcopos
526 3410 694 3495 procincte
719 3410 914 3473 Merciorom.
972 3411 1103 3494 eoaque
1126 3408 1161 3472 io
1186 3430 1281 3472 onwm

105 3508 168 3589 148
180 3499 378 3562 moomieutes
397 3498 492 3580 jacto
516 3497 652 3560 ordinem
676 3496 786 3579 quique
809 3517 897 3558 socon
925 3495 1150 3559 rmcctimomoe:
1188 3495 1279 3579 Boeo,

483 3642 499 3671 ¹¹
512 3634 592 3692 coegit
603 3632 634 3679 V.
766 3641 782 3671 ¹
798 3630 946 3692 Herurlsord
956 3631 986 3677 V.

180 3756 325 3798 morum
336 3748 419 3811 suirce
429 3748 598 3796 habitaculum
610 3747 666 3794 libri
678 3744 863 3793 Bollimorensis
879 3744 995 3793 collector
1005 3744 1141 3792 confirmet.
1154 3743 1230 3792 Usser
1241 3743 1280 3792 Pr.

181 3830 198 3876 p
215 3829 437 3939 id⁹fflroif0rca]
458 3876 591 3938 Hertfirrd,
607 3876 660 3937 agri
677 3874 871 3922 Hertfordiensis
882 3874 997 3934 oppidum
1016 3872 1169 3933 primarium,
1182 3871 1278 3919 Gibson

181 3943 213 3991 nd
224 3942 315 3991 Chron.
329 3942 386 3990 Sar.
398 3941 424 3987 in
436 3957 460 3988 v.

215 4021 254 4068 3¹·
267 4006 406 4067 magistris]
422 4006 484 4052 Vide
495 4020 577 4063 supra.
590 4004 620 4050 ad
633 4004 668 4050 iii.
682 4012 721 4060 ²7.

214 4085 254 4133 39.
263 4071 358 4133 prbrio]
379 4070 481 4131 Colligit
496 4070 552 4116 hinc
565 4068 715 4115 Wbartonns
733 4081 824 4113 ennom
843 4066 916 4126 an'no
934 4066 1019 4126 synodi
1040 4065 1114 4113 luisse
1136 4066 1216 4126 potius
1232 4063 1279 4126 672

181 4151 255 4197 quum
267 4134 323 4197 673.
358 4135 407 4182 Sed
418 4134 464 4181 boc
475 4140 561 4181 contra
572 4133 646 4179 Bedoe
662 4131 738 4192 ipsios
754 4130 873 4177 calculum
892 4130 917 4177 in
931 4130 1144 4189 Recepitolutione
1155 4130 1279 4185 eburnica,

181 4208 207 4249 et
218 4201 303 4247 scriem
317 4201 394 4261 ipsein
407 4199 579 4246 indictionum.
595 4199 619 4244 S.
654 4200 732 4245 iuxta
746 4194 866 4242 calculum
883 4209 1039 4243 communem
1050 4193 1223 4248 indictionum,
1235 4194 1281 4241 lioc

181 4272 220 4313 est
230 4264 541 4324 constantinopolitanum,
553 4261 655 4309 indictio
670 4262 780 4307 coeundo
796 4274 884 4306 exorna
901 4267 964 4307 esta
981 4258 1061 4318 primo
1078 4259 1117 4305 dic
1132 4258 1281 4318 Septembris

183 4331 213 4377 Α.
223 4330 255 4375 D.
269 4327 325 4389 673.
359 4328 406 4375 Sed
418 4327 491 4387 Angli
508 4326 656 4374 indictiones
672 4325 847 4385 computabunt
859 4338 872 4371 a
885 4324 935 4371 viii.
948 4323 997 4370 lial.
1011 4322 1136 4379 Octobrio,
1149 4323 1194 4370 boc
1209 4330 1254 4381 est,
1267 4336 1282 4369 c

183 4407 221 4453 24.
234 4394 258 4440 d.
271 4392 430 4453 Septembris,
447 4393 512 4439 sicot
526 4392 592 4439 Beda
609 4390 645 4437 ait
660 4390 686 4436 iu
703 4389 789 4449 Tenip.
803 4387 911 4447 Rut46.
944 4386 1016 4435 Conf.
1034 4386 1160 4447 inira,17.
1196 4386 1281 4447 ltaque

181 4458 229 4505 istc
239 4458 292 4505 dies
302 4470 351 4517 quo
367 4456 450 4504 habito
465 4464 504 4504 est
519 4456 627 4517 synodos
643 4453 724 4515 potuit
740 4453 843 4500 fortasse
855 4452 893 4500 vel
912 4452 1013 4499 ultimus
1031 4451 1123 4499 censori
1141 4450 1282 4499 indictionis

181 4523 276 4583 prima,
288 4524 326 4569 vel
338 4521 432 4582 primus
442 4520 583 4568 indictionis
595 4520 715 4567 secundae.
748 4518 803 4566 Vid.
813 4518 880 4579 Pagi.
