3100 5125
282 322 326 386 sa
611 316 847 381 nrsromm
871 316 1048 381 nocuus.
1364 316 1391 380 1.
1414 332 1462 399 17.

280 470 442 537 taniarum
462 470 547 569 finde
565 477 656 555 peste
675 470 969 534 commaculaverat.
1004 468 1138 569 ⁸Verum
1153 468 1293 569 brittani
1308 490 1381 533 cum

281 556 620 707 dmedlddoilllaffibeslb
643 647 708 717 ent,
723 554 1382 725 dddllbribllmdibarllzblblfaldilglbtdmilddidbis

281 728 421 792 refutare
444 727 550 790 verbis
571 727 725 790 certando
747 727 949 801 sufficerent;
972 725 1136 790 inveniunt
1158 726 1283 790 salubre
1307 748 1379 789 con-

281 813 394 890 silium,
420 819 458 876 ut
483 834 505 875 a
529 812 700 876 Gallicanis
724 812 923 877 antistitibus
948 810 1099 875 auxilium
1127 811 1200 875 belli
1229 812 1380 896 spiritalis

120 920 146 967 S.
154 915 270 965 &emani
281 900 453 984 inquirant.
499 898 602 978 Quam
630 899 673 961 ob
697 920 827 961 causam
851 898 983 961 collecta
1008 917 1125 982 magna
1149 898 1269 982 synodo
1295 919 1379 982 quae·

121 982 206 1061 ωἱῦθῑο
282 986 415 1048 rebatur
435 984 468 1046 in
490 1005 664 1061 commune,
687 984 741 1067 qui
761 982 848 1047 dillic
870 984 912 1047 ad
934 983 1179 1047 succurrendum
1197 982 1271 1047 fidei
1293 983 1379 1047 mitti
1391 1007 1421 1040 10

120 1062 201 1174 iffi
211 1060 266 1093 “⁰¹¹¹
283 1071 456 1134 deberent:
480 1077 578 1153 atque
593 1070 733 1132 omnium
743 1069 863 1153 judicio
878 1068 993 1133 eelecti
1008 1075 1084 1131 sunt
1098 1068 1263 1153 apostolici
1277 1091 1379 1133 sacer-

283 1157 376 1220 dotes
412 1154 590 1218 Germanus
626 1154 923 1232 Autissiodorensis,
961 1160 994 1219 et
1028 1154 1137 1238 Lupus
1174 1154 1379 1219 fTrecasenoe

284 1240 421 1305 civitatis
436 1240 582 1324 episcopi,
598 1239 651 1324 qui
670 1240 712 1304 ad
732 1240 981 1303 confirmandam
999 1239 1095 1303 fidem
1114 1239 1226 1325 gratiae
1247 1240 1380 1304 caelestis

284 1326 486 1390 sBrittanias
499 1326 652 1390 venirent.
698 1326 759 1405 Qui
778 1348 851 1389 cum
870 1331 1019 1410 prompta
1036 1326 1204 1389 devotione
1220 1347 1330 1409 preces
1347 1334 1382 1389 et

281 1414 371 1498 jussa
385 1418 503 1475 sanctae
518 1411 656 1475 ecclesiae
676 1412 896 1496 suscepissent,
911 1412 1035 1475 intrant
1054 1432 1215 1487 oceanum,
1230 1418 1265 1475 et
1282 1434 1381 1495 usque

285 1496 475 1561 admeffium
486 1496 608 1561 itineris
616 1497 840 1581 quoaGallico
851 1498 921 1561 sinu
931 1496 1108 1561 Brittanias
1118 1518 1217 1581 usque
1227 1496 1379 1573 tenditur,

285 1583 430 1647 secundis
454 1582 584 1647 flatibus
608 1582 698 1647 navis
722 1589 796 1647 tuta
821 1582 959 1649 volabat.
1005 1581 1086 1645 Tum
1113 1582 1219 1646 subito
1244 1582 1421 1653 occurritis

1009 1667 1381 1818 sarariam

286 1840 448 1905 concitant
461 1839 623 1924 procellas,
639 1839 750 1903 caelum
764 1777 910 1924 diemliue
924 1838 1055 1902 nubium
1069 1845 1162 1901 nocte
1181 1840 1380 1913 subducunt;

285 1932 452 1990 ventorum
480 1925 603 1987 furores
632 1923 701 1988 vela
729 1946 792 1988 non
822 1923 999 1998 sustinent;
1024 1923 1180 1987 cedebant
1208 1924 1384 1988 ministeria

285 2010 370 2075 victa
384 2016 573 2083 nautarum
597 2010 759 2073 ferebatur
773 2010 932 2095 navigium
947 2009 1099 2085 oratione,
1112 2031 1175 2071 non
1190 2009 1324 2073 viribus:
1350 2016 1384 2074 et

286 2118 362 2160 casu
391 2096 455 2159 dux
485 2093 551 2179 ipse
565 2096 625 2159 ·vel
650 2095 793 2180 pontifex
818 2096 938 2160 fractus
964 2116 1105 2179 corpore,
1131 2094 1316 2159 lassitudine
1345 2118 1426 2159 aceo

286 2202 399 2265 sopore
416 2180 574 2244 resolutus
593 2187 652 2244 est.
698 2182 780 2243 Tum
797 2202 872 2245 vero
889 2181 979 2265 quasi
998 2186 1211 2265 repugnatore
1231 2188 1382 2257 cessante,

286 2272 461 2351 tempestas
490 2266 632 2330 excitata
660 2266 827 2343 convaluit,
858 2274 892 2331 et
923 2267 992 2351 jam
1025 2264 1184 2351 navigium
1214 2268 1385 2351 superfusis

320 2403 406 2449 dillac
416 2401 445 2448 V.
457 2402 488 2449 G.
549 2403 731 2463 eeitgecantur
742 2402 772 2449 V.
839 2402 1014 2449 fTrecassinoe
1026 2402 1054 2450 V.
1123 2404 1176 2450 sin
1189 2402 1344 2449 Brittaniam
1356 2402 1386 2448 V.

287 2466 303 2505 h
315 2470 426 2514 occurrit
436 2469 539 2514 inimica
551 2466 580 2514 V.
718 2466 883 2529 ipertendere
890 2470 987 2529 populis
998 2467 1028 2513 V.
1420 2488 1434 2514 e

288 2581 369 2638 fania,
385 2589 411 2630 et
424 2583 502 2630 sancti
521 2583 596 2630 vitam
613 2597 644 2630 er
660 2583 771 2644 professo
788 2583 921 2631 scribentis.
958 2585 1005 2630 Sed
1024 2591 1093 2631 tanta
1110 2591 1148 2630 cst
1165 2583 1301 2630 differentia
1314 2581 1386 2643 liujus

287 2647 374 2694 calculi
392 2648 543 2708 Prosperiani
562 2664 576 2693 n
592 2647 742 2706 temporibus
758 2663 812 2708 quae
828 2648 986 2696 Constantius
1002 2649 1118 2708 assignat,
1136 2656 1161 2696 et
1177 2649 1201 2695 iu
1219 2649 1306 2708 quibus
1321 2649 1385 2694 Beda

286 2727 342 2758 eum
355 2713 472 2772 sequitrn,
484 2720 511 2759 ut
527 2711 624 2760 difficile
640 2715 673 2759 sit
690 2713 798 2759 resaluta
815 2712 854 2759 cui
872 2713 1043 2760 adhereamus.
1076 2714 1143 2760 Ante
1157 2727 1249 2773 paucos
1259 2727 1338 2758 annos
1349 2711 1386 2757 iu-

287 2775 413 2824 definitum
426 2785 471 2836 est,
482 2786 507 2823 et
520 2785 602 2837 posset
617 2777 716 2824 extendi
729 2778 759 2824 ad
771 2777 881 2837 Prosperi
896 2791 1009 2824 numeros
1022 2777 1046 2822 in
1059 2793 1077 2822 a
1087 2777 1203 2824 Germani
1221 2777 1292 2822 annis
1307 2776 1384 2822 inclu-

287 2841 388 2898 dendos,
411 2841 458 2887 nisi
480 2841 624 2889 Caelesriaus
652 2842 791 2900 interesset,
815 2841 885 2903 cujus
913 2850 1022 2902 tempora
1044 2842 1074 2888 ab
1097 2841 1142 2888 boc
1165 2841 1259 2889 calculo
1281 2841 1385 2888 nimium

289 2905 391 2952 distent.
404 2907 428 2952 S.

323 2969 382 3016 lbid.
397 2972 544 3029 Agricolam
556 2969 711 3031 Sem’ers'am]
731 2971 779 3030 Qui
797 2970 887 3018 fuerint
899 2969 1013 3030 Agricola
1029 2978 1054 3017 et
1064 2969 1208 3017 Severianus
1225 2985 1309 3030 parum
1328 2984 1384 3016 con·

288 3039 346 3093 stat,
364 3035 427 3094 quod
446 3042 526 3080 antem
546 3033 661 3094 Agricola
679 3048 728 3080 uon
747 3034 821 3081 fuerit
839 3035 964 3093 Leporius,
983 3041 1008 3082 et
1025 3035 1088 3096 quod
1108 3034 1254 3081 Severianus
1272 3049 1320 3081 uon
1339 3035 1388 3080 fnit

289 3097 408 3157 Sulpitins
417 3099 524 3145 Severus
535 3099 565 3144 ab
575 3097 691 3147 omnibus
701 3099 752 3144 fere
763 3105 850 3146 contra
863 3099 962 3146 Baleum
975 3101 1115 3148 conclusum
1128 3106 1172 3146 est.
1186 3100 1210 3146 S.

324 3173 346 3222 7.
357 3176 437 3224 ncesse
446 3161 600 3224 sufficerent]
616 3162 723 3209 Heresis
733 3163 865 3224 Pelagiana
876 3163 934 3210 licet
949 3163 980 3210 ab
995 3172 1094 3212 auctme
1107 3163 1218 3210 Brittone
1229 3162 1348 3219 derivata,
1359 3163 1384 3208 in

290 3226 391 3273 remotis
413 3234 495 3274 tamen
518 3226 658 3286 regionibus
680 3235 813 3288 propagata
835 3228 892 3282 fuit,
914 3229 1066 3290 patriamque
1089 3228 1186 3288 reliquit
1209 3227 1274 3274 felici
1297 3227 1387 3274 erroris

289 3291 430 3352 ignorantia
446 3290 591 3338 involutam.
605 3292 629 3337 S.
662 3291 736 3338 Addit
748 3299 835 3339 auctor
847 3293 909 3340 Vitas
926 3307 944 3339 s.
963 3292 1035 3354 Lupi,
1054 3293 1210 3355 Pelagianam
1228 3299 1318 3352 pestem
1334 3291 1386 3354 jam

290 3361 367 3404 totam
379 3355 430 3402 iere
443 3355 595 3402 Britanniam
607 3369 745 3415 occupasse.

324 3433 348 3479 9.
358 3434 454 3480 magna
463 3421 566 3482 synodo]
583 3421 686 3480 Prosper
693 3420 729 3468 ait
736 3421 800 3483 qaod
808 3421 1161 3478 adactionePadadfldiaconi
1167 3435 1234 3481 papa
1244 3421 1390 3468 Calestinas

219 3535 222 3538 ,
295 3485 449 3532 Germanum
469 3486 519 3531 nice
534 3500 581 3530 saa
601 3486 677 3543 misit,
695 3491 725 3531 nt
742 3486 880 3533 deturbatis
899 3488 1018 3532 derensis
1036 3485 1168 3534 Brittanos
1187 3486 1222 3530 ud
1241 3486 1388 3531 cathalicam·

283 3549 364 3612 fidem
371 3549 475 3607 dirigar.
496 3549 528 3595 Et
538 3549 583 3595 hoc
595 3548 683 3595 iterum
695 3550 798 3609 Prosper
809 3550 861 3610 ipse
872 3551 1002 3597 confirmat
1013 3552 1037 3596 iu
1049 3565 1121 3610 opere
1134 3551 1226 3598 Contra
1238 3549 1386 3596 Coliatorem

293 3626 396 3674 caper,
407 3613 472 3673 quod
489 3627 550 3672 opus
567 3629 581 3659 a
599 3614 715 3672 temporis
729 3613 825 3673 injuriis
836 3614 970 3661 immunius
982 3615 1028 3662 fuit
1037 3631 1110 3675 quarn
1124 3613 1276 3671 Chronicon3
1293 3621 1386 3660 certum

292 3687 375 3726 nmen
386 3685 479 3725 estnec
491 3678 580 3724 Βεάαω
593 3691 638 3724 nec
650 3678 820 3726 Constantium
836 3678 959 3726 Calestini
976 3680 1117 3726 meminisse
1128 3678 1153 3725 in
1166 3677 1281 3725 missione
1293 3680 1317 3725 S.
1327 3678 1386 3725 Ger·

294 3743 369 3790 mani.
400 3742 510 3789 Jacobus
521 3757 580 3802 ergo
590 3743 734 3789 Sinnoudus
744 3743 874 3790 concilium
886 3743 941 3797 boc,
953 3745 1017 3805 qrrod
1031 3745 1117 3790 incerti
1129 3743 1176 3790 loci
1189 3752 1266 3800 vocat,
1280 3743 1304 3788 in
1318 3757 1387 3790 suam

294 3815 429 3868 temporum
446 3807 533 3854 seriem
551 3807 669 3866 inserens,
686 3822 735 3853 uon
752 3807 821 3867 ponit
835 3822 890 3855 cum
901 3807 1019 3868 Prospero
1032 3825 1053 3855 a.
1065 3821 1123 3869 449,
1136 3809 1177 3854 scd
1193 3822 1248 3854 cum
1261 3807 1388 3868 sigeberto

293 3888 316 3919 a.
334 3870 390 3932 446.
409 3872 506 3918 Addens
523 3871 588 3918 inter
603 3871 661 3927 alia,
673 3871 750 3932 Quod
765 3887 822 3918 cam
837 3876 864 3918 irs
880 3875 981 3932 uulgari
998 3873 1114 3931 Prospera·
1131 3872 1251 3920 Chronico
1265 3871 1388 3920 Calatini

289 3951 365 3998 papa
376 3937 523 3998 temporibus
538 3951 563 3982 a.
574 3949 623 3994 4²9
634 3936 716 3998 affim
729 3943 766 3983 est
782 3936 901 3984 Germani
916 3939 1017 3996 legatio,
1030 3939 1130 3984 insititii
1145 3943 1174 3982 at
1188 3943 1293 3997 apparet
1307 3936 1389 3982 mendi

293 4003 430 4062 suspicione
440 4016 489 4046 non
500 4006 578 4059 caret,
589 4001 621 4046 ab
633 4001 664 4048 iis
671 4000 782 4061 sortasse
793 4003 836 4063 qni
847 4016 904 4048 cam
917 4002 1062 4049 Palladiam
1073 4003 1100 4048 in
1111 4017 1153 4048 eas
1164 4016 1221 4048 imas
1232 4016 1248 4046 α
1262 4003 1390 4049 Calestino

293 4068 395 4111 mmmm
416 4067 541 4124 legissent,
568 4064 720 4113 Germanum
741 4067 827 4112 itidem
848 4066 881 4111 ad
902 4067 984 4112 eodem
1009 4069 1035 4112 in
1058 4065 1217 4113 Brittaniam
1239 4067 1390 4112 destinatam

293 4129 428 4184 credidere,
439 4130 505 4190 qaod
519 4144 599 4190 neque
614 4144 631 4175 a
641 4130 724 4185 Beda,
742 4145 822 4192 neqne
838 4145 854 4176 a
868 4131 1020 4184 Constantio,
1034 4133 1073 4176 vet
1087 4131 1187 4185 Esaiae,
1199 4145 1278 4192 neque
1293 4131 1325 4176 ab
1342 4131 1390 4175 uilo

294 4195 413 4253 scriptore
423 4194 525 4254 antiqno
537 4199 572 4238 est
580 4195 713 4253 proditam.
749 4195 871 4241 Sirmondi
883 4195 956 4242 Not-ee
968 4195 1104 4256 posthuma
1114 4201 1131 4242 t.
1141 4195 1177 4241 iii.
1197 4194 1273 4240 Labb.
1287 4211 1309 4256 p.
1321 4195 1390 4255 1508.

296 4257 323 4304 S.
352 4256 422 4302 Sedit
433 4271 494 4315 papa
506 4257 651 4304 Caelestinus
662 4259 692 4305 sb
705 4259 768 4305 A.D.
779 4273 835 4315 422.
848 4259 878 4306 ad
890 4273 947 4319 43²·

332 4333 369 4367 rr.
391 4320 618 4382 Autissiodorensis]
645 4322 683 4370 De
706 4325 822 4370 Anxerre.
862 4325 951 4371 Praeter
973 4323 1144 4371 Constantium
1170 4337 1251 4384 prosa,
1276 4321 1392 4369 Heriicus

296 4383 502 4432 Antimodorensis
513 4386 646 4432 monachus
658 4402 728 4434 versu
741 4389 767 4434 S.
775 4388 891 4436 Germani
903 4388 976 4436 vitam
990 4403 1032 4436 sex
1044 4389 1114 4435 libris
1125 4388 1230 4449 scripsit,
1244 4389 1294 4434 imo
1305 4393 1330 4433 et
1341 4386 1393 4447 ejus

295 4449 370 4497 edem
383 4449 500 4494 miracula
510 4450 612 4496 duobus.
625 4451 650 4497 S.

330 4513 392 4561 lbid.
405 4513 560 4574 Trecasenae]
577 4515 616 4562 De
626 4516 722 4578 Troyes
734 4517 759 4563 in
773 4517 909 4578 Campania
922 4517 1056 4566 Gallicana.
1092 4517 1154 4578 Lupi
1167 4517 1242 4563 vitam
1260 4517 1313 4564 vide
1330 4515 1393 4576 apud

296 4577 397 4627 Suriam
409 4579 439 4624 ad
452 4590 482 4639 ²9
492 4577 563 4625 Julii.
575 4580 599 4623 S.
1130 4589 1134 4593 ⁷
1385 4599 1388 4608 -
