3100 5125
243 285 309 350 ἥδ
581 284 818 356 HISTORIAE
841 289 1018 360 noctus.
1260 333 1262 337 -
1287 293 1351 360 1v.
1370 312 1427 375 24.

242 431 343 498 osset
362 433 478 518 sopori,
497 435 627 502 adstitit
645 437 675 502 ei
694 438 826 524 quidam
847 463 906 526 per
925 441 1089 521 somnium,
1103 463 1237 528 cumque
1255 442 1340 508 salu-

243 523 326 597 tans,
348 541 387 583 ac
409 541 467 585 suo
488 521 650 607 appellans
671 525 817 590 nomine:
845 529 996 607 Ooedmoc,
1013 527 1126 614 inquit,
1148 537 1239 593 caum
1260 529 1383 604 mitiso

241 603 372 704 aliquid.
416 605 530 706 Atille
546 607 771 692 hrespondens,
788 615 907 692 Nescio,
925 613 1036 698 inquit,
1053 624 1200 688 cauma·
1220 636 1293 678 uam
1311 623 1414 703 at171

240 689 309 752 sdes
330 690 367 754 do
387 711 522 755 conum
541 713 670 778 curm
689 695 748 759 lac
766 700 876 777 seam,
891 701 966 784 quia
979 709 1103 764 caumes
1117 721 1176 763 coa
1183 709 1338 785 poteram

241 773 381 838 Rursum
394 776 446 838 ille
460 777 515 860 qui
529 799 602 840 cum
616 801 654 844 eo
668 780 867 866 loquebatur,
878 788 1032 862 Attamen,
1042 785 1099 863 ait,
1109 786 1185 849 miti
1200 785 1340 850 imulare

239 859 335 924 dudm.
369 862 473 960 ‘Quid
496 862 609 947 inquit,
630 865 718 931 deleo
742 872 892 934 coctura?
934 871 983 933 At
1002 871 1063 945 ille,
1090 873 1199 948 Ouala,
1221 871 1337 956 inquit,

232 966 427 1030 pnaccpcum
448 958 668 1014 acarnanas.
714 952 784 1032 Quo
806 961 938 1041 accepto
959 977 1120 1040 responso,
1136 955 1247 1020 statim
1268 957 1338 1042 ipso

239 1052 290 1096 coe
304 1031 339 1130 'it
353 1039 484 1097 cantare
498 1033 532 1097 in
545 1034 672 1100 laudem
681 1037 742 1102 Dei
751 1039 933 1104 Oonditoris
947 1061 1064 1119 versus,
1080 1063 1159 1126 quos
1174 1063 1360 1127 nunquams

237 1137 279 1181 au
313 1124 393 1195 erat,
404 1140 538 1202 quorum
551 1120 612 1185 iste
623 1129 673 1186 est
688 1145 818 1200 sensus;
841 1127 936 1190 Nauio
947 1127 1075 1191 badura
1085 1126 1222 1192 mamus
1236 1139 1337 1194 aucm-

236 1223 300 1266 rum
312 1205 399 1301 raoni
412 1204 548 1281 calonis,
557 1209 724 1290 potentius
740 1211 901 1288 Crantoris,
916 1222 943 1276 ct
964 1212 1122 1276 mucidum
1137 1213 1234 1290 illias,
1241 1215 1338 1297 fucta

237 1288 350 1387 Putris
371 1289 487 1374 obriae.
534 1292 682 1370 Quom«)
706 1295 759 1358 illo
783 1317 849 1359 cum
873 1297 914 1361 sit
939 1307 1067 1362 oetcruus
1087 1299 1180 1372 Deus,
1202 1299 1338 1364 oninium

236 1374 454 1438 memmimus
466 1386 572 1441 auctu
584 1380 704 1457 euadit,
719 1381 774 1465 qui
782 1383 886 1466 primo
891 1383 973 1464 filiis
985 1384 1137 1448 homiuum
1151 1383 1258 1448 calum
1272 1407 1337 1470 pro

236 1458 365 1522 euboico
386 1461 465 1538 acti,
486 1462 594 1527 dolius
617 1474 731 1529 unam
753 1477 848 1531 mutos
870 1467 997 1534 tumaci
1018 1471 1134 1554 §abab
1154 1471 1336 1554 cumarum

236 1545 358 1642 creant.
403 1545 468 1610 Hic
482 1554 532 1612 cst
547 1570 666 1628 sensus,
681 1573 746 1615 non
768 1560 877 1617 autem
898 1554 977 1616 ordo
996 1554 1063 1639 ipse
1078 1556 1246 1620 verborum
1261 1579 1333 1640 quae
1345 1587 1377 1624 10

236 1628 395 1692 dormiens
410 1631 461 1695 ille
475 1635 630 1698 canebat:
654 1638 856 1720 nequeenim
875 1647 1009 1723 possunt
1024 1641 1174 1718 carmina,
1190 1641 1334 1724 quamvis

235 1713 702 1870 uetustissimi
724 1721 766 1871 a
779 1723 1035 1874 iis-lut
1054 1727 1243 1873 tub
1264 1726 1333 1792 iffi

669 1829 707 1872 ac
758 1832 769 1871 1
875 1832 902 1873 rs
942 1833 1102 1876 ranem.
1177 1833 1254 1875 xsur
1293 1833 1332 1875 us

233 1890 344 1948 autem
357 1907 380 1948 a
392 1907 512 1966 somno,
528 1900 643 1956 cuncta
657 1915 728 1977 quae
749 1831 907 1958 dbilmiens
929 1902 1125 1973 cantaverat,
1148 1835 1333 1960 memofffoer

232 1968 376 2068 retinuit,
400 1980 434 2036 et
456 1972 522 2037 kcis
548 1998 622 2039 mox
646 1979 739 2063 plura
764 1979 798 2043 in
823 1981 958 2046 eundem
983 1982 1112 2046 modum
1137 1982 1234 2047 verba
1260 1983 1331 2046 Deo

216 2053 321 2202 'div
336 2058 485 2121 canninis
498 2060 654 2144 adjunxit.

311 2140 480 2227 enionsque
502 2167 595 2210 mane
616 2149 658 2211 ad
680 2148 817 2214 villicum
834 2150 888 2234 qui
911 2150 970 2215 sibi
993 2157 1141 2237 praeerat,
1158 2151 1234 2236 quid
1254 2152 1330 2216 doni
1343 2177 1373 2227 15

232 2227 426 2312 percepisset
445 2229 608 2310 indicavit,
623 2239 720 2318 atque
742 2235 784 2299 ad
806 2236 1002 2302 abbatissam
1023 2237 1209 2336 perductus,
1222 2238 1330 2321 jussus

233 2318 292 2391 est,
308 2314 417 2381 multis
432 2316 627 2383 doctioribus
641 2318 718 2384 viris
731 2321 950 2404 praesentibus,
966 2321 1107 2386 indrcaro
1125 2322 1281 2386 somnium
1296 2329 1331 2388 et

234 2399 340 2468 dicere
362 2426 499 2483 carmen,
521 2410 559 2468 ut
581 2404 798 2470 universorum
820 2407 939 2491 judicio
966 2407 1044 2492 quid
1064 2407 1114 2472 vel
1137 2407 1222 2472 unde
1245 2414 1331 2473 esset

234 2489 321 2579 quod
348 2492 517 2571 referebat,
546 2493 743 2571 probaretur.
797 2492 973 2577 Visumque
1002 2499 1053 2557 est
1082 2493 1237 2571 omnibus,
1267 2515 1328 2558 cae·

232 2580 347 2665 legiam
361 2581 390 2647 ei
404 2606 421 2635 Ε
435 2578 573 2636 Domino
588 2597 769 2641 concessam
784 2600 852 2643 esse
865 2580 1014 2665 gratiam.
1052 2578 1330 2665 Exponebautquo

228 2653 275 2722 1111
293 2656 452 2740 quendam
473 2680 573 2723 sacras
594 2660 738 2726 historiae
755 2662 820 2728 sive
840 2664 996 2729 doctrinae
1018 2686 1204 2743 sermonem,
1219 2664 1373 2749 praeci-20

228 2739 353 2835 pientes
372 2745 411 2824 ei,
433 2745 459 2809 si
480 2753 598 2830 posset,
621 2747 704 2811 hunc
726 2748 759 2811 in
781 2749 1030 2815 modulationem
1053 2749 1203 2813 carminis
1224 2756 1329 2814 trans-

228 2834 321 2901 ferre.
359 2832 409 2899 At
423 2833 474 2897 ille
489 2838 637 2918 suscepto
651 2835 781 2920 nogotio
795 2836 885 2913 abiit,
901 2842 935 2900 et
949 2858 1042 2899 mane
1057 2834 1191 2913 rediens,
1207 2834 1329 2919 optimo

229 2918 369 2988 carmine
393 2919 478 3005 quod
501 2918 684 3002 jubebatur,
707 2920 917 3005 compositum
939 2920 1089 2985 reddidit.
1134 2920 1231 2983 Unde
1253 2942 1330 2985 mox

229 3006 395 3074 abbatissa
419 3004 602 3089 amplexata
626 3004 765 3089 gratiam
788 3006 848 3070 Dei
874 3005 1008 3083 inviro,
1033 3006 1217 3071 saecularem
1241 3004 1330 3068 illum

230 3091 376 3159 habitum
405 3091 591 3173 relinquere,
618 3096 652 3153 et
680 3092 900 3155 monachicum
924 3090 1102 3175 ¹susciperc
1130 3090 1330 3175 propositum

231 3177 348 3255 docuit,
364 3182 608 3260 susceptumque
628 3174 661 3237 in
679 3177 907 3242 monasterium
927 3199 999 3241 cum
1019 3176 1164 3241 omnibus
1184 3175 1249 3241 suis
1265 3177 1330 3239 fra-

265 3329 418 3393 hrespstdit
429 3328 459 3376 V.
544 3326 666 3375 icantare
676 3329 738 3374 miti
748 3328 822 3398 tubes
833 3332 861 3375 V.
961 3329 1027 3376 llis
1038 3329 1068 3377 V.
1161 3328 1290 3391 lrecipere
1298 3326 1330 3375 V.

272 3468 312 3516 50.
332 3452 457 3514 Cadmca]
488 3449 644 3498 (ladmonem
667 3446 758 3497 obiisse
780 3449 844 3497 circa
870 3464 960 3498 annum
984 3448 1033 3499 680
1055 3449 1164 3511 plerique
1185 3448 1331 3511 conjiciunt,

233 3526 276 3567 sut
286 3518 360 3578 paulo
371 3516 458 3564 scrius.
493 3515 533 3562 Dc
544 3513 607 3574 ejus,
619 3521 808 3574 sanctorumque
820 3513 924 3563 aliorum
939 3514 1050 3577 reliquiis
1062 3516 1097 3561 sic
1109 3516 1161 3577 agit
1172 3514 1330 3563 Malmesbd.

232 3582 269 3630 iii.
280 3583 310 3630 de
321 3581 396 3643 gestis
407 3579 497 3628 Pontii.
510 3595 533 3641 p.
546 3589 600 3640 154.
611 3578 634 3626 b,
647 3578 693 3625 Ed·
705 3578 784 3625 lond.
817 3577 924 3626 Inventa
934 3586 993 3627 sunt
1003 3580 1109 3637 molta,
1122 3578 1146 3626 id
1158 3586 1202 3639 cst,
1214 3586 1271 3627 ante
1283 3578 1332 3626 ini-

233 3648 295 3695 tium
307 3646 381 3694 seculi
393 3645 437 3700 xii.
450 3651 475 3692 et
485 3647 512 3691 in
523 3645 683 3691 eminentium
694 3645 769 3702 elatu,
780 3652 921 3691 sanctorum
933 3658 1044 3705 emera,
1054 3644 1189 3691 Prumuini
1199 3659 1246 3705 ep„
1259 3643 1331 3691 Osuii

232 3714 310 3773 regis,
322 3717 347 3758 et
358 3709 472 3773 AEb‘icdae
480 3708 542 3769 filia
558 3706 619 3769 ejus,
630 3722 685 3769 quoe
701 3709 780 3755 cidon
796 3710 944 3756 nwnmtesio
956 3714 1014 3769 post
1026 3708 1131 3755 Hildum
1143 3708 1266 3770 profuit.-
1283 3723 1331 3755 ccc

232 3791 282 3823 non
292 3777 395 3824 stillim
405 3776 520 3821 monachi
530 3787 602 3837 quem
613 3772 708 3820 Divino
719 3786 823 3819 munere
832 3773 962 3819 scientiam
974 3779 1063 3820 cantus
1074 3776 1195 3834 accepisse
1205 3772 1279 3821 Beda
1289 3788 1330 3819 re-

228 3840 292 3902 fert.
322 3840 397 3900 Cujus
407 3854 457 3886 non
462 3837 545 3900 fluisse
554 3838 623 3898 opud
628 3836 713 3884 Deum
721 3838 842 3897 populare
849 3837 975 3893 metitum,
988 3837 1110 3885 miracula
1121 3838 1190 3884 modo
1201 3839 1290 3895 multu,
1300 3843 1330 3885 ut

228 3903 330 3966 serunt,
339 3918 444 3965 superae
454 3904 559 3949 demisso
563 3902 723 3963 protendunt
733 3902 861 3949 iudicium.

275 3968 442 4028 consignatus
458 3972 496 4013 est
511 3966 583 4027 hujus
599 3964 678 4013 sancti
693 3964 784 4013 natalis
799 3964 826 4012 in
839 3964 1016 4029 Martyrologio
1027 3964 1166 4029 anglicano
1176 3964 1217 4014 dic
1227 3978 1257 4013 xi
1271 3964 1329 4014 Feb.

233 4031 304 4080 Licet
316 4032 390 4093 Hugo
401 4030 535 4080 Menardns
547 4030 586 4078 die
598 4042 616 4076 x
629 4029 685 4077 Feb·
697 4029 814 4079 retulerit

267 4097 405 4145 Recensum
413 4110 469 4143 cum
481 4093 577 4142 Balaam
587 4100 651 4141 cent
663 4107 685 4141 r.
696 4101 722 4141 et
733 4094 835 4142 Pitsaeus
846 4101 917 4142 utute
930 4104 942 4155 7
955 4093 1019 4141 inter
1029 4094 1137 4143 illustres
1147 4094 1247 4156 Angliae
1255 4093 1330 4156 scrip·

234 4167 315 4209 torena
332 4160 373 4208 scd
385 4160 411 4206 in
422 4160 469 4207 boc
479 4159 552 4206 ambo
562 4158 751 4220 hallucinantur,
763 4159 828 4220 quod
840 4160 980 4207 dormiendo
991 4160 1075 4206 diuina
1087 4162 1264 4220 pronuntiasse
1274 4174 1330 4205 car·

234 4229 304 4273 ruina
315 4225 427 4280 tradant,
439 4237 494 4285 qua·
504 4225 638 4284 vigilantes
648 4224 750 4285 quidum
765 4239 797 4271 ec:
813 4218 866 4285 qius
882 4238 924 4270 ore
939 4223 1118 4285 scriptitabant.
1154 4224 1182 4271 ld
1193 4223 1260 4271 enim
1270 4236 1329 4271 vero

234 4288 304 4337 Beda
314 4303 364 4335 non
376 4287 469 4336 scribit
503 4288 541 4335 De
551 4288 598 4335 hoc
609 4287 740 4335 Coedmone
750 4287 806 4335 vide
822 4288 892 4349 plura
908 4288 939 4337 ad
949 4288 1117 4347 Parsphrasim
1129 4288 1286 4336 Saxonicum.
1304 4288 1329 4335 S.

234 4354 274 4401 De
291 4351 421 4400 Coedmonc
432 4352 480 4400 vid.
492 4351 590 4399 Tumer
603 4351 669 4399 Hist-
681 4352 815 4413 Anglosax.
829 4352 862 4399 ix.
879 4366 901 4413 3.
915 4352 957 4414 qui
974 4351 1008 4399 ibi
1024 4351 1169 4400 senteutiam
1187 4366 1256 4399 susm
1274 4365 1329 4413 pro·

236 4418 293 4475 fert,
305 4415 415 4463 carmina
425 4416 469 4463 ills
478 4415 616 4463 Cadmonis
627 4415 727 4463 nomine
737 4416 836 4479 vulgata
850 4431 934 4467 revera
946 4430 999 4466 asse
1015 4414 1086 4477 hujus
1097 4415 1173 4478 ipsius
1184 4415 1331 4474 Cadmonis,

235 4482 267 4529 de
277 4496 326 4543 qua
337 4495 363 4528 re
374 4480 548 4528 dubitaverunt
560 4478 679 4527 nonnulli,
