3100 5125
88 306 189 355 -22.
491 288 656 352 GENTIS
679 286 949 353 ANcLORUM.
1222 286 1266 354 39

170 439 355 503 Ravennam
368 460 427 524 pro
442 462 521 538 paee
533 440 751 505 Armoricanae
766 441 871 527 gentis
883 440 1116 541 supplicaturus
1125 440 1265 519 advenit,

170 524 277 609 ibique
291 547 312 588 a
327 525 614 603 Valent1nian0,et
634 527 778 591 Placidia
800 534 904 591 matre
924 525 1023 611 ipsius
1043 547 1166 589 summa
1179 547 1266 590 rere-

170 610 275 673 rentia
289 616 464 694 susceptus,
480 612 629 697 migravit
643 613 686 676 ad
701 612 873 677 Christum.
918 612 1016 696 (injus
1035 632 1149 696 corpus
1169 612 1267 675 hono-

131 720 163 754 ιο
171 695 259 759 rifico
280 695 406 780 agmine
428 696 655 761 comitantibus
668 698 824 761 virtutum
843 696 1001 797 operibus,
1021 718 1112 759 suam
1126 696 1269 760 defertur

170 781 213 846 ad
231 782 353 845 urbem.
397 778 464 845 Nec
485 782 586 847 multo
608 790 682 866 post
705 782 950 849 Valentinianus
972 784 1013 847 ab
1032 782 1122 846 Attii
1141 780 1268 866 patricii

170 888 266 950 quem
279 866 441 931 occiderat
454 867 645 933 satellitibus
659 868 862 946 interimitur,
875 890 959 933 anno
974 867 1098 953 imperii
1111 866 1268 933 Marciani
1281 880 1428 945 [amase]
1518 910 1519 915 .

171 958 271 1028 sexto,
287 974 360 1015 cum
374 974 438 1037 quo
452 951 544 1015 simul
558 953 739 1038 hesperium
753 954 892 1018 concidit
905 975 1048 1038 regnum.

592 1152 700 1217 cAP.
723 1153 846 1216 XXII.

175 1273 211 1329 Ut
232 1273 372 1329 Brittones
393 1274 587 1347 quiescentibus
604 1275 641 1329 ad
660 1282 763 1349 tempus
781 1274 891 1337 calais,
908 1273 1030 1330 civilitas
1044 1291 1101 1328 sese
1115 1272 1193 1329 bellis
1207 1291 1268 1329 con-

130 1371 161 1420 ²5
335 1354 471 1418 triverim,
485 1355 605 1410 simulet
619 1355 765 1427 majoritas
772 1355 892 1430 flaqitiis
905 1354 1105 1410 subuerterint.

217 1463 351 1526 Iurnnna
371 1462 555 1527 uBrittania
575 1471 733 1527 cessatum
748 1464 876 1547 quidem
896 1470 945 1528 est
966 1485 1136 1548 parumper
1155 1465 1197 1528 ab
1215 1476 1395 1556 ex-ltqtuct.

171 1548 280 1625 ternis,
310 1549 367 1611 sed
395 1570 459 1611 non
487 1571 508 1611 a
538 1548 679 1611 civilibus
711 1549 810 1613 bellis.
871 1550 1049 1613 Manebant
1081 1548 1269 1615 extenninia
1277 1542 1342 1590 '¹¹¹²

171 1633 336 1697 civitatum
367 1634 410 1697 ab
439 1634 532 1696 hoste
561 1634 739 1698 dirutarum
775 1656 813 1697 ac
844 1635 1051 1711 desertarum,
1081 1636 1268 1719 pugnabant

171 1726 305 1781 ¹contra
327 1718 460 1781 invicem
485 1718 540 1802 qui
565 1719 689 1782 hostem
714 1727 882 1785 evaserant
905 1720 997 1783 cives.
1042 1720 1199 1784 Attamen
1220 1742 1268 1784 re-

171 1810 263 1867 cente
281 1803 385 1866 adbuc
405 1803 557 1868 memoria
574 1803 766 1868 calamitatis
785 1812 820 1868 et
838 1805 936 1869 cladis
953 1804 1080 1869 inflictae
1099 1806 1269 1871 servabant

130 1917 164 1964 30
171 1895 341 1972 utcumque
356 1910 455 1972 reges,
471 1889 662 1965 sacerdotes,
674 1889 798 1973 privati,
815 1898 849 1953 et
863 1890 1034 1974 optimates
1048 1912 1140 1953 suum
1155 1889 1269 1973 quique

171 1973 324 2036 ordinem.
368 1974 417 2037 At
438 1974 498 2036 illis
520 1974 754 2050 decedentibus,
775 1996 857 2037 cum.
869 1974 1069 2040 successisset
1089 1982 1170 2039 aetas
1190 1982 1269 2039 tem-

170 2058 306 2142 pestatis
328 2057 411 2121 illius
432 2059 547 2136 nescia,
570 2065 604 2122 et
624 2059 791 2144 praesentis
817 2061 917 2123 solum
943 2060 1124 2126 serenitatis
1149 2067 1270 2125 statum

172 2149 313 2227 experta,
330 2144 376 2206 ita
391 2151 507 2208 cuncta
520 2144 665 2208 veritatis
679 2167 717 2208 ao
737 2145 870 2229 justitiae
889 2146 1105 2209 moderamina
1119 2168 1271 2210 concussa

171 2250 209 2293 ac
231 2229 383 2293 subversa
402 2236 486 2306 sunt,
502 2237 540 2293 ut
561 2252 670 2293 earum
690 2251 754 2293 non
769 2230 872 2294 dicam
887 2230 1062 2317 vestigium,
1079 2232 1135 2295 sed
1153 2253 1192 2294 ne
1206 2253 1269 2294 me

170 2314 273 2377 moria
290 2313 426 2398 quidem,
442 2322 581 2398 tpraemr
602 2314 635 2376 in
657 2315 775 2399 paucis,
793 2323 827 2380 et
848 2317 939 2380 valde
960 2317 1069 2400 paucis
1088 2317 1152 2380 ulla
1172 2339 1269 2401 appa·

172 2405 268 2462 reret.
314 2399 395 2479 zQui
419 2399 503 2463 inter
528 2400 591 2463 alia
612 2399 870 2464 inenarrabilium
899 2402 1051 2466 scelerum
1075 2404 1170 2479 facta,
1198 2423 1268 2486 quae

129 2483 341 2555 sshmtodcus
364 2506 474 2547 eorum
497 2485 630 2548 aeildus
657 2485 754 2548 flebili
785 2508 928 2551 sermone
957 2488 1116 2565 describit,
1147 2495 1180 2553 et
1209 2488 1372 2551 hoccildaa

172 2570 365 2646 baddebant,
382 2577 419 2634 ut
433 2593 595 2655 nunquam
608 2571 697 2655 genti
713 2573 875 2636 Saxonum
890 2573 955 2637 sive
972 2575 1150 2659 Anglorum
1164 2595 1270 2637 secum

173 2655 367 2720 Brittaniam
388 2656 547 2734 incolenti,
562 2658 693 2720 verbum
706 2657 781 2720 fidei
800 2659 1002 2741 praedicando
1025 2660 1269 2722 committerent.

173 2741 238 2804 Sed
259 2763 323 2802 non
342 2747 451 2806 tamen
471 2741 578 2806 divina
598 2741 703 2826 pietas
724 2743 849 2826 plebem
871 2765 969 2820 suam,
986 2766 1081 2828 quam
1102 2743 1271 2829 praescivit

205 2911 223 2940 ¹¹
233 2903 370 2948 Brittania
380 2900 412 2959 V,
425 2903 452 2948 in
464 2900 604 2949 Britannia
614 2901 679 2960 V.G,
695 2901 800 2949 Interim
812 2901 952 2949 Britannia
965 2903 993 2951 L.
1077 2915 1093 2944 ¹
1105 2911 1229 2952 contram
1240 2906 1270 2953 G.

172 2973 363 3027 spreterqaam
375 2965 405 3012 V.
504 2975 517 3004 ²
529 2965 601 3030 ‚Quin
611 2965 675 3012 V.G.
774 2977 790 3006 ⁸
804 2967 891 3015 Gustus
902 2967 964 3015 V.G.
1062 2970 1077 3008 b
1089 2969 1196 3017 addebat
1207 2970 1237 3018 V.

172 3118 230 3166 435,
243 3103 304 3151 ulter
321 3103 461 3152 muscentii
477 3112 503 3151 et
518 3104 591 3152 Beda
602 3105 633 3152 ab
644 3121 666 3153 a.
676 3104 725 3168 446
737 3107 767 3153 ad
779 3121 801 3153 a.
813 3119 872 3168 453,
884 3120 925 3152 seu
943 3105 1047 3153 cimiter.
1092 3106 1200 3170 Uterque
1215 3121 1272 3155 suos

172 3169 246 3216 babet
257 3169 334 3216 nodos
344 3168 432 3228 quibus
442 3168 590 3216 extricandis
601 3185 684 3229 parem
696 3170 814 3218 hacoenus
825 3171 907 3217 inveni
921 3170 1050 3218 neminem.
1066 3171 1092 3218 S.

207 3232 285 3279 (ΑΡ.
300 3231 355 3278 XX
357 3231 405 3293 [1.]
420 3234 459 3280 De
470 3234 508 3279 bis
519 3233 573 3280 ride
585 3233 692 3294 Gildam,
704 3241 762 3282 sect.
774 3235 843 3282 xxvi.
867 3235 904 3282 Ibi
915 3235 956 3282 ille
965 3235 1042 3282 multa
1051 3235 1134 3295 paucis
1143 3237 1272 3294 conclusit,

172 3304 199 3344 et
208 3296 332 3343 bismrieoe
342 3297 430 3357 Operis
441 3298 505 3357 parti
516 3297 589 3344 finem
601 3298 723 3358 imposuit.
755 3299 849 3346 Exinde
861 3300 970 3359 procedit
980 3300 1009 3346 ad
1022 3314 1090 3360 reges
1101 3307 1127 3347 et
1137 3302 1274 3349 sacerdotes

173 3361 338 3422 populumque
348 3360 401 3421 ιήιιι
412 3361 527 3421 temporis
539 3361 707 3421 increpandos.
742 3363 776 3410 Ut
788 3378 837 3410 non
850 3379 947 3410 neccsse
957 3364 1052 3424 quidem
1068 3364 1140 3412 firedt
1152 3365 1223 3412 Beda
1234 3365 1273 3412 ul-

173 3426 264 3472 teriora
274 3425 388 3481 cumina,
400 3426 520 3487 evangelii
534 3440 620 3486 nempe
631 3427 796 3474 detentionem
808 3427 858 3474 illis
868 3428 998 3487 imputare.
1033 3427 1080 3475 Sed
1094 3443 1137 3477 aec
1149 3437 1230 3476 tamen
1247 3431 1273 3476 id

173 3490 260 3536 fecisse
280 3489 371 3536 Βοιίιιιιι
388 3490 531 3537 crediderim
549 3491 614 3550 quod
630 3490 758 3538 historicus
775 3499 840 3538 esset
856 3493 1001 3550 Saxonicum,
1017 3501 1045 3540 ιιι
1061 3493 1158 3553 quidum
1177 3494 1272 3551 volunt,

174 3569 231 3600 uam
244 3553 373 3600 historicus
385 3554 523 3601 Brittonum
536 3554 621 3601 Gildas
632 3554 698 3615 genti
710 3571 760 3602 sua
769 3556 795 3602 in
807 3571 836 3602 eo
849 3571 897 3602 non
910 3558 1023 3617 pepercit.
1057 3557 1136 3605 Facile
1148 3557 1273 3606 Brittones

173 3625 302 3665 excusatos
312 3617 386 3664 velim
398 3619 461 3679 qnod
474 3619 611 3665 saxonibus
622 3618 729 3666 inimicis
740 3620 892 3680 evangelium
909 3636 956 3666 non
976 3620 1144 3682 predicarent,
1159 3623 1200 3669 sed
1216 3637 1271 3669 eum

175 3681 312 3742 neglectum
330 3695 379 3728 non
397 3683 462 3729 Beda
479 3683 546 3729 solus
563 3683 667 3739 notavit,
685 3683 818 3744 Gregorius
836 3699 898 3744 papa
914 3686 938 3731 id
956 3685 1074 3746 queritur,
1087 3700 1135 3732 non
1151 3685 1229 3733 solum
1243 3687 1273 3734 de

175 3744 337 3800 Brittonibus,
350 3746 391 3792 sed
403 3746 477 3793 etiam
490 3747 520 3794 de
532 3746 610 3793 Gallis
624 3747 714 3808 [Epist.
726 3748 758 3794 ri.
771 3749 813 3808 58,
827 3748 880 3812 59].
906 3749 977 3796 Liber
989 3749 1067 3797 Gilda
1079 3757 1116 3796 est
1126 3751 1156 3797 dc
1168 3751 1273 3798 Excidio

173 3809 319 3866 Brittania,
324 3809 384 3856 satis
390 3810 462 3858 bodie
470 3820 549 3858 notus.
558 3811 643 3857 Gildas
649 3812 788 3859 auctoriam
796 3813 1012 3874 ignoraturmimia
1019 3813 1111 3861 scilicet
1117 3813 1273 3862 distinctione

172 3873 282 3920 obrutus.
307 3874 418 3921 Hinctot
429 3875 586 3935 cognomina,
597 3875 725 3931 Albanius,
736 3877 849 3936 Sapiens,
861 3878 1006 3933 Budenicus,
1016 3877 1163 3934 Historiam,
1172 3892 1226 3924 cum
1237 3893 1274 3926 re«

174 3952 232 3985 vera
243 3952 307 3984 rinus
318 3945 356 3984 est
366 3938 478 3999 idemque
489 3939 589 3986 Gildas:
609 3939 679 4000 cuijus
688 3947 784 3988 atatem
798 3941 871 3989 babes
883 3957 955 4002 supra
966 3957 1017 4001 cap.
1030 3941 1075 4000 163
1093 3941 1219 3989 historiam
1232 3957 1274 4003 per

174 4017 289 4062 magnam
299 4002 422 4062 hucusque
432 4002 504 4062 hujus
515 4003 585 4049 Beda
593 4003 673 4062 operis
682 4011 784 4064 partem.
793 4006 818 4052 S.
836 4006 927 4052 Contra
935 4013 1015 4053 autem
1024 4005 1137 4053 Usserius
1143 4006 1274 4055 discrimen

173 4065 256 4126 posmt
268 4065 333 4113 inter
343 4066 441 4113 Gildam
454 4067 584 4114 Albaniam
596 4075 621 4114 ct
632 4068 729 4114 Gildam
744 4069 901 4117 Budenicum.
928 4070 982 4117 Vid.
995 4071 1057 4118 Brit.
1070 4070 1137 4117 Eccl.
1149 4073 1209 4119 Ant.
1221 4070 1274 4119 xiii.

173 4130 240 4178 'l'um
261 4130 397 4177 O‘Connor
414 4130 519 4178 affirmat
536 4131 616 4191 plures
632 4132 707 4187 tuisse
723 4133 798 4179 variis
818 4134 967 4193 temporibus
983 4134 1084 4193 Gildas3
1109 4149 1164 4182 cunr
1184 4150 1274 4184 nomen

177 4194 266 4241 Gildas
278 4195 338 4241 nibil
352 4195 385 4242 sit
399 4195 447 4242 uisi
459 4209 508 4242 vox
520 4195 654 4243 Hibernica
665 4211 719 4257 quta
730 4212 796 4244 nunc
812 4198 887 4244 Gilda
902 4213 966 4246 nunc
982 4199 1049 4246 Gillo
1061 4197 1175 4246 scribitur
1190 4199 1275 4262 (vulgo

177 4258 256 4319 cury)
273 4257 343 4319 cujas
353 4259 501 4320 significatio
516 4266 554 4306 est
564 4259 681 4320 samalus
688 4281 697 4312 ,-
715 4262 895 4322 exemplarem
908 4277 1036 4311 numerosa
1051 4264 1077 4310 in
1093 4264 1217 4312 chronicis
1229 4264 1275 4312 Hi-

173 4322 280 4369 hernicis
301 4324 411 4384 reperiri,
433 4323 518 4384 qualia
538 4330 597 4370 suut
621 4325 689 4372 Gillo
713 4327 796 4372 curte
815 4333 840 4374 et
865 4327 933 4374 Gilla
954 4327 1039 4375 Malre
1061 4326 1179 4390 (Mariae).
1218 4329 1274 4377 Vid.

172 4386 312 4435 O‘Connor
329 4388 420 4435 llemm
439 4387 564 4435 Hibemic.
584 4388 729 4448 Scriptura,
747 4405 770 4437 v.
787 4405 807 4439 ι.
828 4391 923 4454 proleg.
945 4405 983 4441 11.
1000 4392 1074 4442 xxvii.
1109 4393 1181 4443 eous.
1200 4393 1276 4442 etlam

174 4451 312 4500 Sterenson
324 4452 354 4500 ud
366 4452 444 4500 Gilda
455 4451 538 4500 Vitam
549 4459 574 4501 ct
583 4451 674 4513 Opera.
