3100 5125
281 351 346 417 136
608 353 846 418 HISTORIAE
870 351 1046 419 EOOLES.
1320 354 1386 443 Ill.
1405 372 1448 418 12.
1531 395 1532 398 =

279 504 363 570 didit
384 505 418 568 in
439 503 586 590 capsella,
609 511 643 569 et
664 505 770 570 rediit.
824 506 1002 570 Transacto
1024 511 1133 569 autem
1154 510 1298 589 tempore
1320 505 1376 569 ali-

279 598 409 676 quanto,
433 613 505 655 cum
530 597 615 655 esset
640 591 673 654 in
701 612 759 655 suo
788 592 991 669 monasterio,
1017 591 1105 655 venit
1135 590 1215 654 sillic
1246 591 1377 676 quidam

279 677 404 761 hospes,
417 676 471 762 qui
486 677 608 741 solebat
621 677 787 741 nocturnis
797 677 913 763 saepius
927 677 1014 741 horis
1025 682 1156 762 repente
1167 678 1209 740 ab
1224 676 1377 739 inmundo
1386 709 1417 754 4⁰

281 762 396 849 spiritu
417 762 602 862 gravissime
616 762 742 826 vexari:
775 763 925 849 quicum
950 762 1086 848 benigne
1111 768 1279 847 susceptus
1302 769 1378 847 post

282 871 407 914 coenam
421 871 455 912 m
469 849 553 913 lecte
570 849 713 913 membra
752 849 897 926 osuisset,
914 849 1022 913 subito
1036 872 1056 912 a
1071 848 1198 912 diabolo
1217 855 1376 933 arreptus,

280 935 448 1012 sclamare,
478 933 628 998 dentibus
655 871 812 1008 frendere,
838 955 995 1020 spumare,
1020 941 1053 998 et
1076 933 1211 998 diversis
1237 933 1378 997 motibus

281 1020 382 1107 coepit
409 1021 553 1084 membra
581 1025 739 1105 torquere.
785 1019 927 1104 Cumque
955 1043 976 1084 a
1005 1020 1091 1084 nullo
1120 1020 1168 1084 vel
1197 1019 1300 1083 teneri
1329 1020 1378 1083 vel

280 1107 373 1192 ligari
393 1106 559 1193 potuisset,
575 1105 716 1169 cucurrit
732 1105 886 1183 minister,
902 1112 936 1170 ct
953 1107 1082 1191 pulsans
1099 1107 1142 1169 ad
1156 1105 1283 1182 ostium,
1299 1127 1378 1168 nun-

282 1192 379 1258 ciavit
392 1192 575 1256 abbatissae.
619 1190 736 1255 Atilia
752 1191 898 1276 aperiens
914 1192 1046 1276 januam
1067 1189 1261 1268 monasterii,
1278 1191 1379 1255 exivit

281 1280 352 1364 ipsa
366 1300 439 1342 cum
453 1299 517 1342 una
531 1276 819 1341 sanctimonialium
833 1277 1022 1341 feminarum
1036 1276 1079 1340 ad
1098 1277 1201 1340 locum
1215 1276 1354 1339 virorum
1365 1303 1374 1351 ;
1386 1305 1416 1353 45

281 1372 316 1429 et
339 1386 473 1428 evocans
492 1364 721 1449 presbyterum,
737 1363 864 1448 rogavit
882 1385 989 1428 secum
1004 1361 1111 1427 venire
1128 1363 1170 1426 ad
1190 1362 1376 1461 patientem.

282 1449 351 1514 Ubi
380 1471 451 1512 cum
475 1448 636 1513 venientes
664 1447 809 1513 viderent
834 1448 951 1512 multos
979 1448 1118 1512 adfuisse
1148 1471 1202 1532 qm
1227 1454 1378 1512 vexatum

281 1543 392 1600 tenere
411 1542 445 1599 et
463 1541 570 1598 motus
589 1534 657 1618 ejus
676 1533 805 1597 insanos
820 1535 1027 1619 comprimere
1043 1534 1160 1612 conati,
1176 1555 1378 1619 nequaqnam

282 1622 439 1698 valebant,
463 1620 590 1683 dicebat
609 1620 776 1704 presbyter
795 1619 1020 1696 hexorcismos,
1036 1626 1070 1683 et
1085 1619 1229 1704 iquaeque
1249 1625 1379 1704 poterat

282 1729 341 1794 pro
367 1707 507 1770 sedando
531 1705 637 1767 miseri
660 1705 767 1768 furore
790 1706 917 1790 agebat.
963 1704 1026 1769 Sed
1049 1727 1107 1770 nec
1133 1705 1209 1790 ipse,
1235 1705 1447 1796 quamvis115

236 1805 249 1831 ’
282 1793 417 1858 multum
445 1792 603 1867 laborans,
634 1790 786 1875 proficere
814 1790 934 1875 aliquid
963 1791 1099 1855 valebat.
1159 1790 1301 1876 Oumque
1335 1791 1380 1852 nil
1529 1779 1533 1910 1

283 1877 395 1943 salutis
417 1877 536 1942 menti
558 1899 595 1939 su
618 1897 721 1939 eresse
741 1876 912 1953 videretur,
927 1883 1059 1961 repente
1073 1876 1161 1940 venit
1184 1877 1217 1938 in
1241 1883 1381 1940 mentem

283 1963 455 2028 abbatissae
470 1962 572 2047 pulvis
586 1899 638 2023 ille
652 1961 813 2046 praelatus,
829 1963 1003 2047 statimque
1018 1960 1114 2046 jussit
1129 1961 1176 2025 ire
1190 1961 1379 2040 ministram,

285 2055 319 2114 et
345 2047 513 2132 capsellam
536 2047 569 2109 in
589 2054 751 2132 quaerat,
779 2047 946 2111 adducere.
992 2047 1038 2111 Et
1062 2070 1134 2111 cum
1158 2047 1211 2112 illa
1234 2047 1381 2111 adferens

307 2156 356 2197 uae
372 2135 462 2216 jussa
480 2139 537 2209 est,
561 2131 698 2196 intraret
717 2132 836 2196 atrium
859 2133 980 2210 domus,
1006 2133 1040 2196 in
1063 2135 1152 2218 cujus
1177 2133 1382 2197 interioribus

284 2157 496 2282 daemoniosus
522 2219 743 2303 torquebatur,
768 2218 924 2282 conticuit
951 2218 1003 2281 ille
1026 2219 1142 2297 subito,
1167 2225 1202 2282 et
1227 2218 1318 2303 quasi
1347 2219 1403 2286 ins

285 2325 430 2369 somnum
452 2304 579 2367 laxatus
598 2304 747 2388 deposuit
765 2310 872 2389 caput,
893 2305 1037 2368 membra
1059 2304 1092 2367 in
1112 2303 1252 2389 quietem
1275 2304 1383 2369 omnia

277 2388 469 2474 composuit.
514 2389 706 2454 Conticuere
721 2411 830 2452 omnes
845 2389 1022 2475 intentique
1037 2411 1094 2454 ora
1108 2392 1272 2468 tenebant,
1289 2411 1383 2476 quem

285 2497 337 2539 res
351 2474 473 2539 exitum
486 2475 620 2538 baberet
634 2474 759 2538 solliciti
773 2480 1008 2560 exspectantes.
1041 2475 1086 2539 Et
1100 2480 1175 2560 post
1185 2475 1384 2561 aliquantum

285 2563 373 2626 borae
395 2560 543 2646 spatium,
565 2559 685 2626 resedit
706 2559 760 2646 qui
774 2563 963 2639 vexabatur,
985 2567 1019 2626 et
1040 2561 1182 2647 graviter
1201 2561 1381 2647 suspirans:

286 2648 388 2726 Modo,
404 2648 517 2733 inquit,
530 2669 639 2711 ccccm
651 2648 749 2732 capio,
763 2648 860 2733 recepi
879 2648 959 2711 caim
974 2668 1091 2711 semma
1109 2649 1210 2711 aoimt
1223 2650 1290 2711 ma.
1335 2649 1384 2712 At

285 2733 329 2797 illi
344 2734 452 2798 sedulo
472 2732 722 2798 sciscitabantur
734 2734 893 2817 quomodo
915 2732 975 2798 hoc
994 2732 1191 2819 contigisset.
1236 2733 1298 2813 Qui
1315 2733 1381 2798 ait:
1396 2758 1424 2793 ιο

285 2823 367 2885 Mos
379 2830 413 2883 at
427 2820 513 2905 oirpo
526 2819 589 2882 lucc
609 2840 677 2881 cum
698 2818 830 2903 capsella
850 2840 941 2902 quam
953 2817 1108 2902 portabat,
1124 2819 1384 2905 adpropinquavit

285 2906 367 2969 atrio
388 2906 492 2969 demus
513 2905 609 2988 hujus,
626 2904 779 2968 discessere
799 2925 897 2967 omues
918 2905 971 2989 qut
993 2926 1039 2968 ma
1056 2904 1233 2986 premebant
1256 2906 1384 2989 spiritus

286 2990 424 3075 metipsi,
440 3001 466 3054 ct
487 3012 533 3053 mc
549 2990 652 3053 relicto
673 3011 822 3075 nusquam
844 3000 1084 3075 comparuerunt.
1129 2989 1220 3053 Tunc
1244 2990 1333 3054 dedit
1354 2990 1384 3053 ei

286 3074 451 3140 abbatisse
470 3074 704 3161 portiunculam
718 3076 759 3138 de
779 3075 907 3159 pulvere
922 3074 994 3151 illo;
1019 3082 1053 3139 et
1074 3074 1120 3140 sic
1143 3075 1222 3141 data
1239 3076 1385 3140 oratione

286 3184 308 3226 a
321 3160 508 3245 presbytero
523 3158 608 3237 hillo,
619 3166 747 3223 noctem
758 3159 988 3246 quietissimam
1001 3158 1129 3225 lduxit:
1151 3183 1254 3246 neque
1264 3162 1385 3247 aliquid

288 3256 355 3310 exm
375 3267 414 3309 eo
433 3251 578 3345 tempore
596 3245 744 3309 nocturni
765 3245 893 3310 timoris
914 3252 972 3313 aut
986 3244 1163 3311 vexationis
1186 3248 1228 3311 ab
1252 3247 1386 3333 antiquo

287 3332 381 3395 hoste
395 3331 536 3417 pertulit.

727 3481 835 3547 OAP.
858 3481 943 3547 XII.
1398 3511 1425 3561 ¹⁵

462 3584 500 3643 Ut
512 3587 550 3643 cd
561 3587 677 3643 tumbam
690 3587 800 3660 &aaut
811 3588 942 3661 puerulus
956 3589 1081 3665 nesctre
1094 3596 1214 3647 curatus.

125 3706 272 3756 miraculum
333 3679 495 3749 Snonnurn
509 3681 623 3745 dehinc
632 3687 776 3765 tempore
786 3681 847 3745 fuit
856 3680 888 3744 in
901 3681 1013 3746 eodem
1027 3683 1221 3747 monasterio
1236 3682 1387 3769 puerulus

125 3777 152 3825 in
163 3774 234 3822 febri.
288 3765 418 3851 quidam
434 3767 529 3853 longo
543 3765 679 3830 febrium
693 3767 892 3831 incommodo
911 3768 1052 3853 graviter
1066 3776 1218 3833 vexatus:
1243 3769 1297 3853 qui
1313 3791 1386 3833 cum

287 3852 339 3915 die
353 3853 491 3937 quodam
505 3852 658 3917 sollicitus
672 3853 785 3916 horam
799 3852 988 3918 accessionis
1003 3860 1214 3940 exspectaret,
1226 3854 1387 3940 ingressus

286 3938 330 4002 ad
351 3960 424 4003 eum
439 3938 568 4023 quidam
590 3939 630 4001 de
650 3938 827 4002 fratribus:
858 3939 920 4014 Vis,
936 3938 1049 4023 inquit,
1065 3941 1109 4004 mi
1127 3951 1205 4018 oute,
1222 3942 1342 4004 doceam
1359 3950 1427 4005 icco

287 4024 430 4108 quomodo
445 4025 561 4089 cureris
581 4023 619 4088 ct
641 4024 744 4107 ⁰lujus
765 4024 899 4088 molestia
920 4023 1099 4109 languescis?
1144 4028 1268 4111 Samen
1288 4026 1386 4111 ioprc-

287 4109 357 4173 dcrc
378 4110 540 4189 ecclesiam,
557 4119 586 4175 ct
605 4110 745 4174 accedm
767 4108 813 4173 ad
833 4108 1001 4194 sepulcrum
1019 4111 1159 4189 Osuobti,
1174 4110 1219 4175 idi
1240 4110 1346 4187 reside,
1361 4120 1389 4175 cv

321 4263 333 4301 ί
339 4264 400 4310 illuc
409 4261 472 4310 V.G.
539 4273 555 4312 ε
566 4265 705 4311 inclamare
714 4262 778 4310 V.G.
844 4263 860 4301 h
873 4265 1036 4310 exorcismum
1047 4262 1078 4311 V.
1142 4262 1151 4302 ί
1163 4278 1316 4326 quoecunque
1327 4263 1390 4310 V.G.

287 4327 304 4366 k
317 4328 358 4373 illo
369 4342 419 4374 om.
430 4327 494 4375 V.G.
593 4329 683 4375 littam
694 4328 871 4389 minutorum
883 4327 913 4373 V.
925 4328 1101 4389 quietissimam
1113 4328 1182 4375 illum
1194 4329 1224 4375 G.
1324 4338 1345 4367 m
1357 4343 1390 4374 ex

289 4397 338 4438 toto
349 4394 466 4439 nocturni
478 4391 507 4438 V.
607 4403 622 4431 n
634 4407 651 4439 a
662 4393 691 4438 V.
790 4402 804 4431 0
816 4387 954 4453 brp'usmodt
966 4391 996 4440 V.
1094 4404 1109 4441 1³
1121 4408 1197 4452 surge
1206 4394 1297 4454 iuquit.

594 4537 616 4585 6.
634 4538 777 4585 Conticuere
788 4536 849 4598 &c.]
868 4537 935 4600 Virg.
949 4538 1006 4586 AEo.
1019 4538 1045 4586 ii.
1061 4554 1082 4587 ι.
