3100 5125
111 373 211 437 -κιρ,
517 312 682 425 onnus
705 339 976 448 suetonum.
1229 357 1306 429 era,

195 529 277 584 eum,
300 506 355 593 qui
377 509 528 573 cantandi
550 516 644 574 erant
664 509 769 594 periti,
793 509 1005 574 confluebant.
1051 508 1114 572 Sed
1135 514 1170 573 et
1190 507 1295 592 ipsum

195 616 253 678 per
266 593 338 657 loca
351 593 384 655 in
400 593 514 677 quibus
529 595 668 672 deceret,
684 595 777 660 multi
792 595 928 660 invitare
943 594 1110 658 curabant.
1136 620 1138 624 ·

155 711 190 756 40
241 679 315 763 Ipse
329 686 437 743 autem
457 686 592 764 exeepto
614 682 765 744 eantandi
780 681 829 746 vel
850 680 975 766 legendi
997 701 1136 754 munere,
1152 684 1186 743 et
1208 679 1436 744 aliudlnsuititi⁰

195 763 229 826 in
243 764 403 829 mandatis
417 766 459 828 ab
474 765 648 866 apostoliae
668 789 754 851 papa
767 772 946 865 aeceperat,
961 772 999 830 ut
1014 765 1104 850 eujus
1123 771 1207 828 esset
1220 764 1295 828 fidei
1304 750 1335 796 ‘¹⁰
1347 749 1401 798 ΜΕ·

197 848 376 934 Anglorum
402 851 542 927 eeoles1a‚
569 851 737 937 drhgenter
761 853 925 927 edisseret,
950 851 1147 936 Romamque
1170 847 1297 914 rediens

196 936 339 999 referret.
395 935 481 1000 Nam
509 943 543 1000 et
571 938 727 1020 synodum
754 936 842 1001 beati
871 959 962 1021 papae
994 935 1138 1011 Martini,
1169 942 1297 1000 eentum

198 1019 337 1105 quinque
359 1021 579 1105 episcoporum
605 1044 760 1086 consensu
782 1043 846 1085 non
867 1023 968 1086 multo
990 1028 1066 1086 ante
1082 1021 1193 1085 Bomae
1219 1021 1297 1085 eele-

197 1107 335 1183 bratam,
351 1113 465 1171 eontra
479 1129 534 1171 eos
548 1107 686 1172 maxime
701 1109 754 1192 qui
773 1125 870 1172 unam
889 1107 922 1171 in
938 1107 1066 1172 Ohristo
1081 1101 1298 1192 operationem

157 1214 192 1264 45
199 1197 233 1255 et
248 1192 444 1256 voluntatem
462 1192 692 1276 praedieabant‚
711 1216 818 1258 seeum
833 1194 961 1258 veniens
983 1192 1114 1267 attulit3
1145 1201 1243 1278 atque
1264 1192 1297 1255 in

123 1279 186 1344 162
198 1277 334 1361 praefate
348 1277 573 1362 religiosissimi
587 1279 715 1344 abbatis
730 1278 898 1344 Benedicti
919 1278 1112 1342 monasterio
1133 1277 1297 1342 transscri-

171 1363 336 1432 ¹bendam
365 1363 586 1427 commodavit.
643 1364 737 1428 Tales
766 1386 903 1448 namque
932 1386 969 1428 eo
998 1371 1151 1449 tempore,
1183 1363 1298 1428 bfidem

200 1447 562 1533 Constantinopolitanae
583 1449 722 1514 eoelesiae
744 1450 881 1514 multum
902 1451 1210 1534 coomurbaverunn
1242 1451 1299 1512 sed

200 1533 338 1596 Domino
352 1534 493 1598 donante
506 1535 626 1618 proditi
637 1536 797 1619 jamtuno
811 1542 845 1599 et
860 1535 935 1600 vieti
951 1543 1035 1599 sunt.
1081 1528 1177 1600 Unde
1191 1537 1298 1599 volens

200 1618 333 1704 Agatho
352 1641 446 1704 papa,
462 1619 546 1684 siout
566 1620 600 1683 in
619 1621 690 1684 aliis
710 1620 888 1705 provintiis,
905 1621 953 1685 ita
968 1620 1065 1686 etiam
1087 1620 1120 1684 in
1135 1620 1300 1686 Brittania

199 1703 302 1787 qualis
324 1711 408 1767 esset
430 1712 536 1769 status
558 1706 709 1782 eeclesiae‚
726 1729 822 1792 quam
843 1707 885 1771 ab
900 1706 1122 1774 hereticorum
1143 1705 1299 1792 eontagiis

175 1796 316 1868 sanstus,
329 1789 487 1863 ediseere;
512 1791 573 1854 hoe
588 1791 753 1876 negotium
767 1791 1020 1856 reverentissimo
1034 1791 1146 1856 abbati
1157 1792 1181 1855 J
1182 1790 1299 1856 ohanni

200 1874 395 1938 Brittaniam
409 1876 572 1941 destinato
586 1877 735 1961 injunxit.
781 1878 995 1959 Quamobrem
1014 1878 1146 1940 eolleota
1165 1899 1224 1961 pro
1239 1877 1299 1940 hoo

199 1961 233 2023 in
253 1960 416 2025 Brittania
438 1961 558 2045 synodo
582 1985 678 2046 quam
703 1963 849 2039 diximus,
872 1962 1002 2027 inventa
1025 1970 1075 2026 est
1101 1961 1134 2024 in
1153 1962 1300 2025 omnibus

199 2045 280 2192 fidpfs
295 2045 446 2110 inviolata
460 2047 637 2112 catholiea:
661 2048 835 2132 datumque
849 2047 894 2110 illi
909 2047 1070 2132 exemplar
1084 2045 1152 2132 ejus
1164 2048 1300 2112 Romam

269 2133 431 2194 erendum.

199 2153 369 2279 peVerum
388 2217 440 2280 ille
461 2218 601 2302 patriam
622 2224 793 2296 revertens,
809 2239 873 2282 non
895 2217 996 2282 multo
1017 2224 1188 2301 postquam
1209 2231 1432 2282 oeea-Jomnnn

162 2323 278 2371 renum
291 2302 431 2379 transiit,
446 2310 594 2387 arreptus
616 2303 812 2380 infirmitate,
828 2325 866 2368 ae
889 2303 1057 2367 defunctus
1079 2310 1148 2367 est:
1172 2296 1424 2388 eorpus-ctum·

201 2408 264 2470 que
289 2387 357 2470 ejus
382 2389 424 2450 ab
450 2386 561 2452 amicis
590 2395 723 2472 propter
747 2410 888 2452 amorem
917 2389 1021 2452 saneti
1048 2388 1184 2453 Martini
1211 2389 1300 2473 eujus
1308 2362 1397 2410 ⁰b¹‘⁰⁸'

175 2467 180 2476 ”
200 2472 395 2536 monasterio
431 2480 556 2550 raeerat,
573 2473 709 2537 Turonis
723 2474 874 2550 delatum,
890 2480 988 2558 atque
1008 2474 1179 2538 honorifiee
1199 2474 1300 2558 sepul-

201 2565 272 2621 tum
287 2564 346 2621 est.
422 2582 475 2623 am
490 2567 524 2623 et
538 2557 677 2645 benigno
698 2559 837 2623 ecelesiae
860 2558 942 2623 illius
964 2559 1112 2645 hospitio,
1128 2582 1199 2623 oum
1215 2559 1301 2623 Brit

202 2644 325 2707 taniam
344 2642 416 2722 iret,
432 2651 584 2729 exceptus
599 2652 658 2722 est,
673 2652 867 2730 rogatusque
887 2645 1023 2709 multum
1044 2668 1064 2708 a
1086 2644 1247 2721 fratribus,
1263 2652 1302 2709 ut

201 2728 339 2792 Romam
353 2737 524 2805 revertens,
536 2730 589 2793 illo
605 2729 718 2794 itinere
732 2730 864 2807 veniret,
875 2737 973 2815 atque
987 2730 1030 2794 ad
1045 2751 1115 2793 eam
1129 2729 1302 2793 diverteret

203 2813 378 2878 ecelesiam.
438 2814 584 2899 Denique
613 2815 731 2879 ibidem
760 2816 924 2900 adjutores
952 2815 1075 2879 itineris
1105 2822 1138 2878 et
1167 2814 1301 2899 injuneti

165 2933 193 2981 15
203 2900 308 2983 operis
322 2899 463 2984 aoeepit:
489 2900 542 2984 qui
561 2900 623 2965 etsi
644 2900 677 2962 in
699 2900 813 2964 itinere
836 2901 1003 2964 defunctus
1026 2907 1084 2978 est,
1100 2899 1302 2964 nihilominus

202 2986 383 3071 exemplum
405 2986 570 3050 eatholioae
595 2986 671 3049 fidei
694 2986 875 3084 Anglorum
900 2987 1035 3051 Romam
1059 2986 1217 3071 perlatum
1241 2991 1300 3062 est,

203 3077 301 3154 atque
318 3072 360 3134 ab
375 3071 548 3155 apestolieo
569 3094 654 3156 papa
674 3073 882 3157 omnibusque
905 3071 959 3156 qui
978 3072 1106 3137 audiere
1120 3071 1169 3135 vel
1188 3072 1301 3157 legere,

202 3156 441 3240 gratantissime
456 3165 647 3240 susceptum.

635 3316 661 3380 0
705 3316 744 3379 P.
769 3316 872 3380 XIX.

203 3416 244 3475 Ut
258 3418 423 3495 [adiutas
437 3421 530 3495 sepina
550 3420 628 3495 oirqo
646 3317 777 3496 pepetua
792 3419 1076 3495 permanaturam
1096 3436 1144 3475 nee
1165 3436 1262 3494 eorpus
1275 3420 1303 3474 in

524 3510 689 3557 monumento
703 3502 840 3575 corrumpi
848 3501 978 3575 potnerit.

164 3615 196 3650 πο
248 3595 381 3657 Aeonem
395 3602 504 3659 autem
519 3613 577 3657 rex
589 3591 719 3680 Eegfn'd
733 3596 899 3679 conjugem
913 3592 1039 3656 nomine
1049 3592 1301 3677 AEdiltlnydam
1313 3602 1462 3665 [nossa]

204 3679 304 3743 filiam
324 3680 422 3745 Anna
443 3678 527 3765 regis
542 3677 753 3745 Orientalium
768 3680 957 3765 Anglorum‚
972 3679 1062 3763 eujus
1084 3676 1199 3762 saepius
1216 3668 1465 3793 men'ffiiibiliiae

204 3763 325 3829 tionem
350 3766 489 3842 lenimus,
505 3766 564 3829 viri
588 3766 668 3829 bene
691 3764 839 3850 religiosi,
863 3786 901 3828 ae
927 3762 1114 3848 peremnia
1138 3769 1245 3825 mente
1268 3770 1303 3827 et
1311 3798 1447 3861 virginitas

205 3866 300 3934 opere
314 3851 450 3937 egregii:
475 3871 571 3936 quam
585 3857 619 3914 et
633 3851 716 3915 alter
729 3856 807 3915 ante
823 3849 911 3913 illum
926 3849 975 3912 vir
988 3849 1147 3912 habuerat
1161 3868 1301 3927 uxorem,

201 4002 204 4008 ‚
303 3972 319 4010 b
332 3972 609 4032 Constantinopolitano
619 3970 810 4032 eedmoestdem
821 3970 852 4018 V.
976 3980 989 4009 ο
1001 3969 1165 4017 turbaverant
1176 3968 1206 4015 V.

238 4082 430 4146 sarmitum]
460 4083 577 4144 syndus
598 4084 637 4131 lde
660 4098 704 4144 pro
725 4083 830 4144 epistole
850 4082 977 4145 synodica,
995 4082 1035 4130 vel
1057 4083 1154 4130 decreto
1176 4082 1303 4143 synodico,

206 4148 319 4209 ponitur3
340 4155 457 4210 tauquam
475 4144 608 4197 συνοδικόν.
641 4148 713 4197 Cous.
724 4148 782 4197 inlr.
796 4162 818 4195 v.
832 4162 868 4213 ¹9·
886 4149 956 4196 notio
969 4148 1057 4209 synodi
1073 4147 1127 4207 dn,
1143 4155 1169 4195 et
1179 4160 1253 4208 supra
1265 4157 1303 4209 η.

205 4214 505 4275 synodum-omninno.

239 4290 278 4327 πο.
290 4276 402 4338 Accepit]
422 4276 584 4339 AEdilthrydoe
599 4275 694 4323 obitum
712 4276 786 4325 refert
803 4276 892 4325 Chron.
904 4277 960 4323 Sex.
973 4275 1045 4323 an.
1058 4273 1114 4337 679.
1149 4274 1215 4323 Hinc
1232 4274 1304 4324 focile

203 4348 244 4390 est
259 4349 401 4402 computare
418 4348 528 4402 tempora
546 4354 626 4388 rerum
645 4355 699 4405 qute
713 4342 778 4389 Beda
796 4340 837 4389 hic
853 4342 883 4388 de
894 4355 923 4388 en
941 4346 1031 4387 narrat.
1066 4338 1194 4399 Higdenus
1208 4338 1303 4388 obitum

206 4406 366 4467 AEdilthrydoe
384 4407 454 4466 pouit
469 4408 499 4455 Α.
517 4402 624 4467 1).678,
642 4412 669 4461 et
686 4412 769 4455 nmen
784 4403 857 4517 §post
878 4404 1028 4453 Florertlum
1046 4402 1112 4465 vig.)
1134 4402 1187 4464 ejus
1206 4404 1306 4466 nuptias

205 4474 239 4517 Α.
248 4470 281 4518 l).
296 4468 355 4527 ⁶60,
372 4470 541 4520 fundationem
559 4483 617 4517 vero
627 4469 690 4531 Elge
701 4472 730 4519 A.
738 4471 770 4519 D.
802 4482 842 4531 73,
854 4483 904 4519 uuo
921 4482 987 4517 anno
998 4468 1092 4517 serium
1107 4483 1162 4530 qua
1178 4482 1229 4519 uon
1246 4484 1305 4519 eon·

207 4536 318 4583 veniunt.
334 4535 479 4598 Polychron.
491 4550 515 4597 p.
526 4532 582 4594 236,
591 4534 636 4581 &a
