3100 5125
272 328 275 332 ’
351 345 416 411 An
439 318 748 445 accensorum
771 344 1065 412 Anrrsrnmr.
1216 346 1281 417 aaa

179 495 251 557 tum
265 496 494 579 possmsionem
508 496 653 581 accipere
667 496 810 582 possint:
835 498 907 561 ideo
929 520 969 562 ue
984 502 1133 561 vacantes
1154 518 1192 561 ao
1214 496 1281 559 sine

180 581 338 679 conjugio,
362 588 475 645 exacto
500 589 643 665 ternpore
663 582 851 666 pubertatis,
875 521 960 647 nullo
980 581 1184 646 continentiae
1208 604 1280 665 pro-

181 672 286 749 posito
307 667 489 751 perdurent,
510 673 608 751 atque
629 668 710 731 hano
729 669 771 730 ob
791 690 858 731 ram
879 669 928 732 vel
949 668 1088 752 patriam
1110 688 1199 729 suam
1221 688 1280 751 pro

181 772 245 834 qua
266 751 403 815 militare
418 753 594 816 debuerant
615 759 706 816 trans
725 774 814 816 mare
833 754 986 818 abeuntes
1008 753 1207 835 relinquant;
1231 752 1279 816 val

180 836 302 920 majore
325 838 443 901 scelere
465 844 562 922 atque
585 838 792 922 impudentia,
816 838 869 922 qui
895 838 1093 923 propositum
1117 836 1279 901 castitatis

141 942 245 995 3onon
260 922 389 1000 habent,
405 924 538 987 luxuriae
552 944 591 987 ao
605 922 806 986 fornicationi
821 923 1011 1001 deserviant,
1026 945 1128 1008 neque
1145 924 1187 987 ab
1203 922 1279 1008 ipsis

180 1008 315 1071 sacratis
329 1008 400 1070 Deo
414 1006 587 1093 virginibus
602 1008 795 1073 abstineant.
1149 1050 1151 1053 -

225 1110 254 1173 7.
277 1092 327 1157 At
347 1093 401 1157 alii
423 1094 567 1179 graviore
588 1094 693 1157 adhuc
715 1092 849 1178 flagitio,
867 1116 964 1177 quum
986 1093 1051 1157 sint
1072 1092 1132 1177 ipsi
1154 1093 1227 1157 laici
1246 1098 1414 1161 attinente-

180 1178 295 1242 nullius
317 1178 392 1242 vitae
417 1178 570 1263 regularis
592 1178 641 1242 vel
666 1201 725 1242 usu
752 1179 912 1256 rexemiti,
936 1180 984 1243 vel
1009 1200 1117 1243 amore
1140 1179 1277 1263 praediti,
1288 1177 1324 1226 ‘³⁸
1334 1178 1410 1225 ¹⁸³00·

181 1263 259 1327 data
271 1263 399 1349 regibus
412 1264 555 1348 pecunia,
565 1270 676 1327 emunt
690 1264 751 1327 sibi
766 1263 824 1326 sub
840 1271 999 1348 praetextu
1014 1256 1350 1329 monasteriorum‘um'

180 1351 464 1412 construendorum
483 1349 646 1413 territoria
665 1349 826 1433 inquibus
849 1372 913 1413 suae
936 1350 1064 1413 liberius
1079 1356 1192 1414 vacant
1210 1349 1279 1413 libi·

180 1433 256 1511 dini,
272 1440 307 1497 et
320 1435 390 1497 haec
403 1433 531 1533 insuper
546 1434 578 1496 in
593 1437 646 1519 jus
661 1434 721 1498 sibi
740 1434 978 1499 haereditarium
994 1434 1106 1499 edictis
1121 1436 1279 1521 regalibus

137 1518 301 1591 35t⁴aciunt
326 1519 450 1598 ascribi,
475 1542 561 1604 rpsas
585 1541 710 1605 quoque
738 1520 863 1584 litteras
892 1520 1125 1605 privilegiorum
1151 1542 1281 1585 suorum

178 1606 271 1689 quasi
284 1606 442 1669 veraciter
457 1605 529 1669 Deo
548 1605 671 1690 dignas,
690 1605 884 1689 pontificum,
907 1607 1062 1670 abbatum
1084 1613 1118 1669 et
1139 1612 1279 1691 potesta

179 1696 249 1753 tum
265 1690 360 1754 seculi
373 1691 523 1754 obtinent
543 1690 773 1774 subscriptione
787 1692 976 1755 confirmari.
1022 1691 1135 1775 Sieque
1149 1714 1279 1777 usurpa

180 1775 224 1838 tis
250 1775 310 1838 sibi
333 1776 475 1860 agellulis
500 1776 565 1839 sive
589 1776 673 1854 vicis,
698 1776 789 1839 liberi
813 1776 928 1840 exinde
953 1800 974 1841 a
999 1775 1105 1840 divino
1129 1776 1222 1841 simul
1245 1786 1279 1843 et

180 1862 319 1925 humano
341 1860 479 1936 servitio,
497 1861 562 1924 suis
584 1868 713 1925 tantum
736 1861 814 1925 inibi
837 1862 998 1925 desideriis
1020 1862 1093 1926 laici
1115 1862 1279 1927 monachis

179 1946 373 2031 imperantes
397 1946 598 2010 deserviunt:
629 1946 693 2009 imo
718 1968 783 2009 non
807 1948 980 2011 monachos
1005 1947 1049 2010 ibi
1074 1955 1277 2033 congregant,

181 2032 238 2095 sed
258 2054 461 2116 quoscunque
482 2033 524 2094 ob
545 2031 670 2115 culpam
695 2032 917 2097 inobedientiae
939 2032 1021 2097 varis
1045 2034 1191 2117 expulsos
1212 2053 1279 2098 mo-

138 2117 328 2187 4onastariis
349 2118 466 2181 alicubi
479 2117 563 2180 forte
577 2119 764 2181 oberrantes
785 2117 972 2194 invenerint,
988 2125 1046 2181 aut
1060 2140 1191 2183 avocare
1212 2141 1278 2183 mo·

180 2202 328 2266 nasteriis
344 2203 405 2287 ipsi
419 2203 595 2277 valuerint3
620 2203 668 2266 vel
683 2210 770 2267 certe
785 2225 864 2287 quos
880 2204 939 2288 ipsi
955 2205 994 2266 da
1010 2204 1073 2267 suis
1088 2204 1279 2268 satellitibus

179 2288 222 2351 ad
237 2288 468 2372 suscipiendam
478 2295 643 2352 tonsuram
658 2288 813 2373 promissa
828 2289 888 2352 sibi
899 2289 1079 2353 obedientia
1092 2289 1279 2355 monachica

177 2374 313 2437 invitare
325 2372 491 2457 quiverint.
537 2374 824 2437 Horum-distortis
839 2375 1033 2452 cohortibus,
1050 2397 1124 2439 suas
1139 2396 1218 2458 quas
1232 2375 1278 2438 in-

178 2464 325 2522 struxere
349 2460 443 2523 cellas
468 2460 609 2543 implent,
636 2460 837 2543 multumque
861 2459 986 2523 informi
1011 2467 1109 2544 atque
1134 2460 1278 2525 inaudito

178 2545 370 2629 spectaculo,
394 2544 490 2609 iidem
511 2545 572 2631 ipsi
593 2545 651 2608 viri
673 2546 768 2608 modo
790 2545 932 2630 conjugis
954 2569 992 2610 ao
1014 2545 1185 2610 liberomm
1206 2568 1278 2631 pro-

137 2657 170 2706 45
180 2631 387 2694 creandorum
400 2653 510 2694 curam
523 2638 649 2716 gerunt,
664 2632 759 2694 modo
774 2637 964 2716 exurgentes
979 2632 1018 2694 de
1033 2632 1188 2695 cubilibus
1202 2633 1278 2718 quid

179 2715 266 2780 intra
280 2723 372 2801 septa
386 2717 650 2780 monasteriorum
670 2716 737 2815 geri
753 2716 878 2793 debeat,
895 2717 1003 2780 sedula
1018 2716 1194 2781 intentione
1208 2739 1278 2801 per-

180 2807 332 2864 tractant.
378 2802 463 2882 Quin
485 2803 605 2866 setiam
635 2824 701 2865 suis
729 2803 915 2887 conjugibus
943 2801 1035 2864 simili
1064 2802 1278 2886 imprudentia

179 2887 410 2964 construendis,
427 2894 464 2952 ut
483 2888 543 2972 ipsi
561 2888 661 2965 aiunt,
676 2887 877 2951 monasteriis
899 2888 968 2951 loca
990 2887 1189 2971 conquirunt,
1206 2910 1277 2973 quae

180 2971 250 3055 pari
265 2972 404 3036 stultitia
419 2995 490 3036 eum
508 2972 572 3037 sint
586 2973 684 3049 laicae‚
699 2973 889 3037 famularum
903 2995 936 3036 se
952 2970 1070 3036 Christi
1085 2974 1278 3057 permittunt

180 3079 249 3121 esse
265 3058 441 3121 rrectrices.
478 3059 600 3139 Quibus
615 3065 691 3142 apte
706 3059 853 3122 convenit
867 3058 944 3120 illud
958 3057 1041 3142 vulgi
1056 3059 1274 3142 proverbium:

181 3143 255 3226 quia
268 3165 370 3227 vespae
385 3144 474 3207 favos
483 3144 610 3228 quidem
624 3145 730 3208 facere
744 3165 816 3206 cum
830 3143 962 3227 possint,
978 3165 1042 3206 non
1057 3151 1165 3207 teman
1180 3145 1213 3208 in
1227 3144 1277 3208 his

138 3254 172 3299 50
179 3228 280 3304 mella,
297 3229 351 3291 sed
368 3229 474 3312 potius
488 3250 609 3293 venena
623 3229 846 3293 thesaurizent.

224 3313 277 3376 Sic
291 3335 350 3412 per
363 3335 463 3378 annos
478 3315 605 3378 circiter
618 3313 761 3398 triginta,
777 3314 837 3376 hoc
860 3321 918 3392 est,
938 3336 977 3378 ex
993 3337 1055 3398 quo
1071 3314 1199 3377 Aldfrid
1220 3337 1289 3378 rex·

101 3397 325 3481 310humanrs
339 3401 434 3464 rebus
448 3401 575 3464 ablatus
590 3406 649 3476 est,
665 3399 827 3483 provincia
845 3406 956 3464 nostra
970 3421 1086 3463 vesano
1102 3400 1154 3462 illo
1169 3421 1277 3469 erroro

406 3553 541 3600 rennuitii
553 3551 583 3598 V.
661 3553 753 3598 neuim
766 3552 796 3598 V.
878 3559 1006 3600 rrectores
1017 3553 1049 3600 V.

211 3697 250 3741 32.
261 3683 306 3729 sut
314 3687 438 3743 proterio
449 3682 639 3742 monasterium]
654 3682 726 3728 Cous.
736 3681 828 3743 Synod.
837 3681 947 3728 Clovesh.
961 3681 1020 3728 Can.
1032 3695 1054 3742 5.
1071 3684 1111 3728 De
1121 3681 1276 3729 monasteriis

178 3749 335 3794 secularium.
369 3747 466 3808 ,Quinto
477 3748 631 3807 disputatum
647 3753 683 3794 ert
700 3749 765 3793 loco:
783 3752 813 3792 ut
827 3747 931 3806 episcopi
947 3749 1106 3805 suenusterio,
1116 3748 1138 3792 si
1151 3753 1276 3793 temones

173 3810 220 3872 sos
231 3818 267 3858 est
276 3814 314 3858 itu
325 3812 528 3873 nominumque
538 3813 625 3871 utique
643 3811 790 3871 tenporibus
806 3812 860 3858 biis
871 3817 973 3871 propter
983 3812 1032 3856 vim
1049 3811 1175 3871 quondam
1186 3815 1275 3870 tyron·

178 3879 241 3922 nicoe
251 3877 373 3932 aventio,
382 3877 418 3921 od
426 3877 554 3935 religionis
565 3877 715 3923 Ceretano
729 3881 825 3920 statum
841 3876 984 3921 nullatenus
995 3875 1126 3920 immutari
1132 3875 1237 3936 possint,
1249 3877 1277 3922 id

179 3946 224 3995 eat,
235 3955 290 4002 qua
299 3954 316 3986 α
326 3939 487 3996 secutoribus,
499 3955 548 3986 non
565 3941 655 3985 divino
670 3941 763 3986 scilicet
774 3941 837 3998 legis
848 3939 1012 3996 ordinatione,
1024 3940 1068 3985 sed
1076 3941 1192 3985 nomano
1202 3940 1275 3986 adin-

178 4006 298 4051 emtionis
308 4009 500 4065 presumptione
515 4014 642 4065 ntcunque
655 4009 780 4061 tenentur,
793 4005 838 4051 &a
861 4003 980 4060 Wilklns,
996 4004 1012 4051 i.
1026 4017 1052 4063 p.
1065 4016 1105 4065 95.
1143 4003 1176 4050 Et
1191 4003 1275 4051 confer

178 4068 290 4115 Bouifoc.
303 4069 380 4129 Epist.
393 4069 423 4115 ad
440 4068 566 4116 Cuthbert.
578 4068 650 4115 intra.

209 4145 250 4194 51.
261 4134 380 4194 triginta]
403 4132 499 4180 Aldtrid
514 4148 556 4180 rex
574 4132 835 4194 Nordanhymbrorurn
847 4131 909 4179 obiit
921 4147 959 4178 an.
971 4143 1025 4192 705,
1037 4147 1092 4179 cum
1105 4146 1154 4192 quo
1169 4145 1235 4178 anno
1251 4132 1273 4178 si

177 4197 298 4244 calculum
309 4196 422 4257 incipias,
434 4198 573 4245 invenietur
588 4197 717 4256 epistolam
734 4197 798 4244 hanc
810 4197 885 4244 fuisse
900 4198 1015 4255 scriptam
1031 4210 1060 4243 eo
1075 4196 1129 4256 ipso
1139 4209 1214 4254 auno,
1225 4210 1274 4257 quo

177 4261 252 4308 Bada
262 4260 314 4308 vita
325 4263 423 4308 iunctus
434 4268 481 4317 est,
493 4277 533 4309 an.
545 4276 579 4309 sc.
591 4273 646 4323 734.
674 4263 713 4308 Its
724 4267 751 4307 ut
762 4262 812 4308 hec
823 4260 926 4321 epistola
937 4261 1054 4307 habeatur
1065 4267 1180 4321 tanquam
1194 4259 1274 4308 Baedae

175 4340 271 4388 cygnea
281 4326 378 4374 cantio:
398 4326 500 4388 ideoque
512 4327 600 4373 mirum
613 4341 661 4372 nou
673 4332 710 4373 est
721 4325 741 4372 si
754 4339 803 4372 uon
815 4332 883 4374 extet
898 4324 924 4372 in
936 4324 1045 4372 indiculo
1055 4339 1156 4386 operum
1168 4324 1199 4372 ab
1210 4325 1275 4385 ipso·

174 4397 228 4438 met
247 4390 376 4451 descripto.
400 4391 424 4438 S.
471 4392 517 4439 Sed
540 4391 703 4439 continuator
720 4390 834 4438 Ghronol.
859 4404 941 4449 supra,
965 4389 1042 4438 Baedae
1065 4396 1168 4437 mortem
1192 4390 1273 4450 posuit

176 4455 207 4502 A.
215 4454 247 4503 D.
258 4465 313 4517 735.
324 4456 390 4517 quod
401 4456 489 4505 melius
500 4471 555 4505 cum
567 4455 612 4504 hoc
624 4455 719 4504 calculo
731 4455 852 4502 conrenit.
882 4454 953 4502 Conf.
967 4453 1098 4516 Plor.Vig.
1132 4453 1192 4503 Sim.
1205 4454 1273 4503 Dun.

693 4585 789 4646 xxi
