3100 5125
359 290 424 354 AD
447 288 773 355 OUDBERTHUM
796 291 1082 359 ARCHIEPISO.
1213 294 1278 363 349

180 440 306 587 ”genia
337 442 383 507 Et
398 442 475 527 quid
489 443 518 507 ei
532 442 676 527 proderit
690 465 754 506 uon
768 443 874 528 puniri
889 465 956 519 suo,
970 444 1023 528 qui
1038 444 1217 529 puniendus
1228 450 1278 508 est

178 547 200 588 a
212 526 282 590 ‘eno
300 531 455 612 pacato?
499 528 767 594 Tuoiturnitatem
782 530 909 615 quidem
929 530 1103 595 saeerdotis
1123 529 1278 594 Dominus

179 611 223 675 ad
245 612 442 678 Ezeehielem
461 614 594 700 loquens
615 614 802 678 terribiliter
820 614 977 699 prohibet
993 622 1027 679 et
1049 637 1065 678 s
1105 615 1282 680 eulatorem.

138 699 380 777 30saoerdotem
392 699 595 785 appellitant
612 699 694 764 siout
713 700 920 785 speculatoris
938 708 988 765 est
1008 700 1048 765 de
1076 723 1133 765 oeo
1149 700 1280 768 xaltiori

178 784 250 867 plue
264 784 411 849 omnibus
425 785 649 870 contemplari:
673 786 721 850 ita
735 786 885 851 sacerdos
900 786 995 852 debet
1010 808 1079 850 esse
1093 786 1279 850 meritorum

178 870 373 935 subtimitate
394 871 515 948 oelsior,
538 878 573 935 et
593 872 723 956 majoris
744 871 884 937 soieutiae
907 872 1024 935 habere
1045 872 1194 957 gratiam,
1215 892 1279 957 qua

177 956 279 1037 possit
300 962 434 1021 aaaron
453 957 620 1021 instruere.
663 957 814 1033 Audiens,
830 957 933 1040 iuquit
948 957 1072 1023 divinus
1087 978 1199 1035 sermo,
1216 978 1278 1021 aar·

177 1062 290 1105 monem
304 1041 506 1106 annunciabis
519 1043 561 1109 iis
578 1065 614 1107 en
633 1063 688 1107 ate.
733 1043 869 1120 Iudicat,
885 1051 923 1106 ut
940 1044 999 1111 hoo
1018 1044 1105 1107 dieat
1120 1043 1276 1120 saeerdos,

178 1128 263 1210 quod
278 1150 318 1191 ox
332 1128 438 1191 divina
459 1128 593 1193 lectione
610 1128 766 1205 didicerit,
782 1129 867 1213 quod
888 1128 932 1191 illi
954 1129 1042 1192 Deus
1064 1128 1276 1227 inspiraverit,

137 1242 168 1289 35
177 1232 242 1276 non
255 1214 342 1297 quod
354 1214 484 1277 humani
498 1235 608 1277 sensus
622 1214 808 1291 invenerint,
820 1213 1033 1277 Anntaaainbie
1046 1214 1098 1290 iis,
1112 1214 1225 1297 mquit‚
1241 1236 1278 1278 ea·

177 1320 231 1375 nae,
246 1320 311 1361 uon
325 1321 365 1361 ex
379 1306 431 1363 te:
455 1321 527 1363 mea
540 1301 637 1364 verba
658 1300 805 1384 loqueris.
827 1321 891 1363 nou
911 1307 961 1364 est
979 1300 1065 1384 quod
1084 1321 1124 1363 ex
1142 1299 1191 1362 his
1206 1306 1277 1363 tan-

178 1384 328 1467 quamde
341 1384 406 1448 tuis
420 1385 547 1449 infleris.
590 1387 643 1450 En
663 1408 721 1462 me,
734 1384 848 1471 iuquit,
863 1386 905 1448 iia
918 1383 1127 1449 annuntiabis.
1172 1386 1210 1449 Si
1231 1406 1278 1449 nae

177 1470 291 1533 dinam
309 1470 434 1555 tinnio,
452 1472 555 1556 Impia
573 1482 667 1535 morta
688 1472 834 1547 morieris,
858 1492 917 1534 nen
930 1472 1034 1554 fueris
1056 1471 1179 1547 lanatae,
1193 1480 1228 1533 nt
1247 1491 1279 1533 ee

178 1556 325 1705 W
341 1574 502 1641 ampinana
518 1558 591 1621 ziria
606 1578 674 1632 ene,
689 1556 752 1641 ianae
772 1556 886 1640 tanta
906 1557 940 1619 in
962 1557 1124 1641 iniquitate
1142 1578 1199 1619 aaa
1218 1577 1278 1619 mo-

101 1661 163 1726 147
202 1642 210 1656 '
285 1690 293 1703 .
328 1644 502 1726 montanam
528 1664 597 1707 aere
619 1642 682 1726 ey'ne
704 1642 742 1705 de
765 1663 861 1705 ntann
883 1645 938 1705 tna
963 1642 1130 1726 requirant.
1174 1640 1225 1704 Ao
1251 1640 1278 1703 ei

178 1733 290 1811 aperte
304 1728 427 1791 'dieatz
452 1728 487 1792 si
502 1728 531 1791 ei
545 1735 680 1813 peecata
694 1750 753 1791 sua
767 1749 832 1789 nou
845 1726 1094 1804 aununeiaveris,
1111 1732 1145 1791 et
1164 1726 1191 1789 si
1206 1748 1278 1789 eum

179 1835 244 1877 non
258 1813 409 1897 argueris,
424 1820 463 1878 ut
484 1820 690 1877 eonvertatur
706 1819 741 1877 et
754 1813 850 1889 vivat,
866 1819 900 1877 et
921 1820 964 1889 te,
981 1812 1034 1897 qui
1052 1834 1125 1875 eum
1146 1833 1211 1875 nou
1232 1811 1279 1874 in-

179 1899 326 1983 erepasti,
342 1905 376 1962 et
390 1898 494 1981 heum,
509 1899 563 1983 qui
578 1905 612 1963 te
626 1906 754 1963 tanente
768 1898 920 1983 peooavit
936 1898 1072 1962 flammis
1088 1897 1279 1982 perennibus

155 1985 317 2048 stradam.
362 1984 434 2048 Nou
456 1984 553 2048 simus
572 1992 660 2049 ctam
681 1984 778 2061 saxei,
795 1984 843 2049 vel
865 1991 934 2049 tam
954 1984 1048 2047 ferrei
1070 1982 1218 2067 pectoris,
1241 1988 1279 2047 ut

179 2091 238 2133 nos
251 2070 315 2134 ista
329 2072 426 2135 verba
441 2070 572 2134 Domini
587 2092 652 2134 non
666 2076 820 2134 terreant.
866 2069 939 2133 Nou
954 2069 1051 2132 simus
1066 2075 1134 2133 tam
1148 2067 1279 2132 alienati

178 2178 199 2219 a
213 2156 286 2232 fide,
300 2155 445 2219 uidistis
459 2156 565 2220 verbis
582 2155 711 2219 Domini
733 2177 797 2218 nou
819 2155 1003 2220 enodamus:
1028 2155 1084 2218 sed
1104 2153 1278 2217 excitemus

178 2248 214 2305 et
234 2242 439 2305 exhortemur
459 2242 576 2305 fratres
597 2247 724 2305 nostros
738 2240 927 2305 venerandis
941 2241 1047 2305 verbis
1067 2239 1170 2303 saneti
1186 2237 1277 2304 Petri

178 2326 333 2411 apostoli:
357 2327 460 2391 noent
480 2337 574 2404 aetate,
596 2338 625 2391 et
645 2327 780 2412 eiyilstte,
797 2336 823 2390 et
842 2327 1027 2403 entitaanini
1046 2326 1120 2411 qnia
1137 2324 1279 2388 adaeran-

178 2414 246 2475 eina
263 2422 357 2477 neuter
370 2412 516 2491 diaionn
531 2424 677 2497 tanquam
695 2413 738 2476 lae
758 2412 888 2498 rnyiena
906 2412 1017 2477 eiranit
1035 2432 1174 2495 qnaerene
1192 2431 1280 2494 qnam

138 2498 314 2566 redonaret:
338 2500 388 2563 eni
408 2500 534 2564 antistite
555 2499 662 2582 efarta
682 2497 718 2561 in
730 2498 805 2580 fide,
820 2498 942 2561 seientes
958 2496 1081 2561 eandem
1096 2495 1277 2581 passionem,

178 2605 245 2669 qaaae
259 2585 293 2648 in
307 2586 418 2649 manda
432 2595 482 2663 ert,
494 2595 602 2649 aeatroe
615 2583 821 2667 ‘fraternitati
827 2584 914 2664 fieri.

221 2674 252 2733 6.
278 2671 325 2734 Et
349 2671 516 2756 episcopos
541 2669 669 2755 ⁸syuodi
692 2676 811 2733 uostrae
835 2666 1050 2752 subjectionis,
1076 2665 1278 2750 adjuratione

178 2756 280 2820 saneti
299 2756 391 2820 Pauli
412 2756 548 2841 apostoli
570 2757 796 2820 admoneamus
812 2754 981 2818 Timotheo
1002 2752 1154 2816 dioentis:
1183 2751 1277 2814 Terti-

169 2843 250 2922 floer
270 2864 372 2920 aeram
393 2843 548 2906 hDomino
561 2843 639 2906 Jera
657 2841 784 2918 timete,
800 2841 853 2925 qni
867 2840 1067 2924 judicaturae
1087 2847 1129 2900 eet
1148 2837 1230 2918 eines
1251 2845 1279 2900 et

178 2937 315 3007 mortuas,
324 2949 385 3013 per
397 2928 558 2991 adventata
572 2928 681 3012 meina
696 2936 724 2991 et
737 2947 860 3012 reanum
878 2926 951 3009 ajne.
982 2923 1133 2986 Pandion
1146 2921 1277 2999 aeriam,

140 3013 268 3090 isinana,
288 3023 451 3098 wentana
471 3015 648 3098 inportuna,
663 3034 765 3097 arque,
781 3011 906 3088 obsecra,
925 3012 1049 3094 increpa
1070 3010 1105 3072 in
1122 3007 1204 3071 omni
1217 3029 1278 3091 pa-

178 3097 294 3176 tientia,
320 3110 349 3163 et
371 3099 521 3163 doctrina.
565 3099 628 3162 En
652 3097 738 3162 euim
756 3098 825 3182 jam
847 3095 1035 3181 praedietum
1059 3095 1101 3160 ab
1125 3092 1277 3178 apostolis

177 3193 300 3268 amnne,
316 3206 383 3248 enm
403 3206 510 3249 eatam
532 3184 701 3248 danaim
721 3205 781 3247 nen
801 3185 965 3246 sustinent:
988 3181 1040 3245 sed
1061 3181 1106 3244 ad
1125 3201 1182 3243 saa
1201 3178 1277 3242 deei-

179 3271 267 3334 nna
289 3281 463 3334 maereant
476 3269 534 3334 eidi
548 3270 714 3354 manarat,
731 3271 791 3334 duo.
838 3268 1008 3332 &iamneae
1030 3269 1064 3330 in
1078 3263 1275 3349 fortitudine,

175 3355 271 3439 juxta
292 3356 412 3420 dietum
433 3357 616 3440 prophetae:
651 3354 736 3440 iania
756 3354 979 3419 annuntiamus
998 3373 1107 3438 paoem
1130 3351 1165 3414 in
1186 3349 1277 3412 terrie

139 3440 344 3505 notaminibus
358 3440 441 3506 ima
455 3443 626 3506 uoluntatis.
671 3441 728 3504 Ille
742 3462 879 3524 namque
894 3440 927 3502 iu
941 3437 1129 3503 fortitudine
1148 3434 1274 3510 elamat,

180 3549 274 3610 quem
303 3549 361 3590 nee
390 3534 503 3605 metus,
533 3549 591 3590 nee
620 3526 810 3590 verecundia
861 3524 1013 3589 raedioare
1042 3522 1173 3586 verbum
1202 3519 1275 3582 vitae

178 3611 319 3697 impedit.
375 3613 620 3689 Gonteudamus,
647 3611 820 3675 auxiliante
879 3609 994 3682 omine,
1019 3615 1056 3672 ut
1084 3628 1148 3669 non
1178 3604 1276 3668 simus

177 3698 261 3762 inter
275 3699 345 3762 illos
358 3699 453 3762 falsos
467 3705 613 3786 pastores
627 3698 740 3773 ovium,
751 3717 830 3780 quos
841 3694 998 3780 propheta
1008 3697 1140 3757 accusat
1151 3689 1271 3753 means:

177 3785 255 3848 Hane
273 3785 351 3849 dieit
371 3785 522 3848 Dominae
540 3786 645 3848 Dens:
676 3783 731 3845 Va
739 3780 914 3866 pastoribus
928 3778 1037 3854 Israel,
1050 3777 1105 3862 qni
1116 3773 1278 3860 amendant

177 3871 350 3955 semeipsos.
395 3871 504 3933 Nonne
518 3890 620 3954 yreyee
635 3877 808 3952 pascantur
822 3888 843 3930 a
857 3863 1057 3951 pasteribus?
1102 3864 1169 3926 Lae
1183 3881 1275 3924 eoene-

211 4035 226 4063 11
234 4027 301 4086 perit
312 4025 355 4086 Sp.
433 4035 447 4063 x
459 4024 556 4071 editiori
567 4023 608 4085 Sp.
681 4018 700 4071 γ’
709 4023 745 4069 ad
754 4023 857 4083 impium
869 4021 911 4080 Sp.
920 4019 992 4080 juxta
1003 4018 1104 4079 Vulget.
1181 4025 1193 4053 Ζ
1205 4029 1223 4061 u
1233 4012 1275 4060 via

177 4091 217 4151 Sp.
229 4089 328 4151 Vulgat.
394 4097 408 4125 ὓ
419 4091 521 4136 diuinet
532 4088 575 4148 Sp.
652 4085 664 4120 1
676 4089 758 4149 ipsam
768 4086 808 4145 Sp.
877 4094 887 4118 θ
898 4087 974 4132 simias
985 4099 1045 4144 erga
1058 4083 1088 4129 G.
1155 4081 1170 4119 d
1182 4081 1220 4126 laia
1231 4078 1274 4138 Sp.

176 4161 189 4189 θ
194 4155 299 4215 sortiter
307 4156 348 4214 Sp.
414 4154 426 4193 f
429 4152 606 4215 fraternitatis
617 4152 648 4200 G.
719 4151 946 4220 aayaedislneetrie
957 4149 1075 4208 subjectae
1085 4148 1125 4206 Sp.
1143 4145 1234 4191 nestris
1245 4141 1273 4190 C.

176 4217 284 4266 ¹'eoram
295 4219 351 4267 Deo
362 4226 387 4265 et
401 4220 497 4266 ctrina
507 4217 571 4265 Jeau
583 4217 625 4277 Sp.
642 4223 667 4264 et
676 4215 740 4264 dean
751 4216 782 4262 G.
848 4215 909 4276 lqai
917 4215 959 4274 Sp.

210 4352 233 4398 7.
245 4339 327 4400 Petra]
346 4352 355 4384 1
371 4340 422 4386 Pet.
433 4355 457 4386 v.
469 4354 492 4387 a.
724 4335 761 4384 18.
770 4333 908 4397 aepheta]
923 4334 954 4380 Is.
966 4333 1026 4380 lviii.
1040 4347 1059 4379 r.
1072 4332 1132 4380 Luc.
1145 4330 1219 4388 ii.,14.

212 4418 249 4451 η.
261 4405 375 4466 dicentis]
392 4404 485 4451 n'i'im.
496 4405 528 4450 iv.
541 4417 561 4450 r.
718 4413 757 4448 22.
764 4398 900 4462 mepteta]
913 4397 985 4446 Ezek.
1000 4397 1082 4445 xxxiv.
1097 4410 1119 4444 a.

212 4482 249 4529 17.
263 4469 414 4530 Clamemea]
435 4469 495 4516 Jou.
508 4468 543 4516 iii.
555 4468 578 4514 8.
