3100 5125
496 308 660 372 GENTIS
682 308 955 374 ANGLORUM.
1208 311 1273 381 119

171 479 273 542 nuper
300 457 418 522 ibidem
441 459 573 524 eeclesia
602 467 822 537 roonstruota,
853 461 1059 524 sacratiorem
1087 467 1122 524 et
1150 462 1272 525 eunctis

171 543 438 608 honorabiliorem
459 545 587 608 qloeum
608 546 753 609 omnibus
770 545 881 609 facere.
926 546 992 608 Neo
1013 545 1181 622 immerito,
1197 547 1272 629 quia

171 628 301 706 nullum,
326 635 363 692 ut
389 631 605 714 comperimus,
630 631 704 693 fidei
731 630 920 694 Christianae
949 631 1084 715 signum,
1107 631 1194 694 nulla
1222 653 1271 694 ae·

171 712 274 790 alesia,
290 714 410 776 nullum
431 714 533 779 altare
554 715 588 777 in
605 721 677 778 tota
696 715 913 779 Bernioiorum
932 722 1028 800 gente
1049 723 1190 780 ereetum
1212 724 1271 794 est,

171 798 358 882 priusquam
379 801 439 862 hoo
463 821 561 864 saorae
588 800 689 863 oruois
712 801 859 864 vexillum
880 823 979 865 novus
1002 801 1124 865 militiae
1148 803 1270 879 ductor,

172 883 315 946 dictante
326 885 400 946 fidei
412 884 587 962 devotione,
603 892 716 950 eontra
730 887 856 950 hostem
870 885 1130 949 immanissimum
1148 909 1271 972 pugna·

171 973 264 1031 turus
279 975 446 1033 statueret.
985 978 989 982 ’

90 1072 156 1138 105
209 1053 276 1116 Neo
290 1055 332 1117 ab
346 1077 382 1117 re
396 1061 447 1120 est
462 1077 559 1116 unum
573 1077 591 1118 e
606 1055 749 1138 pluribus
764 1079 834 1139 quae
849 1056 892 1119 ad
907 1055 989 1118 hano
999 1077 1125 1120 erucem
1139 1062 1269 1140 patrata
1279 1071 1387 1120 miracu-

172 1145 256 1215 sunt,
286 1139 415 1203 virtutis
444 1139 630 1202 miraoulum
663 1163 822 1205 enarrare.
882 1141 1018 1220 Quidam
1048 1142 1093 1204 de‘
1117 1136 1337 1205 tratribuslflffl·

171 1223 455 1308 ¹Hagustaldensis
481 1225 618 1288 ecolesiae
644 1227 770 1288 nomine
799 1225 944 1302 Bolum,
976 1226 1029 1309 qui
1059 1249 1141 1289 nunc
1170 1248 1269 1310 usque

171 1315 325 1393 superest,
350 1317 426 1374 ante
451 1331 569 1394 paucos
593 1331 693 1374 annos
720 1312 796 1373 dum
821 1311 979 1374 incautius
1001 1312 1086 1375 forte
1109 1319 1206 1375 noctu
1235 1311 1268 1373 in

170 1393 274 1478 glacie
287 1394 457 1471 incederet,
473 1402 604 1479 repente
618 1417 768 1459 corruens
782 1397 947 1460 brachium
967 1397 1124 1474 contrivit,
1140 1419 1178 1460 ao
1196 1419 1268 1482 gra
1352 1410 1354 1413 ’

145 1479 298 1544 evissima
312 1480 461 1544 fracturae
475 1481 574 1564 ipsius
588 1481 686 1564 coepit
707 1482 853 1544 molestia
871 1481 1018 1566 fatigari3
1041 1482 1089 1545 ita
1105 1488 1143 1545 ut
1164 1503 1204 1544 ne
1226 1482 1270 1545 ad

171 1584 208 1626 os
223 1565 350 1647 quidem
364 1566 521 1628 adduoere
536 1566 639 1649 ipsum
655 1566 820 1629 brachium
840 1567 998 1630 ullatenus
1015 1567 1123 1630 dolore
1140 1573 1269 1631 arcente

170 1649 300 1712 valeret.
346 1650 407 1730 Qui
428 1672 499 1712 oum
514 1651 565 1713 die
580 1651 717 1734 quadam
738 1659 832 1715 mane
853 1652 980 1715 audiret
998 1674 1095 1714 uuum
1110 1653 1149 1715 de
1163 1651 1269 1714 fratri-

170 1733 231 1796 bus
255 1735 296 1797 ad
321 1735 424 1798 locum
446 1736 587 1819 ejusdem
608 1743 726 1799 sanotae
753 1737 854 1800 erucis
876 1737 1045 1800 ascendere
1068 1736 1268 1821 disposuisse,

170 1819 296 1903 rogavit
309 1826 347 1884 ut
361 1821 498 1904 aliquam
513 1820 572 1883 sibi
586 1827 712 1905 partem
727 1822 766 1884 de
788 1822 841 1884 illo
861 1822 946 1906 ligno
960 1823 1130 1884 vonerabili
1144 1821 1269 1884 rediens

170 1905 320 1982 adferret,
346 1907 474 1968 eredere
498 1927 532 1968 se
555 1905 661 1969 dioens
688 1905 762 1989 quia
785 1928 843 1990 per
868 1907 936 1983 hoe,
960 1907 1098 1969 donante
1121 1906 1268 1982 Domino,

170 1990 306 2053 salutem
333 1997 442 2074 posset
466 1990 624 2073 consequi.
670 1991 762 2053 Fecit
786 1991 837 2053 ille
859 1997 897 2054 ut
919 1999 1051 2075 rogatus
1074 1998 1134 2068 est,
1158 1997 1192 2054 et
1220 2013 1269 2054 re

131 2096 279 2139 10versus
304 2077 346 2138 ad
369 2097 542 2159 vesperam,
567 2075 750 2139 sedentibus
775 2077 844 2160 jam
872 2077 914 2140 ad
942 2097 1085 2140 mensam
1107 2075 1269 2153 iratribus,
1329 2131 1332 2133 a

170 2159 287 2223 obtulit
310 2161 339 2223 ei
363 2161 481 2244 ahquid
501 2161 541 2222 de
562 2159 661 2224 veteri
683 2182 792 2223 museo
814 2183 877 2244 quo
899 2161 1079 2245 superficies
1100 2160 1177 2246 ligni
1199 2169 1270 2224 erat

169 2245 285 2308 obsita.
330 2245 391 2324 Qui
413 2267 485 2308 cum
504 2245 617 2308 sedens
636 2246 680 2308 ad
699 2267 842 2308 mensam
855 2268 919 2308 non
933 2246 1066 2309 haberet
1083 2247 1126 2309 ad
1140 2267 1269 2309 manum

168 2330 225 2392 ubi
247 2330 390 2393 oblatum
413 2330 474 2393 sibi
493 2351 608 2394 munus
629 2337 807 2414 reponeret,
829 2331 916 2393 misit
936 2331 997 2394 hoe
1018 2331 1052 2393 in
1073 2331 1177 2394 sinum
1198 2330 1268 2393 sibi.

170 2414 217 2478 Et
238 2415 313 2476 dum
336 2415 399 2478 iret
421 2415 571 2492 cubitum,
588 2414 704 2478 oblitus
727 2417 787 2478 hoc
808 2415 922 2480 alicubi
942 2416 1109 2500 deponere,
1124 2415 1269 2500 permisit

169 2521 228 2563 suo
242 2499 275 2561 in
289 2499 359 2563 sinu
374 2521 568 2585 permanere.
613 2500 662 2563 At
676 2500 781 2565 medio
795 2501 897 2565 noetis
911 2507 1064 2586 tempore,
1081 2523 1153 2565 oum
1174 2500 1268 2586 evigi-

168 2586 261 2661 laret,
277 2586 377 2649 sensit
391 2586 496 2649 neseio
511 2586 587 2669 quid
601 2586 707 2670 frigidi
725 2608 783 2650 suo
797 2586 890 2649 lateri
905 2587 1060 2669 adjacere,
1075 2587 1269 2670 admotaque

129 2689 158 2739 ιε
169 2692 266 2733 manu
286 2672 469 2754 srequirere
487 2670 563 2755 quid
585 2678 678 2748 esset,
694 2671 741 2735 ita
763 2692 875 2734 sanum
894 2671 1059 2734 brachium
1076 2690 1268 2754 manumque

167 2756 296 2840 reperit,
312 2778 350 2819 ae
365 2756 392 2819 si
406 2756 483 2821 nihil
498 2778 638 2839 uuquam
652 2756 736 2819 tanti
750 2756 913 2841 languoris
927 2756 1115 2819 ‘habuisset

620 2876 726 2990 enh.
754 2924 819 2988 111.

171 3029 209 3085 Ut
223 3029 291 3085 idem
306 3049 354 3085 reu
361 3030 501 3105 postulans
514 3030 547 3085 de
558 3038 637 3103 qeute
647 3030 801 3085 Scottorum
812 3030 966 3094 antistitem,
976 3030 1109 3104 acceperit
1118 3029 1266 3094 AEdunum,

246 3111 379 3184 eidemque
392 3111 420 3165 iu
433 3110 520 3165 incula
533 3110 750 3183 Liudisfcmeuci
763 3111 849 3165 sedem
862 3111 1029 3185 episcopatur
1042 3111 1190 3165 donaverit.

121 3222 157 3257 20
212 3202 295 3265 loun
319 3224 394 3286 ergo
421 3202 549 3280 Osuald,
573 3226 648 3266 mox
674 3204 728 3266 ubi
753 3225 886 3289 regnum
912 3204 1058 3288 suscepit,
1082 3203 1264 3267 desiderans
1275 3220 1418 3282 Legatum

165 3288 336 3351 totamoui
350 3309 485 3371 praeesse
500 3288 597 3372 eoepit
611 3294 739 3373 gentem
749 3289 824 3351 fidei
835 3288 1023 3352 Ohristianae
1037 3288 1143 3373 gratia
1156 3287 1263 3364 imbui,
1274 3286 1378 3336 Scottus

166 3372 256 3456 eujus
278 3372 495 3456 experimenta
516 3373 712 3457 permaxima
735 3373 768 3435 in
790 3373 1008 3457 expugnandis
1032 3373 1178 3437 barbaris
1196 3373 1267 3457 jam
1435 3385 1439 3389 “

166 3463 305 3541 ceperat,
321 3458 408 3521 misit
425 3459 468 3520 ad
482 3460 618 3541 majores
633 3464 712 3521 natu
729 3458 921 3535 Scottorum,
937 3458 1022 3522 inter
1037 3481 1117 3542 quos
1133 3458 1265 3521 exulans

166 3542 234 3641 ipse
256 3542 458 3626 baptismatis
481 3549 688 3618 sacramenta,
707 3564 779 3605 oum
799 3543 849 3604 his
868 3543 922 3625 qui
944 3565 1051 3606 seeum
1072 3550 1165 3607 erant
1186 3542 1265 3605 mili-

166 3629 264 3704 tibus,
288 3635 475 3691 oonseeutus
498 3634 587 3701 erat;
622 3634 735 3711 petens
760 3634 799 3691 ut
828 3628 887 3689 sibi
912 3628 1095 3691 mitteretur
1119 3629 1264 3703 antistes,

201 3804 367 3845 rememora
378 3804 454 3859 utque
464 3798 577 3845 dedicata
590 3798 652 3846 V.G.
792 3810 807 3848 q
819 3802 897 3847 mcum
903 3799 1133 3862 fecere-omnibus
1144 3803 1224 3847 locum
1234 3800 1265 3847 V.

167 3864 401 3922 ¹Augustaldeuris
413 3862 441 3908 V.
540 3865 699 3925 acquirens,
711 3864 838 3925 requirere
848 3867 919 3926 eoeptt
930 3865 961 3913 V.
1059 3866 1225 3911 tumuissent
1235 3864 1267 3911 V.

200 4025 241 4071 40.
253 4014 343 4061 itidem
353 4011 466 4071 ecelesia]
488 4013 572 4061 Restat
589 4014 666 4061 adbuc
683 4014 714 4061 ad
731 4013 882 4061 occidentem
900 4014 1064 4075 aquilonalem
1076 4014 1107 4062 ab
1118 4014 1266 4061 Axeloduno

164 4078 269 4125 ecclesia
281 4092 301 4125 s.
313 4077 429 4125 Osualdi.
464 4076 512 4123 Sed
523 4078 553 4124 de
564 4076 602 4124 his
613 4078 683 4138 plura
694 4078 719 4124 iu
731 4078 845 4139 Append.
857 4077 890 4124 N.
903 4079 955 4125 xiii.
966 4080 990 4125 S.

200 4156 240 4201 41.
253 4143 313 4203 quia
323 4142 430 4201 nultum]
451 4142 518 4187 Hinc
532 4141 635 4189 fortasse
648 4141 730 4201 colligi
744 4149 827 4203 posset
841 4142 961 4189 Edvinum
976 4156 1025 4189 uon
1037 4143 1098 4189 adeo
1109 4142 1207 4189 firmum
1219 4141 1265 4188 im·

165 4206 261 4267 perimu
275 4206 299 4252 in
313 4204 439 4253 Bernicios
447 4206 554 4253 tenuisse
566 4223 572 4252 ε
592 4206 681 4266 alioqui
695 4206 761 4254 intra
775 4220 818 4253 sex
832 4220 910 4253 annos
921 4206 1019 4267 signum
1031 4206 1130 4267 aliquod
1142 4206 1178 4252 vel
1189 4207 1266 4253 ritum
1280 4234 1282 4238 <

165 4284 218 4317 suae
226 4269 351 4331 religionis
363 4270 389 4316 in
400 4283 430 4315 eo
441 4269 530 4329 populo
541 4269 669 4316 institurus
680 4276 740 4317 erat.

194 4333 509 4394 arHagurtuldeueteerct]
522 4334 685 4393 Huguctuldu
695 4333 756 4391 (sive
764 4333 1024 4396 Hagmtulderbeim),
1032 4343 1058 4382 et
1068 4334 1265 4382 Helctaldeehum
1287 4350 1291 4357 ’
1319 4369 1323 4376 .

163 4398 230 4457 apud
243 4398 303 4445 Sim.
316 4397 442 4455 Dunelm,
456 4398 643 4445 Heetoldestom
655 4398 751 4445 Ricard.
765 4398 830 4459 Hag.
841 4412 865 4458 p.
878 4411 933 4460 294.
945 4400 1055 4461 Twysd„
1065 4400 1265 4459 Hengtestetdem

161 4461 202 4509 rel
214 4461 435 4523 Hengrteldetetm
447 4460 657 4519 GulMalmesb,
672 4462 842 4509 Aretoduuum
854 4463 896 4519 ol,
907 4464 979 4511 hodie
989 4466 1118 4512 Hexham.
1248 4498 1251 4503 -
