3100 5125
271 280 335 344 124
602 280 838 346 HISTORIAE
861 280 1038 348 Edonus.
1152 336 1154 339 .
1332 271 1449 353 111.5·

111 449 262 497 Reformatio
314 433 364 497 At
378 441 455 498 tunc
466 432 609 499 veniente
623 437 666 499 ad
681 457 735 499 eos
749 436 1002 500 reverentissimo
1013 442 1047 498 et
1062 431 1259 498 sanctissimo
1273 434 1375 514 patre
1384 446 1417 480 2⁰
1517 478 1519 507 ,

110 513 211 575 pacha.
272 524 306 582 et
320 520 484 582 sacerdote
501 517 688 604 Ecgbercto,
700 522 740 584 de
755 522 884 584 natione
900 521 1085 606 Angforum,
1097 518 1152 602 qui
1166 518 1199 580 in
1210 515 1376 578 Hibernia
1517 510 1519 531 '

273 603 391 668 diutius
415 605 598 669 exulaverat
625 629 685 691 pro
715 607 852 683 Christo,
883 614 1014 691 eratque
1043 612 1078 669 et
1107 601 1308 667 doctissimus
1337 600 1376 662 in

274 689 446 774 Scripturis
467 697 501 753 et
522 689 636 776 ¹longae
658 692 731 757 vitae
755 693 948 777 perfectione
971 691 1113 766 eximius,
1136 687 1270 753 correcti
1294 693 1375 749 sunt

272 797 330 860 per
351 797 423 838 eum
445 782 478 839 et
500 776 543 838 ad
557 798 665 840 verum
686 778 932 862 canonicumque
950 778 1077 862 pascbae
1097 775 1181 838 diem
1198 770 1372 844 translati;

273 882 367 943 quem
381 867 488 925 tamen
509 867 542 924 et
561 869 658 926 antea
672 885 735 927 non
750 885 876 949 semper
889 863 922 925 in
936 864 1011 926 luna
1025 868 1142 946 quarta
1156 859 1278 923 decima
1298 878 1374 920 cnm

273 945 406 1024 Judaeis,
421 954 458 1011 ut
480 947 608 1030 quidam
626 950 789 1024 rebantur,
808 950 866 1012 sed
886 949 920 1012 in
939 948 990 1012 die
1013 947 1172 1030 mquidem
1192 943 1371 1018 Dominica,
1383 966 1416 1015 ²5

273 1031 335 1096 alia
354 1038 462 1095 tamen
481 1054 576 1115 quam
591 1033 724 1098 decebat
743 1035 943 1098 hebdomada
961 1033 1174 1097 celebrabant
1219 1029 1373 1094 Sciebant

273 1117 365 1194 enim,
390 1124 428 1180 ut
451 1117 631 1196 Christiani,
657 1121 920 1184 resurrectionem
943 1119 1143 1184 Dominicam
1168 1139 1238 1201 quae
1267 1113 1374 1198 prima

274 1203 400 1266 sabbati
414 1204 500 1266 facta
515 1209 564 1266 est
577 1205 681 1288 prima
696 1205 823 1269 sabbati
837 1228 960 1291 semper
974 1227 1043 1268 esse
1058 1203 1298 1267 celebrandamt
1315 1199 1374 1263 sed

273 1295 311 1351 ut
324 1289 453 1352 barbari
467 1295 500 1352 et
515 1290 633 1366 rustici,
650 1292 776 1374 quando
791 1292 902 1354 eadem
916 1291 1019 1376 prima
1038 1289 1166 1353 sabbati
1180 1299 1273 1371 ¹¹quae
1287 1307 1374 1348 nnnc

274 1373 441 1438 Dominica
472 1373 539 1437 dies
573 1377 836 1462 0cognominatnr
867 1377 989 1441 veniret
1022 1375 1150 1438 minime
1184 1373 1373 1436 didicerant.

274 1459 396 1523 Verum
412 1459 485 1543 quia
500 1460 606 1545 gratia
620 1462 766 1526 caritatis
781 1463 902 1526 fervere
916 1485 981 1525 non
997 1461 1202 1536 remiserunt,
1221 1465 1255 1522 et
1277 1457 1374 1541 hujus

273 1567 397 1629 quoque
411 1545 458 1608 rei
473 1545 620 1610 notitiam
634 1547 676 1610 ad
696 1549 871 1631 perfectum
889 1548 1051 1633 percipere
1070 1550 1264 1620 meruerunt,
1276 1543 1419 1626 juxtaao

272 1631 461 1715 promissum
484 1631 619 1715 apostoli
646 1633 797 1697 dicentis:
822 1636 887 1697 ‘ilfi
899 1635 927 1697 si
941 1634 1018 1718 qaid
1037 1631 1129 1694 alitor
1140 1629 1259 1716 capitia
1275 1637 1302 1691 et
1321 1627 1376 1691 too

273 1738 384 1801 qaoque
404 1715 484 1780 cobis
498 1717 583 1780 Deos
600 1717 766 1782 rraelaiir.
812 1719 862 1782 De
885 1741 948 1803 quo
969 1716 1092 1804 plenius
1113 1717 1147 1780 in
1168 1714 1376 1799 sequentibus

273 1823 330 1865 suo
344 1802 414 1866 loco
428 1801 594 1865 dicendum
608 1810 667 1866 est.

734 1949 842 2012 cAP.
866 1948 908 2012 V.

635 2054 680 2108 De
693 2055 750 2109 vitu
764 2054 871 2110 AEduai
883 2053 1007 2127 episcopi.

112 2142 263 2191 AEdanivita
317 2144 369 2205 An
394 2143 453 2207 hac
479 2166 554 2230 ergo
578 2143 689 2224 insula,
714 2148 756 2210 ab
782 2148 896 2210 horum
919 2145 1049 2230 collegio
1072 2143 1309 2218 monachorum,
1332 2141 1418 2204 adas

273 2229 466 2312 provinciam
490 2230 667 2316 Anglorum
693 2232 921 2297 instituendam
949 2231 982 2294 in
1012 2230 1150 2306 Christo,
1180 2228 1294 2290 missus
1324 2233 1376 2292 est

273 2314 395 2391 AEdan‚
411 2323 542 2399 accepto
560 2318 662 2401 gradu
682 2318 893 2403 episcopatus.
938 2317 1008 2398 Quo
1026 2323 1170 2400 tempore
1188 2314 1289 2377 eidem
1308 2335 1377 2376 mo-

273 2400 413 2464 nasterio
430 2400 543 2486 Segeni
558 2404 658 2466 abbas
673 2410 707 2466 et
728 2405 895 2488 presbyter
908 2402 1046 2488 praefuit.
1092 2401 1190 2463 Unde
1206 2399 1293 2462 inter
1311 2398 1377 2461 alia

273 2485 397 2549 vivendi
413 2486 611 2565 documenta,
629 2489 871 2552 saluberrimum
890 2487 1091 2553 abstinentiae
1107 2487 1156 2550 vel
1170 2483 1377 2548 continentiae

274 2572 394 2636 clericis
409 2574 586 2657 exemplum
601 2575 747 2659 reliquit:
775 2577 864 2660 cujus
884 2575 1062 2639 doctrinam
1081 2574 1115 2635 id
1135 2571 1272 2636 maxime
1291 2592 1377 2633 oom-

274 2659 446 2721 mendabat
468 2654 621 2736 omnibus,
641 2661 726 2744 quod
747 2684 811 2724 non
833 2662 928 2725 aliter
945 2683 1040 2744 quam
1057 2658 1184 2723 vivebat
1206 2679 1278 2720 cum
1300 2656 1376 2732 suis,
1394 2658 1455 2720 108

273 2742 340 2827 ipse
366 2745 511 2808 docebat.
557 2745 643 2807 Nihil
669 2746 752 2808 enim
776 2747 870 2830 hujus
895 2745 1005 2809 mnndi
1027 2766 1178 2829 qnaerere,
1200 2742 1245 2804 nil
1265 2762 1377 2805 amare

274 2830 417 2893 curabat.
456 2830 579 2893 (iuncta
593 2853 664 2914 quae
680 2832 739 2913 sibi
754 2854 774 2895 a
788 2834 915 2917 regibus
929 2831 978 2895 vel
993 2831 1143 2894 divitibus
1157 2827 1263 2891 saeculi
1278 2828 1376 2890 dona

274 2914 403 2991 bantur,
429 2937 504 2978 mox
527 2917 795 3001 pauperibus-qui
822 2922 1024 2982 occurrerent
1049 2933 1182 3000 erogare
1202 2912 1376 2998 gaudebat.

275 2998 461 3062 Discurrere
475 3022 532 3083 per
547 3008 661 3065 cuncta
676 3010 709 3066 et
724 3004 847 3067 urbana
862 3010 896 3067 et
910 3002 1029 3065 rustica
1044 3001 1122 3077 loca,
1137 3021 1202 3062 non
1222 3018 1377 3082 equorum

275 3084 378 3161 dorso,
395 3085 450 3147 sed
465 3085 581 3168 pedum
596 3086 719 3151 incessu
735 3096 853 3166 vectus,
869 3089 929 3151 nisi
945 3088 970 3151 si
988 3088 1090 3171 major
1104 3087 1188 3149 fo1te
1203 3082 1376 3148 necessitas

275 3170 486 3253 compulisset,
502 3170 643 3235 solebat:
667 3181 824 3256 quatenus
847 3169 1035 3257 ubicumque
1056 3172 1178 3255 aliquos
1192 3171 1241 3234 vel
1260 3168 1403 3233 divites5

275 3254 325 3318 vel
341 3276 496 3339 pauperes
511 3255 658 3320 incedens
672 3260 857 3343 aspexisset,
876 3258 1042 3322 confestim
1063 3258 1106 3321 ad
1127 3258 1186 3319 hos
1206 3256 1376 3328 divertens,

276 3340 325 3403 vel
340 3340 382 3403 ad
395 3340 470 3402 fidei
485 3342 689 3426 suscipiendae
708 3351 941 3409 sacramentum
961 3343 1150 3415 siinfideles
1166 3348 1282 3417 essent,
1298 3338 1377 3401 invi·

276 3430 383 3500 taret3
408 3426 455 3488 vel
481 3426 508 3490 si
529 3427 646 3499 fideles,
669 3429 701 3491 in
724 3430 794 3513 ipsa
814 3452 869 3493 eos
894 3430 957 3493 fide
982 3430 1187 3504 confortaret,
1210 3433 1309 3509 atquo
1333 3421 1378 3487 ad

277 3510 491 3658 eleemosypas
506 3534 698 3597 operumque
713 3516 868 3579 bonorum
882 3514 1109 3589 executionem,
1126 3519 1160 3576 et
1174 3511 1278 3576 verbis
1293 3509 1377 3573 exci-

277 3602 363 3661 taret
379 3604 412 3660 et
439 3596 529 3661 actis.

311 3776 405 3825 litas.
426 3779 538 3837 bngoeua
550 3775 652 3823 c.n.w.
670 3778 741 3835 longe
753 3777 788 3824 St.
801 3777 830 3823 G.
930 3786 954 3815 m
966 3777 1074 3838 quadam
1087 3775 1115 3821 V.
1213 3784 1229 3813 ὓ
1241 3787 1334 3835 eaque
1346 3775 1378 3820 G.

278 3851 292 3880 0
305 3848 466 3953 Zlmmffmr
477 3841 507 3887 V.
607 3842 767 3888 comiserunt
779 3841 809 3887 V.
908 3842 1056 3889 ediscatis:
1075 3840 1176 3901 Siquid
1187 3839 1216 3885 V.
1317 3848 1380 3883 rre-

276 3921 305 3954 ve
333 3908 367 3953 vit
402 3939 408 3950 .

308 4074 349 4137 36.
362 4082 459 4138 accepto
468 4075 554 4135 gradu
565 4074 727 4135 episcopatur]
748 4074 811 4135 Quis
826 4074 866 4121 hic
883 4089 932 4121 non
950 4073 1016 4120 videt
1033 4073 1170 4135 Hyensium
1189 4072 1219 4119 dc
1235 4070 1378 4131 episcopatu

230 4148 232 4153 '
277 4140 445 4190 sententiam?
470 4140 565 4187 Gradus
580 4138 616 4185 eis
627 4138 683 4199 fuit,
694 4146 719 4185 et
734 4138 888 4199 accipiendus
899 4139 929 4186 ad
941 4138 1092 4194 missionem,
1105 4152 1149 4184 uec
1161 4137 1231 4183 aliter
1242 4135 1377 4182 secundum

277 4221 319 4254 eos
331 4206 396 4253 mitti
408 4205 519 4252 AEdanus
532 4203 618 4264 potuit.
640 4203 663 4249 S.

310 4281 348 4332 37.
363 4270 464 4331 Segeira]
483 4268 591 4329 Quartus
607 4266 645 4312 bic
663 4265 737 4313 abbas
754 4282 769 4313 a
785 4281 805 4313 s.
818 4265 937 4314 Columba
948 4266 1002 4314 fuit.
1036 4267 1161 4313 Secundus
1172 4264 1318 4322 Baithsnus,
1329 4269 1386 4309 tea*

278 4334 327 4383 tius
336 4335 468 4395 virgnous,
477 4333 516 4380 vel
524 4332 656 4393 Fergnaus.
680 4330 728 4377 Hic
738 4337 776 4377 est
788 4333 896 4390 Segenus
906 4332 937 4377 ad
948 4346 1020 4392 quem
1032 4331 1097 4377 inter
1107 4330 1170 4378 alios
1180 4330 1306 4376 iohannes
1315 4342 1379 4387 papa
1430 4346 1434 4351 -

277 4401 368 4447 electus
384 4399 468 4452 literas
486 4396 553 4444 misit
563 4396 589 4443 ii.
603 4409 645 4458 193
664 4395 693 4441 sd
705 4409 777 4455 quem
794 4395 868 4441 etism
887 4395 1045 4443 Gummianus
1062 4395 1160 4457 scripsit
1175 4394 1200 4441 iu
1216 4392 1379 4455 epistolarum

278 4464 465 4513 Hibernicsrum
476 4462 579 4525 sylloge,
592 4467 692 4521 uterque
703 4460 733 4505 de
744 4459 841 4519 pascha.
860 4460 885 4508 S.
