3100 5125
317 363 381 432 ΑΙ)
406 360 713 435 EOGBERGTUM
738 359 1031 431 ANTISTITEM.
1173 357 1238 427 837

143 508 238 594 enim,
254 524 292 581 ut
306 520 410 595 credo,
431 519 701 604 promptissimum
722 526 791 583 tam
810 518 888 602 justi
911 516 1027 599 laboris
1048 515 1236 599 adjutorem,

142 624 252 686 regem
270 603 417 668 videlicet
435 605 640 681 Oeoluulfum,
656 604 709 688 qul
731 612 766 667 et
789 626 847 688 pro
870 601 967 666 insita
991 601 1051 664 sibi
1073 600 1238 664 dilectione

104 688 311 772 rereligionis,
328 690 477 775 quicquid
502 690 545 753 ad
567 690 710 775 regulam
732 689 862 773 pietatis
883 688 1031 773 pertinet,
1053 686 1146 749 firma
1167 704 1248 770 pro-¹·⁴

143 771 230 836 tinus
244 773 421 838 intentione
434 776 585 859 adjuvare
598 775 731 852 curabit,
745 781 779 838 et
792 774 931 837 maxime
943 774 996 836 illa
1008 792 1078 855 quae
1093 778 1129 835 tu
1141 792 1239 855 quum

143 857 186 920 sis
206 858 401 943 propinquus
415 860 498 923 illius
512 855 748 925 amantissimus
761 861 847 924 bona
862 860 1005 944 coeperis,
1021 858 1088 943 ipse
1110 864 1146 921 ut
1168 880 1237 942 per-

143 942 293 1008 ficiantur
309 946 546 1029 lopitulabitur.
591 946 796 1031 Quapropter
808 942 901 1009 velim
921 945 1054 1009 solerter
1075 943 1162 1006 illum
1183 944 1238 1008 aa

142 1050 281 1106 moneas,
297 1031 382 1093 utin
397 1031 508 1095 diebus
522 1031 636 1095 vestris
651 1038 773 1095 statum
794 1037 911 1094 nostrae
934 1030 1038 1115 gentis
1052 1029 1238 1093 ecclesiastiu

143 1135 216 1177 oum
229 1111 262 1176 in
275 1115 388 1179 melius
400 1134 497 1201 quam
511 1117 665 1181 hactenus
677 1115 784 1181 fuerat
798 1116 978 1181 instaurare
992 1121 1110 1178 zcuret.
1146 1115 1238 1194 Quod

143 1218 208 1262 nou
222 1199 284 1263 alio
298 1202 400 1286 magis
414 1209 452 1266 ut
465 1202 543 1264 mihi
554 1201 680 1265 videtur
700 1208 809 1288 potest
829 1198 938 1265 oidine
959 1200 1078 1285 perfici,
1095 1222 1189 1283 quam
1212 1201 1238 1263 si

105 1284 249 1369 tsplures
279 1293 398 1350 noetrae
428 1288 517 1373 genti
545 1293 771 1351 consecrentur
799 1287 970 1363 antistites,
1001 1286 1239 1370 exemplumque

143 1370 318 1453 sequamini
331 1370 529 1456 legislatoris,
542 1372 595 1456 qui
611 1394 708 1455 quum
722 1374 807 1435 solus
818 1372 925 1457 jurgia
939 1394 976 1435 ac
991 1373 1115 1455 pondus
1128 1372 1238 1433 Israel-

144 1454 229 1519 iticae
252 1456 353 1540 plebis
376 1458 532 1521 sustinere
554 1478 618 1520 non
642 1464 759 1542 posset,
782 1457 877 1541 elegit
899 1456 958 1519 sibi
982 1456 1088 1519 divino
1110 1457 1240 1540 adjutus

144 1541 282 1617 consilio,
297 1548 333 1605 et
347 1543 544 1607 consecravit
565 1541 770 1641 septuaginta
791 1542 929 1605 seniores
945 1564 1078 1625 quorum
1093 1555 1172 1625 aope
1191 1548 1239 1605 at

145 1647 206 1708 que
224 1625 353 1690 consilio
375 1627 558 1712 impositum
579 1628 639 1691 nbi
662 1649 741 1690 onus
762 1628 846 1690 ferre
861 1627 977 1691 blevius
1000 1632 1116 1711 posset.
1162 1627 1240 1706 Quis

145 1710 228 1773 enim
242 1734 307 1775 non
320 1712 428 1777 videat
443 1720 563 1798 quanto
581 1713 624 1777 sit
644 1712 758 1776 melius
772 1719 841 1776 tam
856 1734 984 1776 enorme
1005 1714 1128 1797 pondus
1144 1713 1241 1775 eccle-

145 1796 264 1861 siastici
278 1797 440 1883 regiminis
453 1800 487 1861 in
500 1800 616 1883 plures,
631 1798 685 1883 qui
699 1799 759 1862 hoc
774 1798 976 1883 dispertitum
990 1797 1111 1861 facilius
1125 1798 1239 1874 ferant,

104 1881 252 1958 codividi
276 1904 371 1966 quam
393 1900 492 1947 unum
514 1885 574 1947 sub
596 1885 681 1947 fasee
703 1906 797 1968 quem
822 1889 952 1967 portare
974 1904 1038 1945 non
1063 1883 1165 1968 possit
1186 1905 1240 1967 op-

144 1967 247 2050 primi.
293 1968 377 2032 Nam
390 1976 425 2033 et
439 1976 567 2033 sanctus
582 1992 667 2054 papa
682 1968 863 2054 Gregorius,
880 1990 976 2051 quum
991 1970 1031 2031 de
1044 1969 1107 2031 fide
1123 1975 1240 2031 nostrae

143 2053 249 2135 gentis
263 2075 335 2137 quae
356 2056 461 2119 adhuc
482 2055 592 2118 futura
612 2061 647 2119 et
668 2054 883 2119 conservanda
905 2062 974 2118 erat
996 2054 1029 2116 in
1050 2054 1177 2119 Christo
1199 2055 1241 2117 ad

144 2137 362 2201 beatissimum
387 2140 657 2240 archiepiscopum
680 2140 898 2225 Augustinum
927 2139 1030 2202 missis
1055 2137 1155 2203 literis
1181 2139 1241 2201 dis

145 2229 285 2305 putaret,
301 2224 466 2289 duodecim
488 2247 521 2287 m
542 2248 582 2289 ea
600 2220 775 2310 episcopos,
791 2231 961 2309 postquam
975 2226 1016 2287 nd
1031 2224 1128 2287 fidem
1143 2224 1242 2287 “veni-

145 2314 227 2383 rent,
253 2308 447 2374 ordinandos
469 2332 541 2374 esse
566 2311 725 2384 decrevit3
752 2311 786 2373 in
813 2310 925 2393 quibus
952 2309 1163 2374 Eburacensis
1189 2332 1243 2373 an-

103 2392 249 2470 estisne,
273 2402 408 2480 accepto
427 2418 448 2459 a
469 2396 544 2460 sede
566 2396 740 2480 apostolica
764 2396 869 2479 pallio,
892 2395 1154 2479 metropolitanus
1177 2417 1244 2459 esse

146 2478 286 2542 deberet.
331 2480 432 2561 Quem
455 2481 597 2566 profecto
620 2502 786 2543 numerum
803 2480 1020 2565 episcoporum
1035 2480 1126 2543 velim
1147 2482 1242 2543 modo

145 2570 204 2628 bra
220 2571 332 2631 sancta
353 2568 540 2652 paternitas,
555 2566 778 2650 patrocinante
799 2566 947 2650 praesidio
969 2565 1100 2650 piissimi
1116 2589 1154 2630 ac
1171 2567 1241 2630 Deo

146 2649 253 2714 dilecti
281 2651 366 2736 regis
394 2652 529 2736 praefati,
556 2654 690 2716 solerter
719 2651 848 2736 implere
877 2652 1059 2727 contendat,
1085 2657 1242 2734 quatenus

145 2736 329 2800 abundante
348 2758 480 2801 numero
491 2737 727 2822 magistrorum,
743 2735 914 2821 perfectius
928 2736 1059 2800 ecclesia
1074 2737 1193 2801 Christi
1208 2737 1241 2799 in

146 2820 278 2903 hisque
289 2821 335 2885 ad
349 2822 469 2886 cultum
484 2845 582 2887 sacrae
596 2822 755 2908 religionis
768 2823 939 2906 pertinent,
955 2821 1150 2885 instituatur.
1197 2822 1242 2886 Et

146 2905 274 2988 quidem
287 2907 430 2971 novimus
445 2905 520 2992 quia
541 2930 598 2992 per
618 2907 772 2971 incuriam
790 2929 900 2992 regum
918 2908 1172 2991 praecedentium,
1188 2908 1243 2970 do·

104 3011 138 3058 30
146 2991 353 3075 nationesque
367 2992 570 3057 stultissimas
584 2994 704 3057 factum
719 3000 778 3069 est,
792 2999 829 3056 ut
843 3014 906 3054 non
921 2992 1011 3056 facile
1026 2993 1112 3056 locus
1127 3009 1243 3057 vacans

146 3075 201 3140 ubi
215 3077 306 3142 sedes
321 3077 505 3162 episcopalis
520 3097 602 3143 nova
614 3079 685 3141 fieri
699 3079 825 3177 debeat,
841 3077 992 3141 dinveniri
1008 3078 1121 3142 valeat.
1136 3163 1143 3177 ι
1159 3163 1165 3178 .

147 3161 904 3334 ·,ttttttttttmtttttttltt
924 3163 1243 3334 &tibitibi

146 3331 260 3416 aliquis
273 3334 538 3398 monasteriorum
552 3331 607 3409 nbi
621 3334 713 3396 sedes
730 3333 915 3418 episcopalis
933 3333 1000 3397 fiat.
1047 3333 1092 3398 Et
1107 3356 1147 3397 ne
1161 3335 1245 3397 sorte

103 3437 137 3488 35
147 3418 247 3481 abbas
261 3419 310 3481 vel
328 3420 476 3482 monaehi
497 3420 571 3484 huic
591 3421 720 3483 decreto
734 3420 746 3464 s
749 3419 910 3483 contraire
925 3441 963 3483 ac
978 3420 1124 3483 resistere
1139 3425 1244 3483 tenta

147 3503 260 3578 verint,
276 3503 371 3567 detur
384 3504 445 3568 illis
463 3505 600 3581 licentia,
616 3512 654 3568 ut
667 3506 707 3568 de
729 3505 794 3568 suis
816 3505 876 3588 ipsi
891 3504 1010 3590 eligant
1025 3526 1097 3568 eum
1112 3504 1165 3589 qui
1179 3505 1243 3588 epi-

147 3607 261 3672 ecopus
284 3584 457 3667 ordinetur,
477 3597 511 3654 et
529 3590 744 3674 adjacentium
765 3589 905 3652 locorum
928 3595 1085 3675 quotquot
1106 3591 1149 3654 ad
1171 3611 1244 3654 ean-

148 3673 221 3736 dem
243 3672 405 3738 dioecesim
427 3675 618 3759 pertineant,
640 3696 705 3738 una
727 3693 799 3738 oum
825 3674 893 3759 ipso
917 3675 1111 3738 monasterio
1134 3691 1244 3738 curam

146 3764 240 3844 gerat
260 3758 488 3844 episcopalem:
511 3767 569 3824 aut
590 3761 616 3824 si
637 3760 722 3824 forte
743 3760 776 3822 in
798 3758 867 3842 ipso
888 3759 1081 3823 monasterio
1103 3760 1157 3844 qui
1178 3760 1243 3844 epia

148 3864 262 3928 scopus
286 3843 427 3908 ordinari
449 3845 566 3910 debeat
590 3843 722 3908 inveniri
748 3851 894 3928 nequeat,
917 3844 950 3906 in
973 3843 1114 3928 ipsorum
1135 3851 1243 3908 temen

144 3930 241 4013 juxta
261 3935 387 3993 statuta
407 3941 582 3994 ⁸canonum
603 3931 741 4014 pendeat
759 3929 913 4006 examine,
930 3924 1038 4013 quide
1056 3951 1114 3994 sua
1129 3926 1244 3994 diocesi

105 4044 141 4090 40
148 4013 315 4077 ordinetur
334 4015 480 4083 antistes.
524 4016 617 4095 Quod
639 4012 665 4078 si
687 4016 755 4091 hoc,
770 4015 819 4078 ita
834 4020 870 4078 ut
885 4015 1089 4100 suggerimus,
1106 4015 1244 4078 Domino

147 4098 328 4182 adjuvante,
343 4100 521 4184 perfeceris,
536 4099 681 4164 facillime
697 4101 827 4178 hetiam,
843 4107 880 4164 ut
894 4101 1088 4165 arbitramur
1108 4101 1169 4163 hoe
1189 4100 1243 4163 ob

181 4236 326 4296 ycpitulan'
337 4237 434 4284 curabit
447 4236 476 4283 V.
554 4238 670 4283 meretis
682 4237 711 4283 V.
795 4244 970 4298 &curentque
983 4237 1011 4284 V.
1079 4225 1243 4285 hltbeeesvss

148 4305 294 4348 evannum
305 4300 334 4348 V.
416 4302 553 4348 usuvenire
564 4300 592 4348 V.
678 4311 828 4361 econsmou,
841 4303 917 4348 edicto
931 4301 957 4348 V.
1044 4302 1202 4349 foeneraret
1213 4302 1244 4348 V.

148 4362 294 4424 tsanmm
305 4363 334 4411 V.
402 4365 418 4403 h
424 4365 550 4427 facillime
561 4372 590 4412 ut
601 4365 634 4412 V.

180 4477 204 4526 8.
220 4478 387 4540 ceoluulfum]
408 4479 503 4526 Debeo
515 4480 637 4540 regende
650 4486 720 4526 notas
733 4479 762 4525 ad
773 4493 796 4524 r,
806 4491 844 4538 ²3·
863 4477 887 4524 S.

182 4555 222 4590 ee.
234 4544 333 4604 liliata]
355 4544 428 4591 Hanc
438 4544 566 4604 epistolam
579 4544 689 4605 Gregorii
701 4543 757 4589 vide
769 4543 786 4590 i.
799 4557 839 4606 ²9·
857 4543 882 4589 S.

233 4628 331 4669 BAEDA.
677 4629 699 4667 X
713 4627 735 4668 X
