3100 5125
289 259 311 318 e
581 248 755 314 BAEDAE
784 246 1076 315 PRAEFATIO.

292 404 421 478 extitit3
439 404 493 489 qui
507 403 542 467 in
555 404 687 467 ecelesia
701 402 947 467 Oantunriorum
961 424 981 466 n
995 403 1099 467 beetae
1113 400 1274 467 memoriae
1289 402 1392 467 Theo-

292 491 371 553 doro
394 489 629 575 archiepiscopo
657 495 692 552 et
722 486 889 551 Hadriano
918 488 1037 552 abbate
1061 488 1135 551 viris
1160 486 1445 569 venerabilibus38

292 583 389 659 etque
408 574 629 638 eruditissimis
648 572 843 647 ‘institutus
862 572 1031 671 diligenter
1051 572 1157 638 omnin
1174 596 1245 657 quae
1267 574 1300 636 in
1322 572 1392 658 ipsa

293 660 538 724 Oantuariorum
555 659 716 744 provincia
730 656 899 722 vel-etiam
920 680 953 720 m
975 658 1131 745 eontiguis
1154 658 1270 723 seidem
1291 659 1392 744 regio·

292 746 385 809 nibus
407 768 429 809 a
446 745 604 828 discipulis
626 745 713 809 beuti
734 766 828 829 papae
839 744 908 807 Gre
930 743 988 807 orii
1009 752 1102 830 gesta
1114 744 1212 821 fuere,
1227 744 1277 807 vel
1294 744 1392 808 moni-

291 831 408 894 mentis
426 831 590 894 literarum
605 830 654 892 vel
674 830 834 893 seniorum
848 766 1022 892 traditione
1043 836 1253 915 eognovorat:
1279 836 1332 893 set
1353 852 1392 894 ea

281 917 369 989 ‚mihi
392 916 431 977 de
453 915 502 977 his
524 937 595 999 quae
616 915 769 978 memorie
790 914 887 999 digne
907 915 1106 993 videbantur,
1130 936 1188 999 per
1212 915 1414 1000 religiosums

294 1000 524 1064 Lundoniensis
550 1000 688 1063 eoelesiae
713 1000 935 1085 presbyterum
964 1000 1177 1077 Nothelmum,
1201 1000 1266 1064 sive
1291 1000 1392 1065 literis
1431 1072 1434 1079 ¹

291 1087 446 1149 mandata
463 1086 528 1149 sive
545 1086 643 1170 ipsius
659 1085 821 1149 Nothelmi
835 1084 905 1149 vivs
919 1106 996 1149 vooe
1015 1086 1189 1162 referende,
1205 1085 1391 1150 transmisit.

293 1172 354 1250 Qui
377 1171 522 1235 videlieet
548 1171 736 1234 Nothelmus
762 1177 876 1255 postea
902 1171 1037 1265 Roptem
1062 1171 1198 1249 veniens,
1226 1172 1392 1235 nonnullas

292 1256 336 1319 ibi
350 1258 438 1319 boeti
454 1256 598 1340 Gregorii
613 1278 705 1340 papae
720 1254 813 1319 simul
828 1263 861 1319 et
881 1257 1015 1319 aliorum
1028 1257 1214 1340 pontificum
1232 1256 1391 1342 epistolas,

292 1348 493 1425 perscrutato
509 1342 649 1425 ejusdem
663 1349 783 1405 senotae
795 1342 932 1405 eoolesiae
949 1342 1101 1406 Romanae
1113 1342 1228 1405 sorinio
1238 1343 1392 1426 permissu

293 1427 429 1511 ejusqui
446 1448 530 1489 nuno
549 1425 609 1511 ipsi
627 1427 765 1490 eoelesiae
782 1433 900 1511 praeest
915 1427 1064 1512 Gregorii
1077 1427 1245 1512 pontificis,
1261 1426 1389 1505 invenit,
1404 1455 1433 1489 ιο

292 1534 498 1597 reversusque
522 1512 614 1574 nobis
636 1519 755 1575 uostrae
780 1512 933 1576 Historiae
956 1513 1149 1591 inserendas,
1170 1526 1242 1576 oum
1263 1513 1391 1577 oonsilio

292 1597 419 1681 praeiati
435 1597 544 1660 Albini
559 1597 803 1661 reverentissimi
817 1598 918 1683 petris
933 1598 1058 1661 adtulit.
1104 1599 1135 1663 A
1157 1598 1311 1683 prinoipio
1332 1598 1391 1663 ita-

293 1705 354 1766 que
379 1683 544 1746 voluminis
566 1683 660 1767 hujus
683 1705 783 1768 usque
808 1684 849 1746 ed
873 1690 998 1767 tempus
1024 1704 1087 1768 quo
1111 1705 1190 1769 gens
1214 1684 1392 1769 Anglorum

292 1768 388 1830 fidem
403 1767 521 1831 Christi
535 1768 687 1852 pereepit,
703 1790 742 1830 ex
763 1768 905 1851 priorum
926 1768 1063 1832 maxime
1081 1769 1207 1854 seriptis
1226 1769 1300 1832 hino
1318 1769 1392 1832 inde

293 1852 431 1916 eolleetis
445 1874 485 1916 ea
499 1874 570 1935 quae
587 1852 814 1936 ipromeremus
825 1853 999 1917 didicimus.
1030 1852 1155 1918 Exinde
1168 1862 1277 1919 autem
1291 1873 1390 1940 usque

293 1938 335 2001 ad
349 1943 496 2020 tempore
515 1937 694 2021 praesentia,
710 1961 781 2021 quae
802 1938 835 2000 in
852 1938 983 2003 eoelesia
997 1939 1241 2005 Onntuariorum
1258 1963 1316 2026 per
1330 1942 1390 2005 dis-
1404 1961 1431 2012 ιε

293 2021 413 2105 oipulos
435 2022 522 2085 beati
543 2044 635 2106 papae
659 2023 804 2108 Gregorii
826 2024 890 2088 sive
912 2045 1106 2089 sueoessores
1128 2048 1246 2102 eorum,
1261 2026 1311 2091 vel
1332 2028 1391 2092 sub

294 2107 409 2191 quibus
427 2106 555 2192 regibus
571 2115 664 2193 gesta
683 2109 757 2185 sint,
775 2110 942 2174 memorati
964 2111 1090 2175 abbatis
1106 2111 1215 2175 Albini
1234 2112 1392 2192 industrie

295 2192 476 2270 Nothelmo,
503 2198 541 2256 ut
566 2193 711 2270 diximus,
735 2195 913 2278 perferente
943 2196 1154 2281 eognovimus.
1205 2198 1266 2278 Qui
1295 2199 1393 2263 etiam

325 2386 338 2415 θ
350 2378 480 2424 institutus
490 2377 634 2436 diligenter,
646 2376 681 2423 sic
692 2375 770 2423 chiffl.
784 2376 864 2435 posuit
875 2390 971 2424 eomrna
982 2382 1038 2436 post
1048 2376 1186 2440 diligenter,
1197 2380 1349 2427 commodius
1366 2387 1393 2429 ut

291 2440 340 2503 ipsi
357 2440 486 2489 videbatur
502 2440 533 2487 ad
550 2454 657 2494 sensum,
675 2440 718 2487 sed
734 2446 820 2487 contra
837 2440 926 2501 stylum
945 2441 1058 2488 auctoris.
1085 2441 1141 2490 Vid.
1159 2458 1214 2505 pag.
1231 2459 1281 2505 seq.
1298 2444 1341 2492 lin.
1354 2459 1391 2507 ¹9·

291 2502 430 2619 mlv
448 2504 477 2553 V.
634 2510 702 2561 tel,
721 2502 790 2566 quusi
811 2504 949 2553 redundans
967 2504 1085 2566 abjiciunt
1102 2505 1132 2553 V.
1306 2508 1313 2547 i
1332 2524 1392 2572 pro.

292 2725 334 2772 ille
349 2724 446 2786 integro
463 2722 513 2772 iere
529 2722 612 2772 seculo
629 2722 740 2780 inferior,
757 2722 892 2784 discipulus
908 2722 1035 2784 Ergbereti
1052 2724 1226 2786 archiepiscopi
1239 2725 1314 2774 Ebor.
1329 2727 1392 2774 obiit

293 2789 368 2836 abbas
378 2789 472 2836 Turon.
483 2792 514 2836 Α.
526 2788 591 2846 8042
607 2788 648 2835 hie
660 2796 741 2835 sutem
753 2787 888 2848 discipulus
898 2787 1021 2836 Theodori
1035 2789 1216 2850 archiepiscopi,
1227 2797 1252 2837 et
1270 2791 1390 2840 Hadriani

293 2853 388 2900 abbatis
400 2854 518 2900 Cantuar.
530 2852 591 2899 obiit
608 2853 660 2913 ipse
675 2852 751 2898 abbas
767 2852 884 2899 Cantunr.
897 2853 926 2900 A.
938 2864 992 2915 732.
1008 2852 1091 2914 [Conf.
1101 2869 1124 2898 v.
1136 2853 1185 2914 eo]
1222 2853 1261 2902 Ad
1273 2857 1336 2902 lruuc
1348 2855 1390 2903 Al-

292 2915 377 2964 binnm
389 2917 456 2963 Beda
466 2917 497 2962 de
508 2915 591 2962 anxilii
604 2916 696 2976 socepti
707 2916 826 2962 Mneficio
836 2917 964 2977 epistolem
976 2917 1083 2978 scripsit,
1090 2931 1162 2978 quam
1173 2917 1227 2966 ride
1238 2933 1282 2968 suo
1291 2920 1354 2966 loco.
1364 2919 1390 2968 S.

293 2980 429 3042 [Mobillon
441 2979 497 3027 Vet.
510 2980 620 3026 Analect.
632 2995 655 3026 v.
665 2994 685 3025 1.
697 2993 720 3038 p.
730 2980 764 3043 9.]

325 3055 349 3105 5.
363 3043 552 3107 presbyterem]
569 3043 662 3090 Auetor
677 3044 794 3090 Historiae
809 3046 839 3092 de
851 3045 933 3105 Antiq.
947 3044 1019 3092 Britt.
1034 3045 1101 3094 Eocl.
1114 3046 1220 3107 appellat
1231 3047 1390 3096 Nothelmnm

293 3109 472 3156 Lundonieusis
488 3107 596 3156 eeclesiae
612 3108 762 3167 episcopum,
770 3107 820 3156 levi
833 3107 930 3168 quidem
948 3107 1027 3168 lapsu,
1044 3109 1085 3157 sed
1101 3126 1176 3171 quum
1193 3112 1249 3159 iude
1266 3112 1392 3160 malevolis

292 3174 435 3233 quibusdam
452 3173 548 3220 occasio
563 3185 672 3219 censure
685 3172 743 3218 data
754 3172 837 3228 merit,
848 3178 874 3219 et
884 3173 1000 3220 Wheloco
1017 3173 1090 3221 etism
1108 3175 1207 3233 erroris,
1219 3176 1340 3223 monitum
1352 3175 1392 3224 liic

291 3245 345 3285 esto
356 3237 516 3285 Nothelmum
526 3235 708 3283 Lnudoniensis
716 3236 825 3284 eeclesiae
836 3236 1001 3299 presbyterum
1011 3243 1106 3286 tentum
1116 3239 1199 3294 fuisse,
1209 3239 1393 3288 centuariensis

292 3311 374 3349 sutem
385 3302 534 3362 episcopum,
548 3302 577 3347 Α.
587 3311 643 3361 735.
655 3300 719 3347 ultre
732 3299 837 3348 Bedente
848 3301 964 3348 Historia
976 3302 1114 3351 terminum.
1127 3304 1151 3349 S.

324 3379 349 3428 9.
366 3361 419 3427 ejus
435 3367 478 3427 qul
494 3363 729 3426 nune-Gregorii]
746 3365 858 3426 Plerique
872 3365 911 3412 hie
927 3365 1072 3427 Gregorium
1089 3367 1221 3414 seeundum
1239 3367 1390 3429 intelligunt,

292 3429 362 3488 errius
372 3428 440 3476 aelus
450 3429 477 3475 in
491 3428 621 3504 Germanis
633 3429 663 3474 ed
674 3427 746 3504 iidem
757 3429 935 3489 convertendis,
944 3435 970 3477 et
980 3431 1089 3478 custodio
1098 3431 1251 3478 bibliotheca
1259 3431 1390 3494 pontitioioe

292 3492 774 3612 astruerentur
784 3494 1052 3618 suuntur
1061 3495 1390 3620 teruntur

294 3622 391 3668 latenus
406 3621 521 3667 admittit.
562 3619 633 3666 Obiit
647 3619 713 3668 enim
726 3621 858 3680 Gregorius
875 3623 995 3669 secundus
1011 3631 1050 3684 17⁰
1061 3623 1185 3678 lanuarii,
1201 3625 1255 3684 [ιν
1267 3625 1391 3672 Februarii

294 3685 427 3732 seeundum
439 3683 522 3746 ἡμὴ]
535 3687 565 3730 Α.
580 3695 634 3745 731,
646 3684 717 3744 eique
728 3686 752 3732 in
765 3685 908 3746 pontificatu
921 3687 1037 3734 irrecessit
1052 3687 1184 3748 Gregorius
1195 3689 1281 3736 tertius
1293 3699 1334 3736 22⁰
1349 3690 1391 3737 Fe·

293 3748 386 3796 brnarii
405 3748 460 3809 [18⁰
477 3747 574 3808 Martii]
595 3747 702 3807 ejusdem
720 3750 786 3795 nuni.
821 3750 888 3797 Beda
904 3757 985 3796 nutem
1002 3749 1101 3799 decimae
1117 3751 1164 3799 diei
1181 3753 1250 3798 lunii
1268 3755 1391 3814 sequentis

293 3812 407 3860 meminit
424 3814 454 3860 ad
474 3813 682 3860 consecrationem
704 3813 823 3860 Totuvini
844 3813 910 3861 Hist.
924 3829 947 3861 r.
965 3827 1004 3872 se.
1045 3815 1214 3863 Relationem
1234 3817 1309 3878 igitur
1328 3819 1391 3865 haue

293 3876 422 3924 Ceolunllo
438 3891 487 3922 nou
506 3876 554 3922 nisi
571 3882 627 3935 post
639 3875 727 3922 librum
743 3878 881 3925 absolutum
893 3879 1072 3933 transmittens,
1085 3879 1162 3927 immo
1172 3886 1228 3940 post
1238 3883 1389 3942 reoognitum

292 3940 498 3996 retransmittens,
516 3939 650 3986 clausulam
671 3941 733 3986 hene
752 3949 862 4000 tempore
881 3942 992 4002 Gregorii
1010 3943 1075 3991 tertii
1097 3944 1201 4005 scripsit,
1225 3959 1330 4006 eumque
1350 3947 1390 3994 bic

292 4003 432 4064 pontificem
441 4003 559 4064 designat.
573 4004 597 4050 S.
616 4004 663 4050 Sed
670 4005 828 4052 verisimilior
834 4006 930 4052 videtur
941 4021 993 4054 esse
1003 4007 1142 4068 conjecture
1154 4009 1295 4072 Stevenson,
1305 4024 1392 4071 nempe

292 4067 385 4114 harde
397 4066 515 4126 Gregorio
531 4067 637 4115 seeundo
648 4067 706 4124 dici,
721 4076 748 4116 et
763 4069 825 4116 hanc
843 4069 995 4117 Praefationis
1008 4079 1102 4133 purtem
1120 4071 1186 4132 prius
1201 4072 1316 4135 seriptum
1330 4089 1391 4122 esse.

293 4131 360 4178 Nem
377 4131 423 4178 etsi
439 4131 550 4192 Gregorii
563 4131 661 4179 secundi
677 4133 759 4180 obitus
773 4141 799 4181 et
811 4133 920 4194 Gregorii
934 4135 999 4181 tertii
1010 4134 1161 4184 consecratio
1172 4137 1243 4184 Bedae
1256 4137 1392 4186 innotuerit

292 4201 422 4254 antequam
436 4195 547 4242 ultimam
559 4211 659 4243 menum
674 4197 790 4244 Historiae
801 4212 850 4245 sure
858 4198 1001 4256 admoverit,
1009 4205 1091 4246 temen
1102 4207 1245 4248 necesseest
1255 4201 1391 4250 utlioentis
1457 4241 1460 4246 .

292 4272 321 4327 es
332 4260 499 4318 perscrutandi
510 4261 634 4319 epistolas,
642 4260 672 4307 de
683 4277 733 4322 qua
742 4261 811 4318 dicit,
821 4260 866 4308 sub
877 4260 1020 4322 pontificatu
1027 4263 1139 4324 Gregorii
1150 4265 1250 4313 secundi
1256 4265 1390 4315 Nothelmo

292 4334 408 4370 concesse
419 4322 461 4381 sit,
474 4329 545 4384 etque
556 4323 646 4372 ideireo
657 4324 710 4386 ejus
720 4326 848 4387 permissu.
