<?xml version="1.0" encoding="UTF-8"?>
<!DOCTYPE html PUBLIC "-//W3C//DTD XHTML 1.0 Transitional//EN"
    "http://www.w3.org/TR/xhtml1/DTD/xhtml1-transitional.dtd">
<html xmlns="http://www.w3.org/1999/xhtml" xml:lang="en" lang="en">
 <head>
  <title>
</title>
<meta http-equiv="Content-Type" content="text/html;charset=utf-8" />
  <meta name='ocr-system' content='tesseract 3.04.00' />
  <meta name='ocr-capabilities' content='ocr_page ocr_carea ocr_par ocr_line ocrx_word'/>
</head>
<body>
  <div class='ocr_page' id='page_1' title='image "./historiaecclesi00hussgoog_0166.png"; bbox 0 0 3100 5125; ppageno 0'>
   <div class='ocr_carea' id='block_1_1' title="bbox 109 310 1296 436">
    <p class='ocr_par' dir='ltr' id='par_1_1' title="bbox 109 310 1296 436">
     <span class='ocr_line' id='line_1_1' title="bbox 109 310 1296 436; baseline 0.008 -21"><span class='ocrx_word' id='word_1_1' title='bbox 109 373 215 436; x_wconf 89' lang='lat'><strong>-19.</strong></span> <span class='ocrx_word' id='word_1_2' title='bbox 500 310 665 424; x_wconf 80' lang='lat' dir='ltr'>ouans</span> <span class='ocrx_word' id='word_1_3' title='bbox 688 355 959 421; x_wconf 78' lang='lat' dir='ltr'>aueuoauu.</span> <span class='ocrx_word' id='word_1_4' title='bbox 1232 362 1296 427; x_wconf 76' lang='lat'>147</span> 
     </span>
    </p>
   </div>
   <div class='ocr_carea' id='block_1_2' title="bbox 117 503 1456 1188">
    <p class='ocr_par' dir='ltr' id='par_1_2' title="bbox 117 503 1456 1188">
     <span class='ocr_line' id='line_1_2' title="bbox 193 503 1295 593; baseline 0.005 -27"><span class='ocrx_word' id='word_1_5' title='bbox 193 503 226 566; x_wconf 88' lang='lat' dir='ltr'>in</span> <span class='ocrx_word' id='word_1_6' title='bbox 252 525 348 568; x_wconf 84' lang='lat' dir='ltr'>manu</span> <span class='ocrx_word' id='word_1_7' title='bbox 373 505 493 570; x_wconf 87' lang='lat' dir='ltr'>voluit:</span> <span class='ocrx_word' id='word_1_8' title='bbox 529 506 713 590; x_wconf 79' lang='lat' dir='ltr'><strong>occisusque</strong></span> <span class='ocrx_word' id='word_1_9' title='bbox 735 513 786 570; x_wconf 90' lang='lat' dir='ltr'>est</span> <span class='ocrx_word' id='word_1_10' title='bbox 808 530 873 571; x_wconf 86' lang='lat' dir='ltr'>una</span> <span class='ocrx_word' id='word_1_11' title='bbox 895 527 967 570; x_wconf 91' lang='lat' dir='ltr'>oum</span> <span class='ocrx_word' id='word_1_12' title='bbox 991 529 1067 593; x_wconf 84' lang='lat' dir='ltr'>rego</span> <span class='ocrx_word' id='word_1_13' title='bbox 1093 507 1140 570; x_wconf 84' lang='lat' dir='ltr'>Eo</span> <span class='ocrx_word' id='word_1_14' title='bbox 1180 507 1234 586; x_wconf 73' lang='lat' dir='ltr'>be,</span> <span class='ocrx_word' id='word_1_15' title='bbox 1261 516 1295 573; x_wconf 87' lang='lat' dir='ltr'>et</span> 
     </span>
     <span class='ocr_line' id='line_1_3' title="bbox 193 591 1295 678; baseline 0.004 -26"><span class='ocrx_word' id='word_1_16' title='bbox 193 596 326 654; x_wconf 88' lang='lat' dir='ltr'>ounotus</span> <span class='ocrx_word' id='word_1_17' title='bbox 354 611 474 669; x_wconf 87' lang='lat' dir='ltr'>eorum,</span> <span class='ocrx_word' id='word_1_18' title='bbox 500 591 721 664; x_wconf 74' lang='lat' dir='ltr'>insistentibus</span> <span class='ocrx_word' id='word_1_19' title='bbox 750 593 895 678; x_wconf 81' lang='lat' dir='ltr'>paganis,</span> <span class='ocrx_word' id='word_1_20' title='bbox 917 615 1019 657; x_wconf 84' lang='lat' dir='ltr'>oaesus</span> <span class='ocrx_word' id='word_1_21' title='bbox 1047 591 1113 657; x_wconf 86' lang='lat' dir='ltr'>sivo</span> <span class='ocrx_word' id='word_1_22' title='bbox 1159 592 1295 678; x_wconf 83' lang='lat' dir='ltr'>‘sparsus</span> 
     </span>
     <span class='ocr_line' id='line_1_4' title="bbox 194 675 359 739; baseline 0.006 -1"><span class='ocrx_word' id='word_1_23' title='bbox 194 675 359 739; x_wconf 82' lang='lat' dir='ltr'>exereitus.</span> 
     </span>
     <span class='ocr_line' id='line_1_5' title="bbox 239 761 1450 848; baseline 0.002 -24"><span class='ocrx_word' id='word_1_24' title='bbox 239 761 408 826; x_wconf 70' lang='lat' dir='ltr'>Successor</span> <span class='ocrx_word' id='word_1_25' title='bbox 421 769 530 830; x_wconf 82' lang='lat' dir='ltr'>eutem</span> <span class='ocrx_word' id='word_1_26' title='bbox 544 762 633 848; x_wconf 84' lang='lat' dir='ltr'>regni</span> <span class='ocrx_word' id='word_1_27' title='bbox 648 783 757 825; x_wconf 90' lang='lat' dir='ltr'>eorum</span> <span class='ocrx_word' id='word_1_28' title='bbox 771 763 876 826; x_wconf 81' lang='lat' dir='ltr'>faetus</span> <span class='ocrx_word' id='word_1_29' title='bbox 889 769 940 826; x_wconf 86' lang='lat' dir='ltr'>est</span> <span class='ocrx_word' id='word_1_30' title='bbox 954 763 1156 839; x_wconf 65' lang='lat' dir='ltr'>Annalibus</span> <span class='ocrx_word' id='word_1_31' title='bbox 1170 763 1242 842; x_wconf 86' lang='lat' dir='ltr'>Eni,</span> <span class='ocrx_word' id='word_1_32' title='bbox 1255 764 1295 827; x_wconf 91' lang='lat' dir='ltr'>de</span> <span class='ocrx_word' id='word_1_33' title='bbox 1306 782 1385 824; x_wconf 66' lang='lat' dir='ltr'>Anne</span> <span class='ocrx_word' id='word_1_34' title='bbox 1396 793 1450 826; x_wconf 74' lang='lat' dir='ltr'>suc-</span> 
     </span>
     <span class='ocr_line' id='line_1_6' title="bbox 153 843 1390 934; baseline 0.002 -24"><span class='ocrx_word' id='word_1_35' title='bbox 153 846 282 930; x_wconf 75' lang='lat' dir='ltr'>aregio</span> <span class='ocrx_word' id='word_1_36' title='bbox 304 869 428 932; x_wconf 86' lang='lat' dir='ltr'>genere,</span> <span class='ocrx_word' id='word_1_37' title='bbox 444 847 492 910; x_wconf 88' lang='lat' dir='ltr'>vir</span> <span class='ocrx_word' id='word_1_38' title='bbox 514 848 662 932; x_wconf 85' lang='lat' dir='ltr'>optimus,</span> <span class='ocrx_word' id='word_1_39' title='bbox 682 853 781 931; x_wconf 83' lang='lat' dir='ltr'>atque</span> <span class='ocrx_word' id='word_1_40' title='bbox 802 847 952 932; x_wconf 70' lang='lat' dir='ltr'>¹‘optimae</span> <span class='ocrx_word' id='word_1_41' title='bbox 970 849 1097 934; x_wconf 84' lang='lat' dir='ltr'>genitor</span> <span class='ocrx_word' id='word_1_42' title='bbox 1115 849 1240 927; x_wconf 90' lang='lat' dir='ltr'>sobolis,</span> <span class='ocrx_word' id='word_1_43' title='bbox 1256 850 1296 913; x_wconf 89' lang='lat' dir='ltr'>de</span> <span class='ocrx_word' id='word_1_44' title='bbox 1305 843 1390 890; x_wconf 51' lang='lat' dir='ltr'>Wh-</span> 
     </span>
     <span class='ocr_line' id='line_1_7' title="bbox 117 905 1456 1020; baseline 0.004 -26"><span class='ocrx_word' id='word_1_45' title='bbox 117 950 181 997; x_wconf 78' lang='lat'>122</span> <span class='ocrx_word' id='word_1_46' title='bbox 196 932 310 1015; x_wconf 89' lang='lat' dir='ltr'>quibus</span> <span class='ocrx_word' id='word_1_47' title='bbox 325 932 358 996; x_wconf 90' lang='lat' dir='ltr'>in</span> <span class='ocrx_word' id='word_1_48' title='bbox 373 934 578 1017; x_wconf 85' lang='lat' dir='ltr'>sequentibus</span> <span class='ocrx_word' id='word_1_49' title='bbox 593 955 650 997; x_wconf 89' lang='lat' dir='ltr'>suo</span> <span class='ocrx_word' id='word_1_50' title='bbox 665 939 810 1018; x_wconf 87' lang='lat' dir='ltr'>tempore</span> <span class='ocrx_word' id='word_1_51' title='bbox 824 934 991 998; x_wconf 87' lang='lat' dir='ltr'>dioendum</span> <span class='ocrx_word' id='word_1_52' title='bbox 1006 941 1076 998; x_wconf 86' lang='lat' dir='ltr'>est:</span> <span class='ocrx_word' id='word_1_53' title='bbox 1101 935 1155 1017; x_wconf 91' lang='lat' dir='ltr'>qui</span> <span class='ocrx_word' id='word_1_54' title='bbox 1172 942 1207 999; x_wconf 85' lang='lat' dir='ltr'>et</span> <span class='ocrx_word' id='word_1_55' title='bbox 1228 936 1296 1020; x_wconf 85' lang='lat' dir='ltr'>ipse</span> <span class='ocrx_word' id='word_1_56' title='bbox 1309 905 1456 970; x_wconf 77' lang='lat' dir='ltr'><strong>[A.D.636.]</strong></span> 
     </span>
     <span class='ocr_line' id='line_1_8' title="bbox 195 1018 1295 1104; baseline 0.005 -24"><span class='ocrx_word' id='word_1_57' title='bbox 195 1024 309 1100; x_wconf 81' lang='lat' dir='ltr'>postea</span> <span class='ocrx_word' id='word_1_58' title='bbox 330 1019 499 1087; x_wconf 82' lang='lat' dir='ltr'>abeodem</span> <span class='ocrx_word' id='word_1_59' title='bbox 520 1042 646 1104; x_wconf 83' lang='lat' dir='ltr'>pagano</span> <span class='ocrx_word' id='word_1_60' title='bbox 670 1020 864 1083; x_wconf 70' lang='lat' dir='ltr'><strong>Marciorum</strong></span> <span class='ocrx_word' id='word_1_61' title='bbox 885 1020 974 1097; x_wconf 85' lang='lat' dir='ltr'>duee,</span> <span class='ocrx_word' id='word_1_62' title='bbox 989 1043 1011 1084; x_wconf 82' lang='lat' dir='ltr'>a</span> <span class='ocrx_word' id='word_1_63' title='bbox 1025 1041 1088 1103; x_wconf 91' lang='lat' dir='ltr'>quo</span> <span class='ocrx_word' id='word_1_64' title='bbox 1106 1027 1141 1084; x_wconf 86' lang='lat' dir='ltr'>et</span> <span class='ocrx_word' id='word_1_65' title='bbox 1162 1018 1169 1064; x_wconf 90' lang='lat'>¹</span> <span class='ocrx_word' id='word_1_66' title='bbox 1175 1021 1295 1104; x_wconf 80' lang='lat' dir='ltr'>praede</span> 
     </span>
     <span class='ocr_line' id='line_1_9' title="bbox 195 1105 602 1188; baseline 0.007 -23"><span class='ocrx_word' id='word_1_67' title='bbox 195 1124 300 1168; x_wconf 88' lang='lat' dir='ltr'>oessor</span> <span class='ocrx_word' id='word_1_68' title='bbox 314 1105 391 1188; x_wconf 87' lang='lat' dir='ltr'>ejus,</span> <span class='ocrx_word' id='word_1_69' title='bbox 407 1105 528 1174; x_wconf 88' lang='lat' dir='ltr'>oooisus</span> <span class='ocrx_word' id='word_1_70' title='bbox 543 1112 602 1169; x_wconf 88' lang='lat' dir='ltr'>est.</span> 
     </span>
    </p>
   </div>
   <div class='ocr_carea' id='block_1_3' title="bbox 628 1255 864 1322">
    <p class='ocr_par' dir='ltr' id='par_1_3' title="bbox 628 1255 864 1322">
     <span class='ocr_line' id='line_1_10' title="bbox 628 1255 864 1322; baseline -0.013 -1"><span class='ocrx_word' id='word_1_71' title='bbox 628 1257 736 1322; x_wconf 80' lang='lat' dir='ltr'><strong>OAP.</strong></span> <span class='ocrx_word' id='word_1_72' title='bbox 760 1255 864 1320; x_wconf 92' lang='lat' dir='ltr'><strong>XIX.</strong></span> 
     </span>
    </p>
   </div>
   <div class='ocr_carea' id='block_1_4' title="bbox 172 1357 1295 1594">
    <p class='ocr_par' dir='ltr' id='par_1_4' title="bbox 172 1357 1295 1594">
     <span class='ocr_line' id='line_1_11' title="bbox 199 1357 1295 1436; baseline 0.005 -22"><span class='ocrx_word' id='word_1_73' title='bbox 199 1357 236 1414; x_wconf 92' lang='lat' dir='ltr'>Ut</span> <span class='ocrx_word' id='word_1_74' title='bbox 255 1357 375 1414; x_wconf 63' lang='lat' dir='ltr'>Forsan</span> <span class='ocrx_word' id='word_1_75' title='bbox 388 1360 461 1433; x_wconf 74' lang='lat' dir='ltr'>opud</span> <span class='ocrx_word' id='word_1_76' title='bbox 475 1358 630 1420; x_wconf 73' lang='lat' dir='ltr'>orientales</span> <span class='ocrx_word' id='word_1_77' title='bbox 644 1361 750 1434; x_wconf 74' lang='lat' dir='ltr'>Aaplos</span> <span class='ocrx_word' id='word_1_78' title='bbox 763 1361 1062 1436; x_wconf 77' lang='lat' dir='ltr'>monasteriumseoerit</span> <span class='ocrx_word' id='word_1_79' title='bbox 1069 1385 1080 1428; x_wconf 90' lang='lat'>,·</span> <span class='ocrx_word' id='word_1_80' title='bbox 1101 1370 1128 1418; x_wconf 87' lang='lat' dir='ltr'>et</span> <span class='ocrx_word' id='word_1_81' title='bbox 1144 1364 1176 1419; x_wconf 85' lang='lat' dir='ltr'>de</span> <span class='ocrx_word' id='word_1_82' title='bbox 1185 1364 1295 1420; x_wconf 73' lang='lat' dir='ltr'>visione·</span> 
     </span>
     <span class='ocr_line' id='line_1_12' title="bbox 172 1437 1295 1519; baseline 0.005 -25"><span class='ocrx_word' id='word_1_83' title='bbox 172 1449 186 1494; x_wconf 83' lang='lat'><strong>5</strong></span> <span class='ocrx_word' id='word_1_84' title='bbox 240 1437 288 1494; x_wconf 78' lang='lat' dir='ltr'>ltus</span> <span class='ocrx_word' id='word_1_85' title='bbox 301 1439 346 1494; x_wconf 85' lang='lat' dir='ltr'>vel</span> <span class='ocrx_word' id='word_1_86' title='bbox 357 1440 502 1498; x_wconf 77' lang='lat' dir='ltr'>sanctitate</span> <span class='ocrx_word' id='word_1_87' title='bbox 515 1442 581 1512; x_wconf 79' lang='lat' dir='ltr'>ejas,</span> <span class='ocrx_word' id='word_1_88' title='bbox 597 1443 642 1498; x_wconf 80' lang='lat' dir='ltr'>oui</span> <span class='ocrx_word' id='word_1_89' title='bbox 657 1442 738 1498; x_wconf 78' lang='lat' dir='ltr'>etium</span> <span class='ocrx_word' id='word_1_90' title='bbox 755 1459 819 1498; x_wconf 77' lang='lat' dir='ltr'>otro</span> <span class='ocrx_word' id='word_1_91' title='bbox 834 1450 901 1516; x_wconf 81' lang='lat' dir='ltr'>post</span> <span class='ocrx_word' id='word_1_92' title='bbox 919 1451 1031 1498; x_wconf 88' lang='lat' dir='ltr'>mortem</span> <span class='ocrx_word' id='word_1_93' title='bbox 1048 1443 1205 1519; x_wconf 78' lang='lat' dir='ltr'>incorrupto</span> <span class='ocrx_word' id='word_1_94' title='bbox 1219 1445 1295 1503; x_wconf 79' lang='lat' dir='ltr'>teeti-</span> 
     </span>
     <span class='ocr_line' id='line_1_13' title="bbox 237 1519 1155 1594; baseline 0.009 -20"><span class='ocrx_word' id='word_1_95' title='bbox 237 1519 351 1576; x_wconf 80' lang='lat' dir='ltr'>moniam</span> <span class='ocrx_word' id='word_1_96' title='bbox 358 1520 537 1594; x_wconf 75' lang='lat' dir='ltr'>perhibuerit.</span> <span class='ocrx_word' id='word_1_97' title='bbox 1153 1540 1155 1543; x_wconf 86' lang='grc'><strong><em>·</em></strong></span> 
     </span>
    </p>
   </div>
   <div class='ocr_carea' id='block_1_5' title="bbox 159 1612 1441 2815">
    <p class='ocr_par' dir='ltr' id='par_1_5' title="bbox 198 1612 1441 1960">
     <span class='ocr_line' id='line_1_14' title="bbox 214 1612 1441 1702; baseline 0.01 -28"><span class='ocrx_word' id='word_1_98' title='bbox 214 1612 216 1615; x_wconf 71' lang='grc'>’</span> <span class='ocrx_word' id='word_1_99' title='bbox 241 1612 361 1675; x_wconf 81' lang='lat' dir='ltr'>Vnuuu</span> <span class='ocrx_word' id='word_1_100' title='bbox 376 1614 452 1676; x_wconf 92' lang='lat' dir='ltr'>dum</span> <span class='ocrx_word' id='word_1_101' title='bbox 465 1615 570 1680; x_wconf 82' lang='lat' dir='ltr'>edhuo</span> <span class='ocrx_word' id='word_1_102' title='bbox 587 1614 735 1700; x_wconf 85' lang='lat' dir='ltr'>Sigberot</span> <span class='ocrx_word' id='word_1_103' title='bbox 754 1615 844 1701; x_wconf 84' lang='lat' dir='ltr'>regni</span> <span class='ocrx_word' id='word_1_104' title='bbox 859 1615 1005 1680; x_wconf 77' lang='lat' dir='ltr'>minfulas</span> <span class='ocrx_word' id='word_1_105' title='bbox 1018 1623 1165 1693; x_wconf 80' lang='lat' dir='ltr'>teneret3</span> <span class='ocrx_word' id='word_1_106' title='bbox 1189 1640 1296 1702; x_wconf 88' lang='lat' dir='ltr'>super·</span> <span class='ocrx_word' id='word_1_107' title='bbox 1306 1637 1389 1687; x_wconf 64' lang='lat' dir='ltr'>aursei</span> <span class='ocrx_word' id='word_1_108' title='bbox 1401 1653 1441 1686; x_wconf 80' lang='lat' dir='ltr'>ec-</span> 
     </span>
     <span class='ocr_line' id='line_1_15' title="bbox 198 1697 1395 1781; baseline 0.008 -21"><span class='ocrx_word' id='word_1_109' title='bbox 198 1697 285 1762; x_wconf 89' lang='lat' dir='ltr'>venit</span> <span class='ocrx_word' id='word_1_110' title='bbox 314 1699 353 1762; x_wconf 93' lang='lat' dir='ltr'>de</span> <span class='ocrx_word' id='word_1_111' title='bbox 381 1698 540 1766; x_wconf 86' lang='lat' dir='ltr'>Hibernia</span> <span class='ocrx_word' id='word_1_112' title='bbox 565 1701 613 1764; x_wconf 91' lang='lat' dir='ltr'>vir</span> <span class='ocrx_word' id='word_1_113' title='bbox 642 1709 780 1778; x_wconf 84' lang='lat' dir='ltr'>sanetus,</span> <span class='ocrx_word' id='word_1_114' title='bbox 806 1701 933 1764; x_wconf 90' lang='lat' dir='ltr'>nomine</span> <span class='ocrx_word' id='word_1_115' title='bbox 963 1703 1111 1781; x_wconf 91' lang='lat' dir='ltr'>Furseus,</span> <span class='ocrx_word' id='word_1_116' title='bbox 1138 1705 1234 1767; x_wconf 88' lang='lat' dir='ltr'>verbo</span> <span class='ocrx_word' id='word_1_117' title='bbox 1263 1712 1395 1769; x_wconf 59' lang='lat' dir='ltr'>etm-</span> 
     </span>
     <span class='ocr_line' id='line_1_16' title="bbox 198 1783 1297 1874; baseline 0.006 -28"><span class='ocrx_word' id='word_1_118' title='bbox 198 1783 324 1847; x_wconf 83' lang='lat' dir='ltr'>autibus</span> <span class='ocrx_word' id='word_1_119' title='bbox 349 1785 461 1864; x_wconf 81' lang='lat' dir='ltr'>olums,</span> <span class='ocrx_word' id='word_1_120' title='bbox 486 1787 542 1850; x_wconf 90' lang='lat' dir='ltr'>sed</span> <span class='ocrx_word' id='word_1_121' title='bbox 567 1787 709 1872; x_wconf 82' lang='lat' dir='ltr'>egregiis¹</span> <span class='ocrx_word' id='word_1_122' title='bbox 723 1787 855 1872; x_wconf 85' lang='lat' dir='ltr'>insignis</span> <span class='ocrx_word' id='word_1_123' title='bbox 877 1787 1058 1866; x_wconf 86' lang='lat' dir='ltr'>virtutibus,</span> <span class='ocrx_word' id='word_1_124' title='bbox 1084 1788 1214 1873; x_wconf 88' lang='lat' dir='ltr'>oupieas</span> <span class='ocrx_word' id='word_1_125' title='bbox 1238 1813 1297 1874; x_wconf 90' lang='lat' dir='ltr'>pro</span> 
     </span>
     <span class='ocr_line' id='line_1_17' title="bbox 200 1868 1298 1960; baseline 0.009 -30"><span class='ocrx_word' id='word_1_126' title='bbox 200 1868 346 1947; x_wconf 85' lang='lat' dir='ltr'>Domino,</span> <span class='ocrx_word' id='word_1_127' title='bbox 371 1870 559 1954; x_wconf 73' lang='lat' dir='ltr'>ubicumque</span> <span class='ocrx_word' id='word_1_128' title='bbox 584 1872 643 1936; x_wconf 92' lang='lat' dir='ltr'>sibi</span> <span class='ocrx_word' id='word_1_129' title='bbox 669 1880 884 1957; x_wconf 89' lang='lat' dir='ltr'>opportunum</span> <span class='ocrx_word' id='word_1_130' title='bbox 908 1872 1072 1952; x_wconf 85' lang='lat' dir='ltr'>inveniret,</span> <span class='ocrx_word' id='word_1_131' title='bbox 1098 1874 1298 1960; x_wconf 82' lang='lat' dir='ltr'>peregrinam</span> 
     </span>
    </p>

    <p class='ocr_par' dir='ltr' id='par_1_6' title="bbox 160 1954 1298 2130">
     <span class='ocr_line' id='line_1_18' title="bbox 160 1954 1297 2045; baseline 0.008 -29"><span class='ocrx_word' id='word_1_132' title='bbox 160 1954 313 2018; x_wconf 80' lang='lat' dir='ltr'>¹c=duoero</span> <span class='ocrx_word' id='word_1_133' title='bbox 338 1955 445 2026; x_wconf 81' lang='lat' dir='ltr'>vitam.</span> <span class='ocrx_word' id='word_1_134' title='bbox 491 1957 647 2037; x_wconf 75' lang='lat' dir='ltr'>Quicum</span> <span class='ocrx_word' id='word_1_135' title='bbox 672 1958 715 2022; x_wconf 82' lang='lat' dir='ltr'>ad</span> <span class='ocrx_word' id='word_1_136' title='bbox 739 1958 935 2042; x_wconf 82' lang='lat' dir='ltr'>provinciam</span> <span class='ocrx_word' id='word_1_137' title='bbox 957 1957 1167 2024; x_wconf 77' lang='lat' dir='ltr'>Orientalium</span> <span class='ocrx_word' id='word_1_138' title='bbox 1189 1983 1297 2045; x_wconf 80' lang='lat' dir='ltr'>perve</span> 
     </span>
     <span class='ocr_line' id='line_1_19' title="bbox 198 2040 1298 2130; baseline 0.008 -28"><span class='ocrx_word' id='word_1_139' title='bbox 198 2040 298 2104; x_wconf 88' lang='lat' dir='ltr'>nisset</span> <span class='ocrx_word' id='word_1_140' title='bbox 313 2040 500 2126; x_wconf 83' lang='lat' dir='ltr'>Anglorum‚</span> <span class='ocrx_word' id='word_1_141' title='bbox 517 2049 682 2127; x_wconf 84' lang='lat' dir='ltr'>suseeptus</span> <span class='ocrx_word' id='word_1_142' title='bbox 700 2050 750 2107; x_wconf 85' lang='lat' dir='ltr'>est</span> <span class='ocrx_word' id='word_1_143' title='bbox 767 2043 939 2107; x_wconf 87' lang='lat' dir='ltr'>honorifioe</span> <span class='ocrx_word' id='word_1_144' title='bbox 957 2066 979 2107; x_wconf 85' lang='lat' dir='ltr'>a</span> <span class='ocrx_word' id='word_1_145' title='bbox 994 2065 1070 2130; x_wconf 84' lang='lat' dir='ltr'>rege</span> <span class='ocrx_word' id='word_1_146' title='bbox 1086 2046 1239 2130; x_wconf 82' lang='lat' dir='ltr'>praefato:</span> <span class='ocrx_word' id='word_1_147' title='bbox 1264 2053 1298 2111; x_wconf 89' lang='lat' dir='ltr'>et</span> 
     </span>
    </p>

    <p class='ocr_par' dir='ltr' id='par_1_7' title="bbox 174 2125 1297 2450">
     <span class='ocr_line' id='line_1_20' title="bbox 174 2125 1297 2216; baseline 0.006 -28"><span class='ocrx_word' id='word_1_148' title='bbox 174 2165 177 2174; x_wconf 74' lang='lat'><strong>.</strong></span> <span class='ocrx_word' id='word_1_149' title='bbox 198 2125 327 2190; x_wconf 87' lang='lat' dir='ltr'>solitum</span> <span class='ocrx_word' id='word_1_150' title='bbox 344 2125 404 2190; x_wconf 89' lang='lat' dir='ltr'>sibi</span> <span class='ocrx_word' id='word_1_151' title='bbox 419 2149 499 2212; x_wconf 87' lang='lat' dir='ltr'>opus</span> <span class='ocrx_word' id='word_1_152' title='bbox 514 2129 747 2213; x_wconf 81' lang='lat' dir='ltr'>evangelizandi</span> <span class='ocrx_word' id='word_1_153' title='bbox 762 2151 945 2212; x_wconf 83' lang='lat' dir='ltr'>exsequens,</span> <span class='ocrx_word' id='word_1_154' title='bbox 960 2130 1077 2194; x_wconf 83' lang='lat' dir='ltr'>multos</span> <span class='ocrx_word' id='word_1_155' title='bbox 1098 2139 1133 2194; x_wconf 87' lang='lat' dir='ltr'>et</span> <span class='ocrx_word' id='word_1_156' title='bbox 1155 2132 1297 2216; x_wconf 84' lang='lat' dir='ltr'>exemplo</span> 
     </span>
     <span class='ocr_line' id='line_1_21' title="bbox 198 2210 1297 2291; baseline 0.007 -17"><span class='ocrx_word' id='word_1_157' title='bbox 198 2210 325 2276; x_wconf 86' lang='lat' dir='ltr'>virtutis</span> <span class='ocrx_word' id='word_1_158' title='bbox 347 2218 381 2278; x_wconf 89' lang='lat' dir='ltr'>et</span> <span class='ocrx_word' id='word_1_159' title='bbox 402 2212 609 2280; x_wconf 84' lang='lat' dir='ltr'>inuitamento</span> <span class='ocrx_word' id='word_1_160' title='bbox 632 2215 795 2291; x_wconf 88' lang='lat' dir='ltr'>sermonis,</span> <span class='ocrx_word' id='word_1_161' title='bbox 811 2214 860 2278; x_wconf 89' lang='lat' dir='ltr'>vel</span> <span class='ocrx_word' id='word_1_162' title='bbox 881 2214 1058 2279; x_wconf 89' lang='lat' dir='ltr'>ineredulos</span> <span class='ocrx_word' id='word_1_163' title='bbox 1076 2217 1119 2281; x_wconf 81' lang='lat' dir='ltr'>ed</span> <span class='ocrx_word' id='word_1_164' title='bbox 1134 2217 1297 2282; x_wconf 74' lang='lat' dir='ltr'>Christum</span> 
     </span>
     <span class='ocr_line' id='line_1_22' title="bbox 197 2297 1297 2388; baseline 0.009 -30"><span class='ocrx_word' id='word_1_165' title='bbox 197 2297 365 2374; x_wconf 79' lang='lat' dir='ltr'>convertit,</span> <span class='ocrx_word' id='word_1_166' title='bbox 391 2298 440 2362; x_wconf 89' lang='lat' dir='ltr'>vel</span> <span class='ocrx_word' id='word_1_167' title='bbox 460 2299 528 2382; x_wconf 81' lang='lat' dir='ltr'>jam</span> <span class='ocrx_word' id='word_1_168' title='bbox 551 2299 717 2364; x_wconf 83' lang='lat' dir='ltr'>eredentes</span> <span class='ocrx_word' id='word_1_169' title='bbox 741 2300 903 2384; x_wconf 84' lang='lat' dir='ltr'>namplius</span> <span class='ocrx_word' id='word_1_170' title='bbox 928 2300 962 2364; x_wconf 93' lang='lat' dir='ltr'>in</span> <span class='ocrx_word' id='word_1_171' title='bbox 983 2301 1046 2365; x_wconf 88' lang='lat' dir='ltr'>fide</span> <span class='ocrx_word' id='word_1_172' title='bbox 1068 2309 1166 2388; x_wconf 85' lang='lat' dir='ltr'>atque</span> <span class='ocrx_word' id='word_1_173' title='bbox 1189 2325 1297 2368; x_wconf 84' lang='lat' dir='ltr'>amore</span> 
     </span>
     <span class='ocr_line' id='line_1_23' title="bbox 198 2381 540 2450; baseline 0.003 -4"><span class='ocrx_word' id='word_1_174' title='bbox 198 2381 318 2446; x_wconf 73' lang='lat' dir='ltr'>Christi</span> <span class='ocrx_word' id='word_1_175' title='bbox 333 2383 540 2450; x_wconf 76' lang='lat' dir='ltr'>confirmavit.</span> 
     </span>
    </p>

    <p class='ocr_par' dir='ltr' id='par_1_8' title="bbox 159 2467 1298 2815">
     <span class='ocr_line' id='line_1_24' title="bbox 159 2467 1298 2557; baseline 0.004 -24"><span class='ocrx_word' id='word_1_176' title='bbox 159 2488 186 2533; x_wconf 86' lang='lat'>¹⁵</span> <span class='ocrx_word' id='word_1_177' title='bbox 243 2467 309 2532; x_wconf 89' lang='lat' dir='ltr'>Ubi</span> <span class='ocrx_word' id='word_1_178' title='bbox 324 2469 462 2552; x_wconf 82' lang='lat' dir='ltr'>quadam</span> <span class='ocrx_word' id='word_1_179' title='bbox 489 2470 675 2535; x_wconf 81' lang='lat' dir='ltr'>infirmitate</span> <span class='ocrx_word' id='word_1_180' title='bbox 697 2471 839 2555; x_wconf 84' lang='lat' dir='ltr'>eorporis</span> <span class='ocrx_word' id='word_1_181' title='bbox 855 2479 1012 2554; x_wconf 77' lang='lat' dir='ltr'>arreptus,</span> <span class='ocrx_word' id='word_1_182' title='bbox 1027 2472 1169 2557; x_wconf 75' lang='lat' dir='ltr'>angelica</span> <span class='ocrx_word' id='word_1_183' title='bbox 1182 2474 1298 2538; x_wconf 89' lang='lat' dir='ltr'>meruit</span> 
     </span>
     <span class='ocr_line' id='line_1_25' title="bbox 199 2552 1297 2641; baseline 0.006 -24"><span class='ocrx_word' id='word_1_184' title='bbox 199 2552 318 2619; x_wconf 87' lang='lat' dir='ltr'>visione</span> <span class='ocrx_word' id='word_1_185' title='bbox 338 2554 466 2638; x_wconf 79' lang='lat' dir='ltr'>perfrui,</span> <span class='ocrx_word' id='word_1_186' title='bbox 481 2555 515 2620; x_wconf 90' lang='lat' dir='ltr'>in</span> <span class='ocrx_word' id='word_1_187' title='bbox 534 2579 596 2641; x_wconf 84' lang='lat' dir='ltr'>qua</span> <span class='ocrx_word' id='word_1_188' title='bbox 617 2556 799 2621; x_wconf 82' lang='lat' dir='ltr'>admonitus</span> <span class='ocrx_word' id='word_1_189' title='bbox 820 2565 871 2622; x_wconf 87' lang='lat' dir='ltr'>est</span> <span class='ocrx_word' id='word_1_190' title='bbox 892 2565 999 2641; x_wconf 87' lang='lat' dir='ltr'>ooepto</span> <span class='ocrx_word' id='word_1_191' title='bbox 1013 2558 1100 2621; x_wconf 90' lang='lat' dir='ltr'>verbi</span> <span class='ocrx_word' id='word_1_192' title='bbox 1121 2559 1297 2624; x_wconf 88' lang='lat' dir='ltr'>ministerio</span> 
     </span>
     <span class='ocr_line' id='line_1_26' title="bbox 198 2640 1298 2727; baseline 0.005 -24"><span class='ocrx_word' id='word_1_193' title='bbox 198 2640 324 2703; x_wconf 87' lang='lat' dir='ltr'>sedulus</span> <span class='ocrx_word' id='word_1_194' title='bbox 338 2641 493 2718; x_wconf 88' lang='lat' dir='ltr'>insistere,</span> <span class='ocrx_word' id='word_1_195' title='bbox 504 2642 678 2727; x_wconf 83' lang='lat' dir='ltr'>vigiliisque</span> <span class='ocrx_word' id='word_1_196' title='bbox 689 2643 848 2707; x_wconf 88' lang='lat' dir='ltr'>eonsuetis</span> <span class='ocrx_word' id='word_1_197' title='bbox 863 2649 897 2705; x_wconf 88' lang='lat' dir='ltr'>et</span> <span class='ocrx_word' id='word_1_198' title='bbox 911 2643 1109 2706; x_wconf 84' lang='lat' dir='ltr'>orationibus</span> <span class='ocrx_word' id='word_1_199' title='bbox 1123 2645 1298 2709; x_wconf 82' lang='lat' dir='ltr'>indefessus</span> 
     </span>
     <span class='ocr_line' id='line_1_27' title="bbox 197 2724 1297 2815; baseline 0.006 -28"><span class='ocrx_word' id='word_1_200' title='bbox 197 2724 397 2801; x_wconf 74' lang='lat' dir='ltr'>incumber03</span> <span class='ocrx_word' id='word_1_201' title='bbox 422 2728 559 2811; x_wconf 91' lang='lat' dir='ltr'>eoquod</span> <span class='ocrx_word' id='word_1_202' title='bbox 581 2736 686 2792; x_wconf 87' lang='lat' dir='ltr'>eertus</span> <span class='ocrx_word' id='word_1_203' title='bbox 709 2728 769 2795; x_wconf 89' lang='lat' dir='ltr'>sibi</span> <span class='ocrx_word' id='word_1_204' title='bbox 789 2728 922 2804; x_wconf 83' lang='lat' dir='ltr'>⁰exitus,</span> <span class='ocrx_word' id='word_1_205' title='bbox 939 2728 994 2791; x_wconf 83' lang='lat' dir='ltr'>sed</span> <span class='ocrx_word' id='word_1_206' title='bbox 1014 2728 1137 2793; x_wconf 82' lang='lat' dir='ltr'>ineerta</span> <span class='ocrx_word' id='word_1_207' title='bbox 1156 2731 1297 2815; x_wconf 86' lang='lat' dir='ltr'>ejusdem</span> 
     </span>
    </p>
   </div>
   <div class='ocr_carea' id='block_1_6' title="bbox 198 2870 1297 2983">
    <p class='ocr_par' dir='ltr' id='par_1_9' title="bbox 198 2870 1297 2983">
     <span class='ocr_line' id='line_1_28' title="bbox 235 2870 1297 2934; baseline 0.005 -17"><span class='ocrx_word' id='word_1_208' title='bbox 235 2870 348 2931; x_wconf 76' lang='lat' dir='ltr'>koptimi</span> <span class='ocrx_word' id='word_1_209' title='bbox 358 2872 480 2930; x_wconf 73' lang='lat' dir='ltr'>genitoris</span> <span class='ocrx_word' id='word_1_210' title='bbox 490 2871 578 2918; x_wconf 79' lang='lat' dir='ltr'>soboles</span> <span class='ocrx_word' id='word_1_211' title='bbox 589 2871 619 2918; x_wconf 95' lang='lat' dir='ltr'>V.</span> <span class='ocrx_word' id='word_1_212' title='bbox 737 2872 1014 2934; x_wconf 65' lang='lat' dir='ltr'>lproeuecessoresvo.</span> <span class='ocrx_word' id='word_1_213' title='bbox 1129 2876 1258 2922; x_wconf 55' lang='lat' dir='ltr'>maarai</span> <span class='ocrx_word' id='word_1_214' title='bbox 1267 2874 1297 2922; x_wconf 92' lang='lat' dir='ltr'>V.</span> 
     </span>
     <span class='ocr_line' id='line_1_29' title="bbox 198 2934 659 2983; baseline -0.002 -3"><span class='ocrx_word' id='word_1_215' title='bbox 198 2944 213 2972; x_wconf 83' lang='lat'>11</span> <span class='ocrx_word' id='word_1_216' title='bbox 226 2935 302 2980; x_wconf 83' lang='lat' dir='ltr'>etiam</span> <span class='ocrx_word' id='word_1_217' title='bbox 314 2934 342 2983; x_wconf 92' lang='lat' dir='ltr'>V.</span> <span class='ocrx_word' id='word_1_218' title='bbox 476 2944 490 2973; x_wconf 92' lang='lat'>0</span> <span class='ocrx_word' id='word_1_219' title='bbox 503 2942 564 2981; x_wconf 78' lang='lat' dir='ltr'>esset</span> <span class='ocrx_word' id='word_1_220' title='bbox 574 2936 618 2982; x_wconf 73' lang='lat' dir='ltr'>recl</span> <span class='ocrx_word' id='word_1_221' title='bbox 628 2935 659 2982; x_wconf 88' lang='lat' dir='ltr'>V.</span> 
     </span>
    </p>
   </div>
   <div class='ocr_carea' id='block_1_7' title="bbox 171 3048 1354 4589">
    <p class='ocr_par' dir='ltr' id='par_1_10' title="bbox 197 3048 1296 3178">
     <span class='ocr_line' id='line_1_30' title="bbox 231 3048 1296 3113; baseline 0.007 -18"><span class='ocrx_word' id='word_1_222' title='bbox 231 3060 271 3109; x_wconf 86' lang='grc'>39.</span> <span class='ocrx_word' id='word_1_223' title='bbox 283 3049 313 3095; x_wconf 82' lang='lat' dir='ltr'>de</span> <span class='ocrx_word' id='word_1_224' title='bbox 323 3050 392 3107; x_wconf 66' lang='lat' dir='ltr'>regio</span> <span class='ocrx_word' id='word_1_225' title='bbox 403 3048 505 3109; x_wconf 76' lang='lat' dir='ltr'>genere]</span> <span class='ocrx_word' id='word_1_226' title='bbox 526 3048 580 3095; x_wconf 87' lang='lat' dir='ltr'>Fuit</span> <span class='ocrx_word' id='word_1_227' title='bbox 598 3048 645 3095; x_wconf 87' lang='lat' dir='ltr'>Eni</span> <span class='ocrx_word' id='word_1_228' title='bbox 658 3048 733 3095; x_wconf 79' lang='lat' dir='ltr'>frater</span> <span class='ocrx_word' id='word_1_229' title='bbox 744 3049 873 3096; x_wconf 83' lang='lat' dir='ltr'>Redauldl.</span> <span class='ocrx_word' id='word_1_230' title='bbox 886 3050 923 3097; x_wconf 86' lang='lat' dir='ltr'>Fl.</span> <span class='ocrx_word' id='word_1_231' title='bbox 935 3050 989 3111; x_wconf 79' lang='lat' dir='ltr'>Vig.</span> <span class='ocrx_word' id='word_1_232' title='bbox 1001 3050 1174 3113; x_wconf 78' lang='lat' dir='ltr'>chronologia.</span> <span class='ocrx_word' id='word_1_233' title='bbox 1190 3053 1296 3113; x_wconf 78' lang='lat' dir='ltr'>[Genet-</span> 
     </span>
     <span class='ocr_line' id='line_1_31' title="bbox 197 3110 1295 3178; baseline 0.007 -21"><span class='ocrx_word' id='word_1_234' title='bbox 197 3111 272 3172; x_wconf 78' lang='lat' dir='ltr'>logia,</span> <span class='ocrx_word' id='word_1_235' title='bbox 284 3127 307 3172; x_wconf 91' lang='lat' dir='ltr'>p.</span> <span class='ocrx_word' id='word_1_236' title='bbox 320 3110 389 3174; x_wconf 73' lang='lat' dir='ltr'>boo]</span> <span class='ocrx_word' id='word_1_237' title='bbox 406 3112 431 3159; x_wconf 89' lang='lat' dir='ltr'>S.</span> <span class='ocrx_word' id='word_1_238' title='bbox 466 3112 566 3159; x_wconf 88' lang='lat' dir='ltr'>laitium</span> <span class='ocrx_word' id='word_1_239' title='bbox 580 3114 647 3173; x_wconf 84' lang='lat' dir='ltr'>regni</span> <span class='ocrx_word' id='word_1_240' title='bbox 661 3115 738 3159; x_wconf 71' lang='lat' dir='ltr'>Anam</span> <span class='ocrx_word' id='word_1_241' title='bbox 750 3113 820 3174; x_wconf 84' lang='lat' dir='ltr'>ponit</span> <span class='ocrx_word' id='word_1_242' title='bbox 831 3114 862 3159; x_wconf 82' lang='lat' dir='ltr'>ud</span> <span class='ocrx_word' id='word_1_243' title='bbox 876 3114 944 3161; x_wconf 72' lang='grc' dir='ltr'>Μ).</span> <span class='ocrx_word' id='word_1_244' title='bbox 957 3114 1012 3175; x_wconf 91' lang='grc'>636.</span> <span class='ocrx_word' id='word_1_245' title='bbox 1025 3116 1090 3164; x_wconf 82' lang='lat' dir='ltr'>Flet.</span> <span class='ocrx_word' id='word_1_246' title='bbox 1100 3117 1155 3178; x_wconf 78' lang='lat' dir='ltr'><strong>vig.</strong></span> <span class='ocrx_word' id='word_1_247' title='bbox 1168 3117 1193 3163; x_wconf 88' lang='lat' dir='ltr'>in</span> <span class='ocrx_word' id='word_1_248' title='bbox 1206 3118 1295 3165; x_wconf 88' lang='lat' dir='ltr'>Chrou.</span> 
     </span>
    </p>

    <p class='ocr_par' dir='ltr' id='par_1_11' title="bbox 171 3172 1354 3481">
     <span class='ocr_line' id='line_1_32' title="bbox 171 3172 1297 3239; baseline 0.005 -16"><span class='ocrx_word' id='word_1_249' title='bbox 171 3234 173 3237; x_wconf 22' lang='grc' dir='ltr'>Ι</span> <span class='ocrx_word' id='word_1_250' title='bbox 230 3190 270 3235; x_wconf 88' lang='grc' dir='ltr'>4ο.</span> <span class='ocrx_word' id='word_1_251' title='bbox 281 3179 379 3239; x_wconf 71' lang='lat' dir='ltr'>optima</span> <span class='ocrx_word' id='word_1_252' title='bbox 389 3177 483 3237; x_wconf 79' lang='lat' dir='ltr'>sobolis]</span> <span class='ocrx_word' id='word_1_253' title='bbox 498 3176 560 3224; x_wconf 84' lang='lat' dir='ltr'>Vide</span> <span class='ocrx_word' id='word_1_254' title='bbox 571 3177 643 3236; x_wconf 88' lang='lat' dir='ltr'>hujus</span> <span class='ocrx_word' id='word_1_255' title='bbox 653 3177 709 3223; x_wconf 81' lang='lat' dir='ltr'>libri</span> <span class='ocrx_word' id='word_1_256' title='bbox 722 3172 795 3237; x_wconf 75' lang='lat' dir='ltr'>caput</span> <span class='ocrx_word' id='word_1_257' title='bbox 805 3188 825 3239; x_wconf 81' lang='lat'><strong>7.</strong></span> <span class='ocrx_word' id='word_1_258' title='bbox 871 3178 940 3225; x_wconf 85' lang='lat' dir='ltr'>Nota</span> <span class='ocrx_word' id='word_1_259' title='bbox 954 3180 1038 3237; x_wconf 87' lang='lat' dir='ltr'>etiam,</span> <span class='ocrx_word' id='word_1_260' title='bbox 1053 3180 1129 3227; x_wconf 87' lang='lat' dir='ltr'>soboli</span> <span class='ocrx_word' id='word_1_261' title='bbox 1141 3182 1175 3228; x_wconf 89' lang='lat' dir='ltr'>ibi</span> <span class='ocrx_word' id='word_1_262' title='bbox 1190 3183 1297 3229; x_wconf 72' lang='lat' dir='ltr'>recitate</span> 
     </span>
     <span class='ocr_line' id='line_1_33' title="bbox 198 3240 1296 3308; baseline 0.006 -22"><span class='ocrx_word' id='word_1_263' title='bbox 198 3240 306 3291; x_wconf 78' lang='lat' dir='ltr'>additam</span> <span class='ocrx_word' id='word_1_264' title='bbox 319 3241 393 3287; x_wconf 83' lang='lat' dir='ltr'>fuisse</span> <span class='ocrx_word' id='word_1_265' title='bbox 406 3240 565 3301; x_wconf 80' lang='lat' dir='ltr'>Uithbergatn</span> <span class='ocrx_word' id='word_1_266' title='bbox 576 3256 630 3301; x_wconf 80' lang='lat' dir='ltr'>quae</span> <span class='ocrx_word' id='word_1_267' title='bbox 642 3242 780 3289; x_wconf 84' lang='lat' dir='ltr'>monasterii</span> <span class='ocrx_word' id='word_1_268' title='bbox 794 3243 918 3290; x_wconf 83' lang='lat' dir='ltr'>Helieasis</span> <span class='ocrx_word' id='word_1_269' title='bbox 929 3244 1190 3305; x_wconf 73' lang='lat' dir='ltr'>sauodmooialiserat,</span> <span class='ocrx_word' id='word_1_270' title='bbox 1199 3253 1226 3293; x_wconf 85' lang='lat' dir='ltr'>et</span> <span class='ocrx_word' id='word_1_271' title='bbox 1234 3262 1296 3308; x_wconf 75' lang='lat' dir='ltr'>quur,</span> 
     </span>
     <span class='ocr_line' id='line_1_34' title="bbox 198 3304 1297 3371; baseline 0.006 -20"><span class='ocrx_word' id='word_1_272' title='bbox 198 3306 330 3352; x_wconf 84' lang='lat' dir='ltr'>secundum</span> <span class='ocrx_word' id='word_1_273' title='bbox 343 3304 462 3351; x_wconf 79' lang='lat' dir='ltr'>&#39;ihomanr</span> <span class='ocrx_word' id='word_1_274' title='bbox 476 3306 608 3363; x_wconf 84' lang='lat' dir='ltr'>Elieasem,</span> <span class='ocrx_word' id='word_1_275' title='bbox 622 3314 676 3365; x_wconf 87' lang='lat' dir='ltr'>post</span> <span class='ocrx_word' id='word_1_276' title='bbox 694 3306 887 3354; x_wconf 81' lang='lat' dir='ltr'>interfectionem</span> <span class='ocrx_word' id='word_1_277' title='bbox 906 3308 991 3367; x_wconf 82' lang='lat' dir='ltr'>patris,</span> <span class='ocrx_word' id='word_1_278' title='bbox 1005 3310 1069 3369; x_wconf 89' lang='lat' dir='ltr'>apud</span> <span class='ocrx_word' id='word_1_279' title='bbox 1083 3311 1222 3371; x_wconf 80' lang='lat' dir='ltr'>Dyracham</span> <span class='ocrx_word' id='word_1_280' title='bbox 1238 3312 1297 3358; x_wconf 81' lang='lat' dir='ltr'>soli-</span> 
     </span>
     <span class='ocr_line' id='line_1_35' title="bbox 198 3368 1354 3431; baseline 0.007 -16"><span class='ocrx_word' id='word_1_281' title='bbox 198 3369 259 3415; x_wconf 89' lang='lat' dir='ltr'>tarie</span> <span class='ocrx_word' id='word_1_282' title='bbox 272 3368 339 3417; x_wconf 80' lang='lat' dir='ltr'>vixit.</span> <span class='ocrx_word' id='word_1_283' title='bbox 375 3369 481 3416; x_wconf 81' lang='lat' dir='ltr'>Filiabus</span> <span class='ocrx_word' id='word_1_284' title='bbox 492 3370 574 3415; x_wconf 77' lang='lat' dir='ltr'>Annae</span> <span class='ocrx_word' id='word_1_285' title='bbox 585 3370 688 3417; x_wconf 85' lang='lat' dir='ltr'>addendi</span> <span class='ocrx_word' id='word_1_286' title='bbox 705 3378 762 3417; x_wconf 83' lang='lat' dir='ltr'>sunt</span> <span class='ocrx_word' id='word_1_287' title='bbox 778 3372 852 3418; x_wconf 86' lang='lat' dir='ltr'>etiam</span> <span class='ocrx_word' id='word_1_288' title='bbox 864 3372 913 3418; x_wconf 92' lang='lat' dir='ltr'>duo</span> <span class='ocrx_word' id='word_1_289' title='bbox 925 3372 968 3419; x_wconf 86' lang='lat' dir='ltr'>filii</span> <span class='ocrx_word' id='word_1_290' title='bbox 979 3373 1114 3421; x_wconf 82' lang='lat' dir='ltr'>Aldualfas</span> <span class='ocrx_word' id='word_1_291' title='bbox 1124 3382 1149 3422; x_wconf 88' lang='lat' dir='ltr'>et</span> <span class='ocrx_word' id='word_1_292' title='bbox 1157 3375 1295 3431; x_wconf 63' lang='lat' dir='ltr'>larmirus.</span> <span class='ocrx_word' id='word_1_293' title='bbox 1348 3373 1354 3377; x_wconf 73' lang='grc'>’</span> 
     </span>
     <span class='ocr_line' id='line_1_36' title="bbox 200 3432 313 3481; baseline 0.009 -3"><span class='ocrx_word' id='word_1_294' title='bbox 200 3432 275 3481; x_wconf 80' lang='lat' dir='ltr'>ldear.</span> <span class='ocrx_word' id='word_1_295' title='bbox 290 3434 313 3479; x_wconf 87' lang='lat' dir='ltr'><strong>S.</strong></span> 
     </span>
    </p>

    <p class='ocr_par' dir='ltr' id='par_1_12' title="bbox 197 3498 1297 3753">
     <span class='ocr_line' id='line_1_37' title="bbox 233 3498 1296 3565; baseline 0.005 -20"><span class='ocrx_word' id='word_1_296' title='bbox 233 3512 252 3545; x_wconf 88' lang='lat'><strong>1.</strong></span> <span class='ocrx_word' id='word_1_297' title='bbox 267 3499 311 3559; x_wconf 80' lang='lat' dir='ltr'>qai</span> <span class='ocrx_word' id='word_1_298' title='bbox 323 3504 347 3545; x_wconf 85' lang='lat' dir='ltr'>et</span> <span class='ocrx_word' id='word_1_299' title='bbox 362 3498 422 3559; x_wconf 63' lang='lat' dir='ltr'>pse]</span> <span class='ocrx_word' id='word_1_300' title='bbox 445 3498 474 3545; x_wconf 90' lang='lat' dir='ltr'>ln</span> <span class='ocrx_word' id='word_1_301' title='bbox 491 3498 577 3547; x_wconf 88' lang='lat' dir='ltr'>horum</span> <span class='ocrx_word' id='word_1_302' title='bbox 596 3499 850 3559; x_wconf 80' lang='lat' dir='ltr'>regum&#39;sucoessione</span> <span class='ocrx_word' id='word_1_303' title='bbox 867 3509 979 3559; x_wconf 69' lang='lat' dir='ltr'>oructares</span> <span class='ocrx_word' id='word_1_304' title='bbox 994 3502 1037 3562; x_wconf 79' lang='lat' dir='ltr'>qui</span> <span class='ocrx_word' id='word_1_305' title='bbox 1053 3508 1149 3561; x_wconf 87' lang='lat' dir='ltr'>ponant</span> <span class='ocrx_word' id='word_1_306' title='bbox 1165 3503 1296 3565; x_wconf 78' lang='lat' dir='ltr'>Earputddi</span> 
     </span>
     <span class='ocr_line' id='line_1_38' title="bbox 198 3561 1295 3626; baseline 0.008 -19"><span class='ocrx_word' id='word_1_307' title='bbox 198 3562 393 3621; x_wconf 84' lang='lat' dir='ltr'>conversionem,</span> <span class='ocrx_word' id='word_1_308' title='bbox 411 3578 432 3609; x_wconf 86' lang='lat' dir='ltr'>a.</span> <span class='ocrx_word' id='word_1_309' title='bbox 451 3561 507 3619; x_wconf 80' lang='lat'><strong>632.</strong></span> <span class='ocrx_word' id='word_1_310' title='bbox 523 3572 548 3611; x_wconf 85' lang='lat' dir='ltr'>et</span> <span class='ocrx_word' id='word_1_311' title='bbox 565 3563 683 3624; x_wconf 80' lang='lat' dir='ltr'>Sigborcti</span> <span class='ocrx_word' id='word_1_312' title='bbox 701 3578 824 3610; x_wconf 82' lang='lat' dir='ltr'>accessum</span> <span class='ocrx_word' id='word_1_313' title='bbox 842 3580 865 3611; x_wconf 87' lang='lat' dir='ltr'>a.</span> <span class='ocrx_word' id='word_1_314' title='bbox 883 3562 939 3625; x_wconf 89' lang='grc'>636.</span> <span class='ocrx_word' id='word_1_315' title='bbox 957 3566 1054 3626; x_wconf 73' lang='lat' dir='ltr'>Ecgrici</span> <span class='ocrx_word' id='word_1_316' title='bbox 1072 3567 1157 3622; x_wconf 83' lang='lat' dir='ltr'>etiam,</span> <span class='ocrx_word' id='word_1_317' title='bbox 1175 3576 1200 3615; x_wconf 79' lang='lat' dir='ltr'>ot</span> <span class='ocrx_word' id='word_1_318' title='bbox 1216 3570 1295 3617; x_wconf 76' lang='lat' dir='ltr'>Annas</span> 
     </span>
     <span class='ocr_line' id='line_1_39' title="bbox 198 3627 1297 3693; baseline 0.009 -22"><span class='ocrx_word' id='word_1_319' title='bbox 198 3632 307 3685; x_wconf 79' lang='lat' dir='ltr'>tempora</span> <span class='ocrx_word' id='word_1_320' title='bbox 319 3640 362 3686; x_wconf 91' lang='lat' dir='ltr'>pro</span> <span class='ocrx_word' id='word_1_321' title='bbox 374 3640 418 3673; x_wconf 87' lang='lat' dir='ltr'>suo</span> <span class='ocrx_word' id='word_1_322' title='bbox 429 3627 528 3673; x_wconf 89' lang='lat' dir='ltr'>modulo</span> <span class='ocrx_word' id='word_1_323' title='bbox 540 3635 695 3689; x_wconf 84' lang='lat' dir='ltr'>postponunt.</span> <span class='ocrx_word' id='word_1_324' title='bbox 733 3627 800 3674; x_wconf 90' lang='lat' dir='ltr'>Nihil</span> <span class='ocrx_word' id='word_1_325' title='bbox 819 3629 857 3675; x_wconf 86' lang='lat' dir='ltr'>hic</span> <span class='ocrx_word' id='word_1_326' title='bbox 874 3629 983 3677; x_wconf 83' lang='lat' dir='ltr'>absolute</span> <span class='ocrx_word' id='word_1_327' title='bbox 1000 3638 1092 3677; x_wconf 81' lang='lat' dir='ltr'>certum</span> <span class='ocrx_word' id='word_1_328' title='bbox 1108 3638 1155 3688; x_wconf 76' lang='lat' dir='ltr'>est,</span> <span class='ocrx_word' id='word_1_329' title='bbox 1167 3646 1213 3693; x_wconf 67' lang='lat' dir='ltr'>ego</span> <span class='ocrx_word' id='word_1_330' title='bbox 1225 3635 1297 3681; x_wconf 70' lang='lat' dir='ltr'>Beue</span> 
     </span>
     <span class='ocr_line' id='line_1_40' title="bbox 197 3690 1043 3753; baseline 0.007 -18"><span class='ocrx_word' id='word_1_331' title='bbox 197 3690 314 3750; x_wconf 85' lang='lat' dir='ltr'>rationes,</span> <span class='ocrx_word' id='word_1_332' title='bbox 327 3697 356 3737; x_wconf 85' lang='lat' dir='ltr'>ut</span> <span class='ocrx_word' id='word_1_333' title='bbox 366 3692 472 3738; x_wconf 69' lang='lat' dir='ltr'>alarimo</span> <span class='ocrx_word' id='word_1_334' title='bbox 484 3690 646 3749; x_wconf 76' lang='lat' dir='ltr'>auctoritatis,</span> <span class='ocrx_word' id='word_1_335' title='bbox 657 3692 735 3751; x_wconf 81' lang='lat' dir='ltr'>qttoad</span> <span class='ocrx_word' id='word_1_336' title='bbox 749 3692 817 3753; x_wconf 89' lang='lat' dir='ltr'>potui</span> <span class='ocrx_word' id='word_1_337' title='bbox 828 3701 925 3740; x_wconf 77' lang='lat' dir='ltr'>secutus</span> <span class='ocrx_word' id='word_1_338' title='bbox 936 3710 999 3741; x_wconf 88' lang='lat' dir='ltr'>sum.</span> <span class='ocrx_word' id='word_1_339' title='bbox 1018 3695 1043 3741; x_wconf 89' lang='lat' dir='ltr'>S.</span> 
     </span>
    </p>

    <p class='ocr_par' dir='ltr' id='par_1_13' title="bbox 196 3756 1295 4267">
     <span class='ocr_line' id='line_1_41' title="bbox 231 3756 1295 3820; baseline 0.008 -19"><span class='ocrx_word' id='word_1_340' title='bbox 231 3768 253 3801; x_wconf 79' lang='lat'><strong>2.</strong></span> <span class='ocrx_word' id='word_1_341' title='bbox 265 3757 358 3801; x_wconf 63' lang='lat' dir='ltr'>orchus</span> <span class='ocrx_word' id='word_1_342' title='bbox 369 3756 414 3816; x_wconf 78' lang='lat' dir='ltr'>est]</span> <span class='ocrx_word' id='word_1_343' title='bbox 430 3758 509 3803; x_wconf 73' lang='lat' dir='ltr'>Anaae</span> <span class='ocrx_word' id='word_1_344' title='bbox 525 3758 602 3803; x_wconf 79' lang='lat' dir='ltr'>credes</span> <span class='ocrx_word' id='word_1_345' title='bbox 617 3756 750 3803; x_wconf 86' lang='lat' dir='ltr'>secundum</span> <span class='ocrx_word' id='word_1_346' title='bbox 767 3756 895 3804; x_wconf 84' lang='lat' dir='ltr'>historicos</span> <span class='ocrx_word' id='word_1_347' title='bbox 911 3758 999 3806; x_wconf 83' lang='lat' dir='ltr'>incidit</span> <span class='ocrx_word' id='word_1_348' title='bbox 1014 3759 1041 3805; x_wconf 91' lang='lat' dir='ltr'>in</span> <span class='ocrx_word' id='word_1_349' title='bbox 1052 3774 1074 3805; x_wconf 89' lang='lat' dir='ltr'>a.</span> <span class='ocrx_word' id='word_1_350' title='bbox 1087 3756 1143 3820; x_wconf 67' lang='lat'>654</span> <span class='ocrx_word' id='word_1_351' title='bbox 1186 3758 1295 3809; x_wconf 77' lang='lat' dir='ltr'>Thomas</span> 
     </span>
     <span class='ocr_line' id='line_1_42' title="bbox 197 3818 1294 3885; baseline 0.006 -20"><span class='ocrx_word' id='word_1_352' title='bbox 197 3818 305 3865; x_wconf 85' lang='lat' dir='ltr'>Eliensis</span> <span class='ocrx_word' id='word_1_353' title='bbox 324 3820 378 3866; x_wconf 90' lang='lat' dir='ltr'>loco</span> <span class='ocrx_word' id='word_1_354' title='bbox 397 3820 472 3867; x_wconf 85' lang='lat' dir='ltr'>citato</span> <span class='ocrx_word' id='word_1_355' title='bbox 490 3821 523 3867; x_wconf 90' lang='lat' dir='ltr'>N.</span> <span class='ocrx_word' id='word_1_356' title='bbox 535 3822 578 3869; x_wconf 88' lang='lat' dir='ltr'>vii.</span> <span class='ocrx_word' id='word_1_357' title='bbox 601 3821 635 3881; x_wconf 89' lang='lat' dir='ltr'>[p.</span> <span class='ocrx_word' id='word_1_358' title='bbox 650 3820 718 3885; x_wconf 83' lang='lat'><strong>595.]</strong></span> <span class='ocrx_word' id='word_1_359' title='bbox 739 3821 807 3867; x_wconf 83' lang='lat' dir='ltr'>addit</span> <span class='ocrx_word' id='word_1_360' title='bbox 823 3836 915 3869; x_wconf 83' lang='lat' dir='ltr'>anuum</span> <span class='ocrx_word' id='word_1_361' title='bbox 933 3823 1002 3883; x_wconf 78' lang='lat' dir='ltr'>regui</span> <span class='ocrx_word' id='word_1_362' title='bbox 1019 3823 1072 3883; x_wconf 84' lang='lat' dir='ltr'>ejus</span> <span class='ocrx_word' id='word_1_363' title='bbox 1091 3836 1130 3884; x_wconf 85' lang='lat'><strong>19.</strong></span> <span class='ocrx_word' id='word_1_364' title='bbox 1165 3825 1226 3871; x_wconf 87' lang='lat' dir='ltr'>lade</span> <span class='ocrx_word' id='word_1_365' title='bbox 1243 3826 1294 3872; x_wconf 88' lang='lat' dir='ltr'>col-</span> 
     </span>
     <span class='ocr_line' id='line_1_43' title="bbox 197 3882 1295 3951; baseline 0.007 -23"><span class='ocrx_word' id='word_1_366' title='bbox 197 3882 273 3943; x_wconf 77' lang='lat' dir='ltr'>ligere</span> <span class='ocrx_word' id='word_1_367' title='bbox 295 3898 422 3943; x_wconf 87' lang='lat' dir='ltr'>possumus</span> <span class='ocrx_word' id='word_1_368' title='bbox 444 3885 529 3931; x_wconf 89' lang='lat' dir='ltr'>horam</span> <span class='ocrx_word' id='word_1_369' title='bbox 555 3900 639 3946; x_wconf 74' lang='lat' dir='ltr'>regum</span> <span class='ocrx_word' id='word_1_370' title='bbox 669 3892 779 3945; x_wconf 84' lang='lat' dir='ltr'>tempora</span> <span class='ocrx_word' id='word_1_371' title='bbox 804 3887 936 3933; x_wconf 66' lang='lat' dir='ltr'>morandum</span> <span class='ocrx_word' id='word_1_372' title='bbox 963 3888 1033 3934; x_wconf 69' lang='lat' dir='ltr'>Beda</span> <span class='ocrx_word' id='word_1_373' title='bbox 1057 3888 1206 3935; x_wconf 80' lang='lat' dir='ltr'>methodum.</span> <span class='ocrx_word' id='word_1_374' title='bbox 1240 3889 1295 3951; x_wconf 69' lang='lat' dir='ltr'>Sig-</span> 
     </span>
     <span class='ocr_line' id='line_1_44' title="bbox 196 3947 1295 4013; baseline 0.009 -20"><span class='ocrx_word' id='word_1_375' title='bbox 196 3947 293 3995; x_wconf 85' lang='lat' dir='ltr'>berotus</span> <span class='ocrx_word' id='word_1_376' title='bbox 310 3948 378 3995; x_wconf 88' lang='lat' dir='ltr'>venit</span> <span class='ocrx_word' id='word_1_377' title='bbox 394 3964 416 3995; x_wconf 91' lang='lat' dir='ltr'>a.</span> <span class='ocrx_word' id='word_1_378' title='bbox 434 3947 489 4007; x_wconf 81' lang='grc'>630.</span> <span class='ocrx_word' id='word_1_379' title='bbox 509 3950 612 4010; x_wconf 78' lang='lat' dir='ltr'>Egricus</span> <span class='ocrx_word' id='word_1_380' title='bbox 628 3948 694 3997; x_wconf 86' lang='lat' dir='ltr'>circa</span> <span class='ocrx_word' id='word_1_381' title='bbox 711 3964 733 3997; x_wconf 82' lang='lat' dir='ltr'>a.</span> <span class='ocrx_word' id='word_1_382' title='bbox 749 3949 806 4010; x_wconf 83' lang='grc'>633.</span> <span class='ocrx_word' id='word_1_383' title='bbox 841 3950 944 4011; x_wconf 86' lang='lat' dir='ltr'>Utrique</span> <span class='ocrx_word' id='word_1_384' title='bbox 960 3951 1034 3998; x_wconf 81' lang='lat' dir='ltr'>occisi</span> <span class='ocrx_word' id='word_1_385' title='bbox 1050 3967 1072 3998; x_wconf 85' lang='lat' dir='ltr'>a.</span> <span class='ocrx_word' id='word_1_386' title='bbox 1089 3950 1144 4011; x_wconf 80' lang='grc'>635.</span> <span class='ocrx_word' id='word_1_387' title='bbox 1179 3953 1295 4013; x_wconf 83' lang='lat' dir='ltr'>Sepultus</span> 
     </span>
     <span class='ocr_line' id='line_1_45' title="bbox 196 4012 1295 4077; baseline 0.008 -20"><span class='ocrx_word' id='word_1_388' title='bbox 196 4018 234 4057; x_wconf 85' lang='lat' dir='ltr'>ost</span> <span class='ocrx_word' id='word_1_389' title='bbox 258 4012 334 4059; x_wconf 84' lang='lat' dir='ltr'>Anna</span> <span class='ocrx_word' id='word_1_390' title='bbox 357 4027 399 4059; x_wconf 81' lang='lat' dir='ltr'>rex</span> <span class='ocrx_word' id='word_1_391' title='bbox 422 4014 485 4073; x_wconf 88' lang='lat' dir='ltr'>apud</span> <span class='ocrx_word' id='word_1_392' title='bbox 511 4014 667 4074; x_wconf 75' lang='lat' dir='ltr'>Blideburge‚</span> <span class='ocrx_word' id='word_1_393' title='bbox 686 4014 726 4060; x_wconf 86' lang='lat' dir='ltr'>obi</span> <span class='ocrx_word' id='word_1_394' title='bbox 745 4020 770 4060; x_wconf 87' lang='lat' dir='ltr'>et</span> <span class='ocrx_word' id='word_1_395' title='bbox 787 4015 922 4061; x_wconf 77' lang='lat' dir='ltr'>durmanus</span> <span class='ocrx_word' id='word_1_396' title='bbox 944 4015 1094 4076; x_wconf 74' lang='lat' dir='ltr'>[terminus]</span> <span class='ocrx_word' id='word_1_397' title='bbox 1118 4016 1193 4076; x_wconf 84' lang='lat' dir='ltr'>filius,</span> <span class='ocrx_word' id='word_1_398' title='bbox 1211 4026 1295 4077; x_wconf 74' lang='lat' dir='ltr'>postea</span> 
     </span>
     <span class='ocr_line' id='line_1_46' title="bbox 196 4076 1295 4139; baseline 0.008 -18"><span class='ocrx_word' id='word_1_399' title='bbox 196 4076 227 4121; x_wconf 91' lang='lat' dir='ltr'>ad</span> <span class='ocrx_word' id='word_1_400' title='bbox 240 4076 463 4124; x_wconf 86' lang='lat' dir='ltr'>Bedrichswordam</span> <span class='ocrx_word' id='word_1_401' title='bbox 476 4078 616 4125; x_wconf 84' lang='lat' dir='ltr'>translatus.</span> <span class='ocrx_word' id='word_1_402' title='bbox 632 4079 657 4125; x_wconf 86' lang='lat' dir='ltr'><strong>S.</strong></span> <span class='ocrx_word' id='word_1_403' title='bbox 688 4078 760 4125; x_wconf 88' lang='lat' dir='ltr'>Coaf.</span> <span class='ocrx_word' id='word_1_404' title='bbox 774 4078 905 4125; x_wconf 86' lang='lat' dir='ltr'>lllonastic.</span> <span class='ocrx_word' id='word_1_405' title='bbox 917 4079 979 4139; x_wconf 74' lang='lat' dir='ltr'><strong>Aug.</strong></span> <span class='ocrx_word' id='word_1_406' title='bbox 993 4080 1009 4125; x_wconf 89' lang='grc' dir='ltr'>ἰ.</span> <span class='ocrx_word' id='word_1_407' title='bbox 1022 4094 1043 4139; x_wconf 86' lang='lat' dir='ltr'>p.</span> <span class='ocrx_word' id='word_1_408' title='bbox 1055 4080 1094 4139; x_wconf 82' lang='lat'><strong>87.</strong></span> <span class='ocrx_word' id='word_1_409' title='bbox 1137 4081 1295 4131; x_wconf 81' lang='lat' dir='ltr'>SedThomae</span> 
     </span>
     <span class='ocr_line' id='line_1_47' title="bbox 198 4141 1295 4206; baseline 0.008 -20"><span class='ocrx_word' id='word_1_410' title='bbox 198 4154 321 4197; x_wconf 84' lang='lat' dir='ltr'>uumerus,</span> <span class='ocrx_word' id='word_1_411' title='bbox 333 4156 400 4187; x_wconf 82' lang='lat' dir='ltr'>onae</span> <span class='ocrx_word' id='word_1_412' title='bbox 414 4144 489 4201; x_wconf 75' lang='lat' dir='ltr'>regat</span> <span class='ocrx_word' id='word_1_413' title='bbox 503 4145 542 4189; x_wconf 80' lang='lat' dir='ltr'>soi</span> <span class='ocrx_word' id='word_1_414' title='bbox 553 4144 612 4201; x_wconf 69' lang='lat' dir='ltr'>xix,</span> <span class='ocrx_word' id='word_1_415' title='bbox 623 4141 719 4189; x_wconf 84' lang='lat' dir='ltr'>videtur</span> <span class='ocrx_word' id='word_1_416' title='bbox 735 4142 817 4201; x_wconf 86' lang='lat' dir='ltr'>potius</span> <span class='ocrx_word' id='word_1_417' title='bbox 833 4151 988 4203; x_wconf 80' lang='lat' dir='ltr'>computatus</span> <span class='ocrx_word' id='word_1_418' title='bbox 1004 4159 1057 4192; x_wconf 81' lang='lat' dir='ltr'>esse</span> <span class='ocrx_word' id='word_1_419' title='bbox 1073 4145 1103 4191; x_wconf 83' lang='lat' dir='ltr'>ub</span> <span class='ocrx_word' id='word_1_420' title='bbox 1116 4145 1144 4192; x_wconf 80' lang='grc' dir='ltr'>Α.</span> <span class='ocrx_word' id='word_1_421' title='bbox 1155 4147 1186 4192; x_wconf 88' lang='lat' dir='ltr'><strong>D.</strong></span> <span class='ocrx_word' id='word_1_422' title='bbox 1194 4146 1252 4206; x_wconf 87' lang='grc'>636,</span> <span class='ocrx_word' id='word_1_423' title='bbox 1264 4149 1295 4195; x_wconf 91' lang='lat' dir='ltr'>ad</span> 
     </span>
     <span class='ocr_line' id='line_1_48' title="bbox 196 4202 991 4267; baseline 0.004 -16"><span class='ocrx_word' id='word_1_424' title='bbox 196 4202 253 4265; x_wconf 82' lang='lat'>654,</span> <span class='ocrx_word' id='word_1_425' title='bbox 265 4219 330 4251; x_wconf 85' lang='lat' dir='ltr'>auno</span> <span class='ocrx_word' id='word_1_426' title='bbox 342 4205 435 4253; x_wconf 87' lang='lat' dir='ltr'>scilicet</span> <span class='ocrx_word' id='word_1_427' title='bbox 445 4216 572 4255; x_wconf 81' lang='lat' dir='ltr'>currente:</span> <span class='ocrx_word' id='word_1_428' title='bbox 591 4208 654 4267; x_wconf 90' lang='lat' dir='ltr'>quod</span> <span class='ocrx_word' id='word_1_429' title='bbox 667 4221 721 4253; x_wconf 89' lang='lat' dir='ltr'>cum</span> <span class='ocrx_word' id='word_1_430' title='bbox 734 4206 858 4253; x_wconf 79' lang='lat' dir='ltr'>Florentio</span> <span class='ocrx_word' id='word_1_431' title='bbox 869 4207 991 4255; x_wconf 77' lang='lat' dir='ltr'>convenit.</span> 
     </span>
    </p>

    <p class='ocr_par' dir='ltr' id='par_1_14' title="bbox 196 4269 1295 4589">
     <span class='ocr_line' id='line_1_49' title="bbox 231 4269 1294 4337; baseline 0.007 -22"><span class='ocrx_word' id='word_1_432' title='bbox 231 4280 252 4329; x_wconf 87' lang='lat'><strong>7.</strong></span> <span class='ocrx_word' id='word_1_433' title='bbox 265 4270 324 4316; x_wconf 84' lang='lat' dir='ltr'>dum</span> <span class='ocrx_word' id='word_1_434' title='bbox 335 4270 427 4331; x_wconf 78' lang='lat' dir='ltr'>oditur]</span> <span class='ocrx_word' id='word_1_435' title='bbox 443 4269 492 4331; x_wconf 76' lang='lat' dir='ltr'>Qui</span> <span class='ocrx_word' id='word_1_436' title='bbox 505 4271 625 4332; x_wconf 79' lang='lat' dir='ltr'>sigbercti</span> <span class='ocrx_word' id='word_1_437' title='bbox 636 4284 738 4331; x_wconf 53' lang='lat' dir='ltr'>Quum</span> <span class='ocrx_word' id='word_1_438' title='bbox 750 4270 878 4318; x_wconf 87' lang='lat' dir='ltr'>ordiuntur</span> <span class='ocrx_word' id='word_1_439' title='bbox 890 4287 913 4319; x_wconf 79' lang='lat' dir='ltr'>a.</span> <span class='ocrx_word' id='word_1_440' title='bbox 922 4270 979 4333; x_wconf 83' lang='grc'>636.</span> <span class='ocrx_word' id='word_1_441' title='bbox 1011 4273 1095 4321; x_wconf 84' lang='lat' dir='ltr'>Farsei</span> <span class='ocrx_word' id='word_1_442' title='bbox 1106 4273 1233 4322; x_wconf 85' lang='lat' dir='ltr'>introitum</span> <span class='ocrx_word' id='word_1_443' title='bbox 1251 4291 1294 4337; x_wconf 80' lang='lat' dir='ltr'>po-</span> 
     </span>
     <span class='ocr_line' id='line_1_50' title="bbox 197 4332 1294 4401; baseline 0.01 -23"><span class='ocrx_word' id='word_1_444' title='bbox 197 4340 291 4380; x_wconf 83' lang='lat' dir='ltr'>nunta.</span> <span class='ocrx_word' id='word_1_445' title='bbox 303 4332 361 4394; x_wconf 81' lang='lat'>637,</span> <span class='ocrx_word' id='word_1_446' title='bbox 374 4333 445 4380; x_wconf 86' lang='lat' dir='ltr'>citius</span> <span class='ocrx_word' id='word_1_447' title='bbox 457 4342 605 4396; x_wconf 85' lang='lat' dir='ltr'>corteqaam</span> <span class='ocrx_word' id='word_1_448' title='bbox 620 4350 664 4395; x_wconf 83' lang='lat' dir='ltr'>par</span> <span class='ocrx_word' id='word_1_449' title='bbox 680 4340 724 4381; x_wconf 87' lang='lat' dir='ltr'>est.</span> <span class='ocrx_word' id='word_1_450' title='bbox 758 4334 824 4381; x_wconf 89' lang='lat' dir='ltr'>Nam</span> <span class='ocrx_word' id='word_1_451' title='bbox 844 4335 947 4383; x_wconf 84' lang='lat' dir='ltr'>Furseus</span> <span class='ocrx_word' id='word_1_452' title='bbox 964 4350 1013 4384; x_wconf 91' lang='lat' dir='ltr'>aon</span> <span class='ocrx_word' id='word_1_453' title='bbox 1028 4338 1139 4385; x_wconf 86' lang='lat' dir='ltr'>venitin</span> <span class='ocrx_word' id='word_1_454' title='bbox 1155 4339 1208 4399; x_wconf 83' lang='lat' dir='ltr'>ipso</span> <span class='ocrx_word' id='word_1_455' title='bbox 1225 4341 1294 4401; x_wconf 74' lang='lat' dir='ltr'>regni</span> 
     </span>
     <span class='ocr_line' id='line_1_51' title="bbox 197 4397 1294 4464; baseline 0.008 -21"><span class='ocrx_word' id='word_1_456' title='bbox 197 4397 344 4457; x_wconf 80' lang='lat' dir='ltr'>Sigberotiui</span> <span class='ocrx_word' id='word_1_457' title='bbox 356 4398 436 4457; x_wconf 86' lang='lat' dir='ltr'>initio,</span> <span class='ocrx_word' id='word_1_458' title='bbox 449 4398 490 4445; x_wconf 85' lang='lat' dir='ltr'>sed</span> <span class='ocrx_word' id='word_1_459' title='bbox 502 4406 596 4447; x_wconf 87' lang='lat' dir='ltr'>tantum</span> <span class='ocrx_word' id='word_1_460' title='bbox 609 4400 668 4447; x_wconf 84' lang='lat' dir='ltr'>dum</span> <span class='ocrx_word' id='word_1_461' title='bbox 680 4401 763 4446; x_wconf 75' lang='lat' dir='ltr'>odino</span> <span class='ocrx_word' id='word_1_462' title='bbox 773 4400 952 4461; x_wconf 75' lang='lat' dir='ltr'>regaiinfulm</span> <span class='ocrx_word' id='word_1_463' title='bbox 961 4408 1064 4459; x_wconf 78' lang='lat' dir='ltr'>teneret,</span> <span class='ocrx_word' id='word_1_464' title='bbox 1074 4416 1120 4450; x_wconf 78' lang='lat' dir='ltr'>aec</span> <span class='ocrx_word' id='word_1_465' title='bbox 1131 4404 1243 4464; x_wconf 77' lang='lat' dir='ltr'>deposuit</span> <span class='ocrx_word' id='word_1_466' title='bbox 1251 4420 1294 4453; x_wconf 84' lang='lat' dir='ltr'>rex</span> 
     </span>
     <span class='ocr_line' id='line_1_52' title="bbox 196 4460 1295 4530; baseline 0.01 -23"><span class='ocrx_word' id='word_1_467' title='bbox 196 4460 287 4509; x_wconf 84' lang='lat' dir='ltr'>infulas</span> <span class='ocrx_word' id='word_1_468' title='bbox 305 4462 445 4523; x_wconf 81' lang='lat' dir='ltr'>nuperrime</span> <span class='ocrx_word' id='word_1_469' title='bbox 464 4471 584 4525; x_wconf 83' lang='lat' dir='ltr'>acceptas,</span> <span class='ocrx_word' id='word_1_470' title='bbox 605 4464 647 4510; x_wconf 86' lang='lat' dir='ltr'>sed</span> <span class='ocrx_word' id='word_1_471' title='bbox 665 4465 701 4511; x_wconf 84' lang='lat' dir='ltr'>ud</span> <span class='ocrx_word' id='word_1_472' title='bbox 720 4466 837 4512; x_wconf 80' lang='lat' dir='ltr'>ultimam</span> <span class='ocrx_word' id='word_1_473' title='bbox 855 4470 952 4513; x_wconf 84' lang='lat' dir='ltr'>tautum</span> <span class='ocrx_word' id='word_1_474' title='bbox 973 4468 1065 4517; x_wconf 73' lang='lat' dir='ltr'>relictis</span> <span class='ocrx_word' id='word_1_475' title='bbox 1085 4470 1159 4527; x_wconf 71' lang='lat' dir='ltr'>regni</span> <span class='ocrx_word' id='word_1_476' title='bbox 1180 4471 1295 4530; x_wconf 74' lang='lat' dir='ltr'>negotiis.</span> 
     </span>
     <span class='ocr_line' id='line_1_53' title="bbox 196 4526 843 4589; baseline 0.008 -17"><span class='ocrx_word' id='word_1_477' title='bbox 196 4526 277 4586; x_wconf 76' lang='lat' dir='ltr'>Quare</span> <span class='ocrx_word' id='word_1_478' title='bbox 288 4527 394 4574; x_wconf 87' lang='lat' dir='ltr'>medium</span> <span class='ocrx_word' id='word_1_479' title='bbox 408 4527 490 4575; x_wconf 85' lang='lat' dir='ltr'>Fursei</span> <span class='ocrx_word' id='word_1_480' title='bbox 503 4528 617 4577; x_wconf 81' lang='lat' dir='ltr'>adventat</span> <span class='ocrx_word' id='word_1_481' title='bbox 630 4543 721 4575; x_wconf 86' lang='lat' dir='ltr'>aunum</span> <span class='ocrx_word' id='word_1_482' title='bbox 734 4529 806 4589; x_wconf 81' lang='lat' dir='ltr'>elegi.</span> <span class='ocrx_word' id='word_1_483' title='bbox 818 4528 843 4577; x_wconf 87' lang='lat' dir='ltr'>S.</span> 
     </span>
    </p>
   </div>
   <div class='ocr_carea' id='block_1_8' title="bbox 716 4595 772 4655">
    <p class='ocr_par' dir='ltr' id='par_1_15' title="bbox 716 4595 772 4655">
     <span class='ocr_line' id='line_1_54' title="bbox 716 4595 772 4655; baseline 0.036 -2"><span class='ocrx_word' id='word_1_484' title='bbox 716 4595 772 4655; x_wconf 70' lang='lat' dir='ltr'>u2</span> 
     </span>
    </p>
   </div>
   <div class='ocr_carea' id='block_1_9' title="bbox 0 0 1554 5125">
    <p class='ocr_par' dir='ltr' id='par_1_16' title="bbox 0 0 1554 5125">
     <span class='ocr_line' id='line_1_55' title="bbox 0 0 1554 5125; baseline 0 1"><span class='ocrx_word' id='word_1_485' title='bbox 0 0 1554 5125; x_wconf 95' lang='lat' dir='ltr'> </span> 
     </span>
    </p>
   </div>
  </div>
 </body>
</html>
