3100 5125
283 331 347 397 180
617 331 853 397 HlSTORIAE
875 331 1054 398 Euenus.
1316 330 1383 394 IV.
1402 351 1456 395 1-

122 497 256 544 0aaa
285 484 495 550 erroneum
508 485 611 550 anae
624 485 760 570 apaan
776 483 878 549 rann.
922 483 984 565 qn
1003 482 1171 548 ordinatus
1184 489 1235 548 ea
1248 506 1270 547 a
1284 463 1400 548 via

123 563 197 609 Marc
205 562 230 609 ἁ·
238 559 276 610 ²⁶·
284 569 369 634 liano
390 593 474 655 papa
492 592 577 634 anno
599 570 774 635 Dominieae
795 568 1023 634 incarnationis
1041 569 1270 633 sexcentesimo
1289 591 1421 644 sexa-15

120 625 261 754 imici&
284 656 404 754 898Ἦο
423 663 545 734 octavo,
561 657 620 720 sub
638 655 696 720 dis
708 655 845 742 septima
862 655 1071 719 kalendarum
1084 654 1253 740 Apffljum,
1269 654 1383 718 Domi,

284 911 471 990 Massiliam,
494 918 528 976 et
549 911 663 976 deinde
688 932 746 998 per
765 919 887 976 terram
907 848 1067 976 kArffinffl
1091 849 1319 1010 peirenissent,
1345 917 1383 976 et

281 996 490 1061 tradidissent
503 999 526 1060 J
528 997 645 1062 ohanni
659 997 896 1083 archiepiscopo
912 996 1052 1061 civitatis
1065 997 1148 1060 illius
1162 996 1282 1081 scripta
1295 1017 1383 1059 oom-

282 1081 473 1147 mendatitia
489 1081 643 1146 Vitaliani
662 1082 831 1167 pontificis,
849 1082 968 1146 retenti
992 1089 1067 1146 sunt
1087 1083 1130 1146 ab
1149 1104 1198 1159 eo,
1217 1103 1382 1165 quousque

283 1167 423 1231 Ebrinus
437 1169 539 1252 major
558 1167 670 1231 domus
691 1168 787 1254 regiae
802 1168 926 1253 copiam
945 1167 1098 1253 pergendi
1113 1188 1238 1252 quoquo
1253 1166 1380 1244 vellent,
1391 1192 1423 1228 ιο

283 1251 397 1316 tribuit
419 1253 473 1317 eis.
518 1253 589 1333 Qua
609 1259 743 1338 aecepta
765 1252 952 1317 Theodorus
971 1253 1133 1336 profectus
1154 1259 1205 1316 est
1225 1253 1269 1316 ad
1290 1251 1383 1338 Agn-
1529 1268 1530 1281 ¹

282 1339 427 1402 berctum
442 1337 637 1402 Parisiorum
658 1338 849 1423 episcopum,
866 1338 906 1402 de
928 1359 991 1424 quo
1012 1338 1157 1422 superius
1179 1337 1326 1415 diximus,
1346 1345 1384 1402 et

281 1425 324 1487 ab
353 1446 392 1488 eo
421 1423 556 1510 benigne
586 1431 760 1510 suseeptm,
790 1430 825 1488 et
853 1423 955 1488 multo
987 1430 1131 1507 tempore
1159 1421 1289 1487 habitus
1319 1429 1382 1487 est.

283 1507 482 1574 Hadrianus¹
502 1509 643 1594 perrexit
664 1509 803 1594 primum
823 1510 867 1574 ad
888 1509 1003 1573 Emme
1025 1509 1194 1585 Senonum,
1214 1514 1249 1572 et
1267 1516 1384 1592 postea

282 1595 325 1658 ad
345 1595 504 1659 Faronem
523 1595 704 1659 Meldorum
725 1595 899 1680 episcopos,
922 1601 957 1659 et
976 1595 1058 1658 bene
1077 1595 1169 1658 msub
1190 1593 1239 1657 eis
1261 1593 1384 1658 diutius

282 1680 361 1744 luit:
386 1687 533 1780 eoegerat
548 1680 632 1744 enim
646 1702 700 1744 eos
720 1680 888 1744 imminens
907 1679 1008 1744 hiems
1027 1685 1064 1744 ut
1084 1679 1274 1764 ubicumque
1287 1685 1383 1763 potu-

282 1765 382 1830 issent
397 1766 496 1850 qureti
506 1773 681 1830 manerent.
712 1766 806 1847 Quod
820 1787 892 1830 eum
906 1763 1013 1830 nuneii
1023 1764 1102 1829 certi
1117 1771 1302 1829 narrassent
1312 1765 1383 1850 regi
1394 1795 1422 1846 25

239 1871 241 1876 ·
283 1851 471 1937 Ecgbercto‚
487 1861 577 1916 nesse
591 1851 710 1916 scilieet
724 1851 907 1936 episeopum
921 1872 1015 1936 quem
1029 1850 1190 1935 petierant
1203 1873 1225 1913 a
1236 1849 1384 1915 Romano

282 1937 437 2013 antistite,
452 1937 486 1999 in
500 1958 598 2022 regno
610 1937 815 2015 Francorum,
830 1937 918 2000 misit
931 1936 985 1999 illo
999 1935 1150 2000 continuo
1164 1935 1384 1999 ⁰Raedlridum

282 2023 468 2108 praefectum
489 2043 589 2097 suum,
610 2022 654 2086 ad
674 2022 895 2086 adducendum
916 2043 1010 2085 eum:
1031 2043 1095 2108 quo
1116 2043 1189 2086 eum
1210 2019 1382 2099 evenisset,

282 2093 460 2192 adsunipsit
475 2107 678 2170 Theodorum
692 2129 764 2171 oum
779 2107 915 2172 aEbrini
932 2106 1070 2184 licentia,
1085 2113 1121 2171 et
1138 2106 1290 2192 perduxit
1308 2128 1385 2169 eum

282 2193 324 2256 ad
340 2200 469 2276 portum
483 2192 534 2255 eui
548 2213 663 2256 nomen
680 2200 730 2257 est
746 2193 930 2273 Quemvis,
945 2193 1001 2256 ubi
1020 2191 1079 2256 fati
1120 2199 1175 2256 tus
1194 2192 1384 2257 infirmitate

281 2277 510 2363 aliquantisper
536 2283 680 2342 moratus
709 2285 779 2353 est;
815 2287 849 2343 et
878 2301 951 2343 cum
980 2299 1040 2342 oon
1091 2299 1196 2342 escere
1220 2278 1425 2363 eoepisset,3o
1532 2350 1533 2361 χ

282 2363 444 2448 navigavit
469 2361 671 2427 Brittaniam.
717 2364 920 2428 Hadrianum
944 2369 1053 2428 autem
1075 2363 1215 2427 Ebrinus
1237 2363 1382 2440 retinuit,

284 2448 433 2532 quoniam
452 2448 672 2534 suspicabatur
691 2469 763 2513 eum
783 2450 902 2514 habere
922 2450 1061 2534 aliquam
1079 2449 1270 2534 legationem
1284 2448 1385 2534 impe-

282 2534 399 2599 ratoris
419 2534 461 2601 ad
481 2533 649 2599 Brittaniae
669 2556 760 2621 reges
782 2536 934 2600 adversus
953 2556 1094 2635 regnum,
1110 2535 1200 2620 eujus
1219 2541 1297 2600 tune
1315 2533 1385 2620 ipse

282 2621 453 2686 maximam
472 2643 581 2686 euram
599 2621 741 2707 gerebat.
789 2622 853 2686 Sed
872 2643 945 2686 enm
966 2621 1044 2684 mhil
1065 2620 1131 2686 tale
1152 2621 1240 2684 illum
1261 2621 1384 2686 habere

315 2775 373 2821 ista
384 2790 440 2823 cum
453 2774 482 2822 V.
585 2774 599 2812 l
612 2774 736 2821 Arelatem
750 2774 780 2822 V.
879 2774 1051 2822 lHadn'anm
1062 2788 1118 2821 vero
1131 2773 1191 2822 V.G.
1292 2784 1310 2806 ¹·
1323 2789 1382 2821 cum

284 2839 418 2951 griffi&
429 2904 459 2951 v·
486 2850 501 2878 1¹
513 2838 671 2888 uderseV.G.
770 2848 786 2877 ⁰
797 2838 976 2902 Regetlridum
987 2838 1017 2886 V.
1134 2848 1149 2887 ι)
1157 2839 1309 2901 μενιέηἱεεει
1321 2839 1385 2886 V.G.

319 3046 356 3093 14.
372 3033 459 3095 Pauli]
480 3034 542 3082 Vide
558 3034 669 3096 Append
687 3035 717 3083 de
731 3035 846 3083 Tonsura
864 3035 896 3083 N.
909 3034 942 3083 ix.
955 3035 977 3083 b.
995 3036 1020 3084 S.
1061 3035 1132 3083 Conf.
1151 3034 1210 3082 item
1227 3033 1293 3081 inira
1307 3049 1331 3080 v.
1346 3048 1390 3085 τι.

287 3097 323 3174 Ut
339 3097 390 3144 hac
405 3098 430 3145 in
447 3099 618 3157 compendium
637 3100 755 3161 redigam,
773 3108 823 3147 tres
839 3100 938 3147 suerunt
954 3106 1062 3147 tonsura
1078 3100 1144 3146 modi
1162 3100 1192 3147 de
1208 3097 1299 3173 quibus
1314 3098 1386 3147 Beda

285 3161 491 3287 :saltat
506 3162 1026 3291 istittiszstllitttnt?
1036 3163 1386 3289 {tristitias}

285 3290 406 3345 scottica,
427 3290 456 3337 de
476 3304 525 3351 qua
544 3291 629 3339 scribit
648 3292 755 3339 Ceolfrid
773 3294 818 3340 inf.
839 3308 862 3341 r.
874 3307 914 3352 nr,
931 3308 984 3355 qua
1001 3299 1055 3341 erat
1073 3293 1098 3339 in
1121 3292 1202 3339 fronte
1221 3292 1252 3338 ab
1273 3306 1332 3339 aure
1354 3292 1386 3338 ad

285 3368 378 3410 aurem,
391 3354 489 3401 intonso
505 3354 618 3415 occipitio
633 3356 739 3418 (Mabill.
750 3357 802 3404 viii.
811 3356 856 3418 3):
875 3357 1000 3417 Romana,
1017 3372 1071 3417 qua
1087 3364 1147 3417 crat,
1165 3357 1250 3403 radere
1266 3356 1386 3403 verticem

284 3417 310 3464 in
323 3417 405 3464 orbem
417 3418 452 3465 ita
464 3425 491 3466 ut
502 3418 606 3466 circulus
621 3419 702 3481 capilli
718 3422 784 3468 infra
800 3428 893 3482 partem
910 3435 990 3468 rasam
1007 3435 1104 3469 coronoe
1118 3422 1222 3482 speciem
1241 3420 1384 3476 exhiberem

285 3496 349 3541 crim,
359 3483 456 3529 detonso
467 3485 677 3545 comisceamini,
688 3485 796 3546 inferius
806 3487 895 3533 caruli
905 3500 995 3533 eorm
1007 3487 1141 3548 reliquitur
1154 3485 1252 3545 (isidor.
1265 3485 1292 3531 in
1303 3484 1386 3532 Sinitlr

284 3546 372 3607 App).
397 3546 491 3594 Horum
504 3547 577 3594 trium
589 3548 718 3596 modorum
730 3551 824 3610 primus
835 3564 925 3597 nomen
940 3564 989 3610 pra
1000 3564 1026 3597 se
1035 3549 1130 3597 ferebat
1140 3564 1160 3595 s.
1172 3548 1251 3607 Pauli,
1262 3550 1386 3596 secundus

285 3611 394 3671 Simonis
405 3612 471 3673 Magi
483 3612 608 3659 dicebatur
618 3628 679 3673 esse,
692 3615 778 3661 tertius
789 3629 809 3661 s.
818 3614 893 3661 Petri.

318 3688 357 3722 21.
369 3676 492 3738 superius]
513 3676 549 3723 iii.
562 3687 603 3737 25,
616 3675 656 3735 2⁶,
669 3677 708 3726 as.
726 3680 750 3723 S.

318 3754 357 3787 22.
370 3742 468 3803 Emme]
490 3741 529 3789 Ab
547 3742 601 3789 aliie
618 3742 706 3790 Emmo
722 3741 759 3789 vel
775 3741 875 3803 Haymo
893 3748 1009 3790 vocatur:
1032 3740 1136 3803 epistole
1151 3740 1204 3802 ejus
1220 3741 1287 3789 edita
1302 3748 1341 3789 eet
1357 3742 1385 3789 in

285 3804 378 3852 Mabiu.
394 3808 458 3853 Ann.
472 3806 521 3853 xiv.
534 3804 575 3865 63,
592 3806 682 3865 scripta
692 3809 723 3854 A.
732 3807 763 3853 D.
776 3805 840 3867 658:
862 3806 925 3855 obiit
941 3806 975 3853 Α.
984 3807 1017 3854 D.
1029 3803 1087 3868 675.
1104 3808 1238 3854 mundum
1256 3806 1349 3853 Chrou.
1364 3821 1385 3853 s.

285 3870 349 3917 Petr.
362 3870 388 3915 in
400 3870 434 3929 D,
447 3870 532 3918 Acher.
546 3870 628 3929 Spicil.
640 3870 664 3917 ii.
679 3886 701 3931 p.
712 3868 770 3929 464.

317 3948 356 3993 ²3·
369 3934 503 3995 Famem]
525 3934 574 3981 Hic
594 3935 654 3981 Faro
668 3934 719 3981 sive
731 3933 930 3996 Burgundofaro,
942 3934 1017 3984 trater
1033 3934 1082 3982 suit
1100 3934 1166 3983 Parae
1179 3936 1209 3983 de
1224 3950 1274 3997 qua
1290 3935 1384 3984 dictum

284 4005 322 4045 est
333 4012 415 4059 supra,
427 3998 463 4045 iii.
472 3998 496 4046 8.
530 3998 586 4046 Vid.
598 3998 694 4046 Mabill.
708 4000 751 4046 xii.
764 4012 803 4061 29,
816 3999 861 4047 dcc.

318 4076 356 4123 ²9·
369 4062 522 4124 Quentavic]
543 4062 618 4110 Vicus
629 4063 716 4111 Gallia
734 4058 761 4109 iri
778 4077 842 4125 pago
856 4064 959 4112 Pontivo
976 4063 1007 4110 ad
1024 4065 1148 4125 Quentam
1160 4063 1186 4111 a
1220 4064 1250 4111 lu
1266 4079 1296 4112 eo
1308 4063 1385 4113 situm

285 4125 333 4173 fuit
345 4141 411 4173 mon.
424 4142 443 4173 ι.
456 4126 550 4182 lodoci,
562 4127 632 4188 cujus
643 4134 668 4175 et
679 4142 768 4176 nomen
781 4128 879 4187 retinet,
892 4128 916 4181 S.
929 4129 1002 4177 Josse
1012 4142 1054 4175 sur
1065 4129 1129 4176 Mer.
1142 4128 1226 4177 Belua.
1249 4129 1298 4177 Sed
1309 4129 1386 4191 vulgo

288 4190 400 4251 Estaples
411 4191 508 4239 dicitur.
529 4193 554 4240 S.

285 4255 1385 4383 „3aditui„saltatumatrdromedarium

285 4397 340 4429 cum
353 4382 398 4429 hoc
409 4382 463 4443 ipso
474 4399 550 4440 anno,
562 4392 658 4433 mortuo
670 4386 779 4434 clotario
790 4386 829 4434 111
842 4386 947 4434 Ebrinus
958 4385 1136 4435 'l'heodericum
1149 4386 1202 4447 ejus
1212 4386 1312 4434 fratrem
1324 4401 1384 4435 cou-

285 4454 321 4493 tra
334 4446 497 4495 childericum
509 4449 534 4495 in
547 4463 649 4509 regnum
666 4450 811 4501 elevaverat.
845 4450 907 4512 Qua
918 4450 940 4498 ei
952 4458 1037 4511 postea
1048 4451 1197 4512 acciderunt,
1210 4452 1270 4499 satis
1280 4451 1384 4499 demon-

285 4517 364 4558 strant
376 4525 425 4559 uon
436 4526 511 4561 vanas
519 4512 596 4561 fuisse
607 4528 668 4575 quas
679 4515 785 4575 undique
796 4515 908 4577 concepit
918 4514 1074 4575 suspitiones.
1089 4516 1115 4562 Sa
