3100 5125
286 249 331 339 'xa
626 277 844 339 merrus
866 276 1056 339 carrrutr.
1174 306 1176 310 -

291 428 342 484 VI.
364 427 406 484 Ut
426 427 557 503 deposito
570 386 722 504 Vynfridc,
744 426 875 485 Saexuulf
892 428 1087 503 episcopatum
1108 427 1170 502 ejus
1190 428 1340 503 acceperit,
1362 432 1391 485 et

292 543 295 551 ·
332 508 510 565 Earconuald
527 508 721 565 Orientalibus
735 506 897 565 Senonibus
912 509 949 565 sit
962 509 1112 584 episcopus
1126 507 1218 565 datus.
1241 527 1271 584 p.
1288 526 1353 583 192.

291 603 361 660 VII.
385 604 428 660 Ut
451 602 481 659 in
508 604 681 662 monasterio
703 603 888 669 Bericinensi‚
912 604 961 661 ubi
988 623 1108 681 corpora
1134 604 1391 661 sanctimonialium

331 684 500 741 feminarum
513 684 582 759 poni
596 685 742 749 deberent,
757 684 864 741 caelesti
878 684 916 741 sit
929 685 991 742 luce
1005 692 1204 742 monstratum.
1228 702 1258 760 p.
1275 703 1342 760 194.

291 781 377 839 VIII.
397 782 439 838 Ut
459 784 489 837 in
507 782 608 838 eodem
628 781 801 839 monasterio
822 782 956 857 puerulus
977 783 1111 849 moriens,
1125 784 1266 857 virginem
1283 803 1344 857 quae
1359 802 1390 841 se

293 894 298 906 ί
332 870 394 919 erat
414 871 555 927 secutura,
576 862 756 927 clamaverit;
779 872 866 937 utque
886 863 941 919 alia
961 864 997 921 de
1017 882 1136 939 corpore
1157 882 1315 940 egressura,
1328 865 1389 940 jam

231 990 236 1000 ,
332 943 500 1019 particulam
514 943 616 1000 futurae
629 944 701 1001 lucis
715 944 876 1019 aspexerit.
891 963 920 1019 p.
938 956 1002 1020 195.

291 1040 344 1097 IX.
363 1039 436 1109 Quae
450 1041 507 1096 sint
521 1048 635 1097 ostensa
649 1040 757 1097 caelitus
776 1041 859 1115 signa
879 1060 945 1097 oum
958 1050 987 1099 et
1001 1042 1062 1117 ipsa
1075 1049 1166 1097 mater
1186 1042 1386 1117 congregatio·

331 1120 376 1178 nis
389 1121 464 1177 illius
477 1140 494 1177 e
507 1122 614 1177 mundo
627 1121 770 1178 transiret.
793 1141 822 1197 p.
840 1122 904 1197 196.

290 1217 329 1274 X.
351 1218 394 1309 Ut
406 1218 443 1274 ad
463 1217 640 1293 cymiterium
661 1217 789 1292 ejusdem
809 1217 973 1305 monasterii
994 1228 1174 1275 oransca'eca
1192 1218 1288 1276 lumen
1309 1237 1386 1275 rece·

291 1306 615 1469 Xlieliiriixleirisdam
629 1394 779 1468 provinciae
795 1392 892 1461 Sebbi,
907 1394 936 1450 in
951 1395 1118 1472 monachica
1131 1395 1220 1452 vitam
1239 1414 1388 1452 eonversa-

331 1474 410 1532 tione
423 1475 535 1532 finierit.
555 1494 584 1550 p.
600 1474 666 1550 198.

290 1563 361 1629 XII.
380 1570 422 1629 Ut
435 1571 628 1647 episcopatum
641 1572 867 1629 occidentalium
879 1570 1026 1630 Saxonum
1040 1590 1091 1646 pro
1106 1571 1260 1629 Leutherio
1276 1572 1390 1640 Haeddi,

333 1653 525 1727 episcopatum
550 1651 700 1709 Hrofensis
721 1652 846 1710 ecclesiae
868 1672 919 1727 pro
939 1652 1023 1709 Putta
1036 1652 1192 1721 Cuichelm,
1207 1662 1236 1709 et
1256 1672 1308 1727 pro
1329 1653 1390 1727 ipso

293 1776 297 1781 ,
331 1733 477 1825 Gefmund
491 1734 648 1806 acceperitz
669 1731 705 1809 let
725 1735 773 1810 qui
793 1741 861 1790 tunc
882 1733 1189 1809 Nordauhymbrorum
1203 1734 1308 1791 fuerint
1328 1732 1387 1808 epi·

290 1832 574 1968 XIIIIPlIIdVrlIiid
600 1910 749 1984 episcopus
775 1909 949 1985 provinciam
975 1910 1149 1967 Australium
1178 1908 1326 1967 Saxonum
1354 1910 1390 1967 ad

334 1991 482 2047 Christum
495 1990 677 2048 converterit.
698 2010 727 2065 p.
745 2007 814 2063 203.

291 2087 373 2144 XIV.
392 2086 434 2144 Ut
447 2086 649 2144 intercessione
663 2087 783 2144 Osualdi
796 2087 882 2162 regis,
897 2087 1033 2162 pestifera
1044 2086 1208 2145 mortalitas.
1217 2087 1254 2144 sit
1270 2086 1389 2144 sublata.

291 2187 361 2322 XII).⁸
370 2184 565 2322 [iiiiaedualla
572 2283 632 2331 rex,
640 2265 791 2321 interfecto
799 2280 868 2339 rege
877 2265 1052 2321 Australium
1061 2266 1206 2321 Saxonum
1214 2263 1387 2329 AEdilvalch,

332 2346 506 2420 provinciam
519 2346 596 2402 illam
610 2365 686 2403 saeva
699 2346 775 2403 caede
790 2364 823 2403 ac
838 2345 1054 2420 depopulatione
1068 2344 1215 2403 attriverit.
1236 2363 1265 2419 p.
1281 2360 1349 2419 207.

291 2443 375 2501 XVI.
397 2442 440 2499 Ut
453 2443 545 2501 Vecta
557 2442 649 2500 insula
662 2443 839 2501 Christianos
853 2444 960 2500 incolas
973 2442 1139 2519 susceperit,
1153 2443 1234 2519 cujus
1247 2442 1319 2517 regii
1330 2442 1389 2499 duo

332 2523 412 2599 pueri
425 2523 522 2581 statim
535 2531 601 2599 post
614 2534 761 2600 acceptum
774 2524 916 2599 baptisma
928 2524 986 2582 sint
999 2524 1171 2599 iuterempti.
1193 2540 1222 2599 p.
1240 2522 1307 2582 208.
1330 2543 1332 2549 ¹

271 2621 391 2679 XVII.
416 2622 460 2678 De
484 2621 594 2696 synodo
615 2622 690 2679 facta
713 2622 743 2677 iu
765 2641 866 2696 campo
888 2621 1069 2688 Haethfelda‚
1090 2620 1260 2696 praesidente
1280 2619 1389 2678 archie-

333 2703 449 2777 piscopo
462 2702 622 2758 Theodoro.
643 2723 671 2777 p.
687 2721 754 2759 oro.

292 2792 406 2857 XVIII.
422 2800 466 2856 De
475 2799 608 2856 Johanne
618 2807 763 2856 cantatore
774 2799 849 2856 sedis
862 2801 1033 2874 apostolicae,
1044 2800 1091 2875 qui
1104 2808 1221 2876 propter
1230 2797 1388 2866 docendum

334 2879 502 2935 Brittaniam
516 2881 633 2937 venerit.
655 2900 683 2956 p.
701 2898 767 2936 212.

293 2976 376 3034 XIX.
399 2975 440 3032 Ut
458 2976 625 3052 AEdilthryd
645 2978 745 3052 regina
761 2979 844 3053 virgo
865 2987 1001 3053 perpetua
1020 2974 1215 3052 permanserit,
1235 2978 1316 3052 cujus
1337 2995 1389 3033 nec

333 3074 435 3130 corpus
448 3057 477 3113 in
491 3066 676 3114 monumento
690 3059 833 3133 eorrumpi
845 3059 978 3133 potuerit.
999 3078 1025 3134 p.
1043 3075 1111 3131 213.

292 3153 361 3210 XX.
388 3154 517 3228 Hymnus
531 3154 566 3210 de
580 3154 636 3210 illa.
659 3174 687 3228 p.
703 3170 771 3228 217.

292 3250 376 3306 XXI.
396 3249 438 3306 Ut
452 3249 619 3306 Theodorus
633 3249 782 3324 episcopus
795 3253 869 3306 inter
883 3247 1050 3326 Ecgfridum
1065 3257 1094 3306 et
1109 3247 1287 3306 AEdilredum
1305 3268 1388 3325 reges

334 3349 433 3404 pacem
446 3330 553 3386 fecerit.
574 3350 602 3404 p.
620 3331 686 3386 218.

292 3427 391 3483 XXII.
412 3427 454 3484 Ut
468 3427 578 3484 vincula
591 3427 736 3502 cujusdam
751 3427 865 3501 captivi,
881 3446 1010 3501 cumpro
1029 3445 1063 3483 eo
1083 3426 1175 3483 missae
1197 3435 1386 3491 cantarentur,

334 3507 428 3564 soluta
441 3507 507 3564 sint.
530 3527 557 3581 p.
576 3527 641 3582 219.

292 3604 407 3664 XXIII.
427 3604 471 3660 De
484 3604 550 3670 vita,
566 3613 595 3660 et
609 3604 689 3660 obitu
702 3602 791 3660 Hilde
806 3603 962 3659 abbatissae.
984 3623 1013 3678 p.
1029 3621 1095 3659 221.
1324 3663 1334 3681 „

292 3703 405 3760 XXIV.
425 3701 511 3771 Quod
524 3701 553 3756 in
567 3701 741 3757 monasterio
756 3701 817 3775 ejus
831 3701 915 3756 fuerit
928 3701 1025 3764 frater,
1040 3701 1085 3756 cui
1098 3700 1203 3756 donum
1219 3699 1339 3756 canendi
1352 3699 1389 3757 sit

334 3782 468 3839 divinitus
482 3801 657 3838 concessum.
679 3801 709 3856 p.
727 3799 794 3855 227.

231 3904 233 3907 ·
292 3881 388 3940 XXV.
394 3880 495 3949 Qualis
502 3878 574 3935 visio
585 3879 695 3934 cuidam
704 3878 765 3933 viro
776 3877 831 3933 Dei
841 3878 1009 3951 apparuerit,
1017 3877 1177 3952 priusquam
1187 3878 1390 3934 monasterium

335 3962 489 4018 Coludanae
502 3960 580 4016 urbis
596 3968 670 4016 esset
683 3957 814 4014 incendio
828 3968 1034 4032 consumptum.
1057 3977 1084 4032 p.
1100 3975 1115 4014 2
1119 3975 1165 4030 30.

292 4054 405 4112 XXVI.
426 4057 470 4113 De
483 4065 576 4112 morte
590 4054 718 4130 Ecgfridi
733 4063 762 4110 et
776 4053 909 4110 Hlotheri
925 4073 1035 4130 regum.
1059 4075 1087 4128 p.
1107 4073 1121 4110 a
1126 4072 1173 4128 33.

293 4153 421 4209 XXVII.
443 4153 486 4208 Ut
498 4153 542 4209 vir
557 4153 673 4209 Domini
689 4153 834 4209 Oudberct
848 4153 884 4208 sit
898 4153 1046 4226 episcopus
1059 4153 1167 4209 Iactus:
1184 4161 1271 4226 utque
1285 4153 1314 4210 in
1326 4173 1389 4210 mo·

334 4233 451 4288 nachica
464 4233 555 4289 adhuc
565 4235 624 4289 vita
637 4233 746 4308 positus
760 4234 863 4289 vixerit
876 4234 922 4289 vel
936 4234 1072 4289 docuerit.
1094 4253 1121 4308 p.
1138 4252 1154 4289 a
1158 4251 1174 4307 3
1178 4247 1205 4307 5.

292 4328 436 4386 XXVIII.
456 4329 497 4385 Ut
517 4329 592 4386 idem
611 4331 640 4385 in
661 4331 719 4386 vita
739 4330 936 4386 anachoretica
958 4338 987 4386 et
1008 4331 1116 4386 iontem
1138 4330 1173 4386 de
1194 4337 1291 4386 arente
1313 4338 1390 4388 terra

334 4409 441 4466 orando
462 4410 634 4482 produxerit,
656 4421 684 4466 et
706 4420 833 4483 segetem
854 4411 890 4465 de
911 4410 1007 4467 labore
1029 4430 1163 4466 manuum
1184 4411 1257 4468 ultra
1278 4419 1389 4486 tempus

335 4489 447 4546 serendi
461 4490 607 4564 acceperit.
628 4511 655 4564 p.
675 4507 742 4564 237.
