3100 5125
87 386 133 404 -
141 371 192 445 15·
496 353 660 422 auaris
684 355 955 424 laeuorsum.
1208 363 1271 432 aas

169 515 283 586 morte,
299 508 380 573 vidit
396 517 510 594 aperta
523 516 657 586 tartara,
673 511 753 575 vidit
773 511 1011 576 damnationem
1029 512 1146 578 diaboli
1169 522 1202 579 et
1224 539 1270 580 se·

170 593 318 680 quacium
332 594 419 678 ejus3
444 595 525 659 vidit
546 594 644 659 etiam
666 617 757 659 suum
780 597 888 662 infelix
908 597 993 661 inter
1007 599 1088 664 tales
1103 622 1269 679 carcerem

170 700 234 764 quo
248 679 458 744 miserabilius
478 679 546 765 ipse
564 681 856 765 desperatasalute
876 683 1004 768 periret,
1021 685 1076 747 sed
1093 685 1271 750 viventibus

170 764 225 851 qui
252 767 321 830 haee
346 765 574 851 cognovissent,
600 789 729 831 causam
753 766 866 832 salutis
895 791 953 832 sua
974 769 1153 868 perditione
1178 772 1270 835 relin-

170 856 290 934 queret.
336 849 473 916 Factum
497 859 547 915 est
572 853 633 916 hoc
659 874 760 938 nuper
783 853 816 916 in
842 854 1004 938 provinera
1030 855 1267 931 Bernieiorumt

128 958 207 1007 suae
220 937 315 1021 longe
328 935 360 1000 la
416 959 455 1001 ue
466 936 674 1015 diffamatum,
692 938 821 1002 ¹multos
840 941 883 1003 ad
900 941 1056 1024 agendam
1076 949 1110 1005 et
1133 963 1196 1005 non
1211 943 1269 1005 dif-

168 1021 332 1085 ferendum
353 1043 506 1086 saeorum
530 1045 660 1086 suorum
685 1023 917 1108 poenitudinem
941 1026 1132 1109 provocavit.
1177 1028 1269 1108 Quod

168 1107 292 1172 utinam
305 1107 419 1171 exhinc
434 1108 532 1172 etiarn
545 1118 728 1174 nostrarum
741 1109 876 1174 lectione
891 1110 1070 1174 litterarum
1084 1111 1152 1176 fiat.

87 1316 153 1363 200
611 1308 718 1373 OAP.
745 1307 827 1372 XV.

169 1427 207 1486 Ut
222 1427 350 1502 plurima
363 1428 519 1485 Scottorum
536 1429 659 1493 ecclesie,
674 1430 792 1485 instante
807 1431 973 1496 Adumacao,
990 1429 1149 1487 catholicum
1165 1432 1267 1507 poscito

270 1509 454 1583 acceperim
475 1517 555 1583 utque
568 1510 637 1564 idem
652 1510 749 1566 librum
763 1512 796 1565 de
810 1511 877 1566 locis
890 1512 992 1567 sanctis
1005 1513 1157 1587 scripserit.

210 1617 280 1698 Quo
294 1624 440 1703 tempore
456 1619 592 1702 plurima
609 1641 685 1703 pars
700 1621 885 1685 Scottorum
900 1622 933 1684 in
948 1621 1116 1700 Hibernia
1132 1629 1166 1688 et
1187 1645 1264 1686 non-
1277 1633 1425 1698 [alaysa]

140 1703 252 1776 snulla
269 1704 366 1768 etiam
386 1705 426 1767 de
448 1704 649 1770 Brittonibus
670 1706 703 1768 in
718 1706 880 1770 Brittania
902 1708 1090 1772 rationabile
1111 1715 1145 1772 et
1166 1699 1431 1778 eccle-ll‘³²¹¹¹¹¹¹'²¹.¹.us

165 1789 332 1854 siasticum
365 1791 522 1874 paschalis
556 1792 765 1855 observantiae
795 1798 921 1877 tempus
951 1780 1089 1857 Domino
1123 1795 1263 1858 donante
1273 1765 1348 1878 ἓξὲξ
1361 1765 1418 1814 ³¹¹⁵

1242 1874 1248 1882 ι

164 1875 313 1961 suscepit.
342 1875 507 1960 Siquidem
519 1876 691 1940 Adamnan
701 1879 867 1962 presbyter
878 1886 912 1942 et
925 1880 1027 1943 abbas
1037 1881 1264 1944 monachorum

165 1959 219 2044 qui
241 1968 335 2025 erant
355 1961 389 2023 in
410 1961 513 2024 insula
536 1962 602 2038 liii,
624 1984 697 2025 oum
716 1963 884 2048 legationis
905 1964 1014 2048 gratia
1031 1965 1145 2028 missus
1167 1988 1187 2029 a
1207 1987 1265 2031 sua

163 2053 269 2145 gente,
285 2046 422 2110 venisset
440 2047 483 2112 ad
502 2047 681 2111 Aldiridum
702 2070 809 2134 regem
824 2048 1011 2134 Anglorum,
1031 2055 1064 2113 et
1081 2050 1264 2134 aliquandiu

164 2153 197 2193 m
211 2153 252 2196 ea
264 2131 429 2216 provincia
442 2139 593 2209 moratus,
609 2133 731 2198 videret
746 2133 827 2198 ritus
842 2133 979 2198 ecolesiae
995 2135 1182 2210 canonicos;
1207 2137 1264 2203 sed

163 2224 198 2280 et
215 2239 237 2281 a
250 2217 394 2301 pluribus
408 2218 461 2316 qui
484 2226 577 2282 erant
599 2219 787 2283 eruditiores
805 2227 891 2284 esset
912 2220 1055 2285 sollerter
1072 2220 1263 2298 admonitus,

126 2324 205 2366 rone
234 2309 347 2366 contra
372 2303 579 2367 umversalem
604 2304 742 2369 ecclesiae
771 2326 902 2380 morem,
928 2305 977 2369 vel
1000 2305 1033 2368 in
1062 2307 1265 2371 observantia

163 2388 313 2472 paschali,
324 2387 378 2452 -ael
392 2387 426 2452 in
440 2389 511 2452 aliis
526 2390 702 2473 quibusque
719 2391 855 2454 decretis
875 2413 947 2454 oum
971 2391 1036 2454 suis
1058 2392 1263 2476 paucissimis,

614 2586 623 2623 l
635 2586 772 2646 multosque
783 2584 813 2632 V.

196 2761 220 2804 4.
231 2744 290 2807 ‚Quo
301 2745 419 2807 tempure]
441 2746 502 2793 Hac
513 2745 585 2794 Μ).
597 2756 650 2807 701.
665 2748 735 2807 ponit
747 2747 836 2795 Mattb.
850 2746 951 2794 Westm.
964 2758 1036 2806 quem
1055 2743 1164 2805 sequitur
1175 2745 1263 2791 Smitir.

164 2809 258 2857 Contra
273 2817 355 2857 atatem
375 2810 488 2857 Usserius
500 2812 637 2859 Adamnuni
654 2812 749 2858 obitum
763 2812 793 2857 ad
805 2813 834 2859 Α.
844 2812 877 2859 D.
891 2822 946 2873 704.
958 2810 1041 2857 refert.
1054 2808 1116 2856 Brit.
1130 2809 1186 2855 Ecc.
1201 2809 1263 2857 Ant.

164 2889 187 2935 p.
198 2872 254 2935 367.
278 2874 402 2936 Quasdam
413 2890 471 2922 vero
479 2890 518 2921 res
528 2891 576 2922 nou
587 2877 652 2923 leves
660 2891 713 2936 quae
722 2877 767 2922 boc
780 2876 829 2923 iere
841 2884 949 2935 tempore
960 2888 1062 2921 evenere
1073 2871 1170 2934 penitus
1181 2874 1264 2921 omisit

163 2936 240 2985 Beda.
259 2937 288 2985 Α.
295 2937 327 2986 D.
337 2939 434 2986 circiter
446 2953 500 3000 γοα.
513 2940 596 2987 itabita
605 2948 643 2987 est
653 2940 761 3002 synodus
770 2942 796 2987 in
808 2954 895 2999 campo
903 2938 1083 2995 Onestreieida,
1092 2937 1128 2984 vel
1143 2938 1263 2984 Estreield

162 3003 226 3050 de.
235 3004 277 3063 58,
292 3003 449 3064 (Nesterfield
461 3005 492 3051 ad
503 3005 601 3051 boream
614 3020 687 3065 prope
700 3004 791 3069 Ripon)
799 3005 829 3052 ab
840 3004 951 3052 Aldirido
961 3011 1052 3064 regest
1062 3002 1215 3050 Berctwaldo
1225 3018 1261 3049 ar-

161 3066 324 3128 chiepiscopo,
335 3068 361 3113 in
372 3083 422 3129 qna
431 3068 517 3116 iterum
532 3069 597 3116 facta
607 3078 643 3116 est
653 3070 756 3129 quaestio
765 3071 796 3117 de
804 3069 919 3125 Vilfrido,
927 3068 991 3115 inter
1001 3082 1072 3128 quem
1085 3074 1109 3115 et
1121 3081 1201 3127 regem
1209 3066 1261 3125 jam

162 3130 193 3178 ab
205 3132 235 3178 Α.
244 3132 275 3179 D.
288 3132 337 3179 fere
349 3130 394 3194 691
409 3134 579 3193 gravissimum
591 3141 672 3180 ortum
685 3141 738 3181 erat
748 3134 884 3181 dissidium.
911 3132 996 3179 Causa
1007 3130 1059 3192 ejus
1070 3138 1119 3179 tres
1130 3132 1160 3177 ab
1173 3132 1261 3185 Editio,

162 3196 282 3243 acerrimo
293 3196 390 3244 Vilfridi
404 3196 540 3251 defensore,
554 3204 726 3259 exponuntur3
744 3198 831 3258 prima,
847 3199 910 3259 (quae
925 3198 998 3244 etiam
1012 3196 1112 3256 antiqua
1123 3195 1190 3256 furit)
1206 3196 1263 3256 quia

161 3260 266 3308 missia
275 3261 406 3321 Rhipensis
416 3261 609 3321 possessionibus
620 3264 671 3309 suis
682 3263 840 3323 privabaturs
858 3262 974 3318 secunda,
985 3261 1043 3322 quia
1059 3260 1144 3307 eadem
1159 3261 1262 3307 ecclesia

161 3326 340 3372 emonssterio
356 3326 382 3373 in
399 3326 560 3387 episcopalem
578 3326 659 3374 sedem
678 3327 796 3374 mutanda
812 3335 882 3386 erat3
900 3327 979 3387 tertia,
990 3326 1048 3386 quia
1059 3325 1179 3371 Viliridus
1191 3340 1261 3385 coge-

160 3387 233 3436 batur
249 3390 363 3437 omnibus
374 3390 477 3438 decretis
487 3390 607 3437 'l'heodori
622 3391 796 3452 archiepiscopi
814 3390 921 3438 obedire.
955 3390 1068 3453 Synodus
1082 3387 1143 3435 nihil
1156 3387 1260 3435 Vilfrido

157 3449 292 3513 jucundum
303 3454 399 3509 statuit,
410 3454 453 3515 qui
464 3455 494 3501 ad
507 3454 663 3501 Ethelredum
676 3455 777 3503 Merciae
787 3470 869 3517 regem
882 3454 963 3510 rediit,
976 3454 1040 3501 unde
1055 3460 1140 3514 postea
1153 3452 1259 3499 Rerum

160 3517 284 3577 proiectus
294 3526 338 3566 est.
373 3519 446 3567 Certe
462 3533 511 3565 non
529 3519 669 3567 inconsulto
680 3522 747 3567 Beda
757 3522 789 3569 de
800 3521 837 3567 bis
849 3520 929 3579 rebus,
941 3520 980 3567 bic
994 3524 1020 3567 et
1035 3517 1109 3573 inira,
1124 3530 1162 3579 19,
1177 3518 1259 3565 tacuit.

160 3582 201 3629 Ne
212 3589 304 3630 temere
314 3582 417 3630 lectores
428 3584 453 3631 in
466 3583 607 3644 perplexum
622 3592 793 3645 argumentum
809 3585 932 3643 inducam,
943 3583 1002 3631 satis
1014 3584 1045 3630 sit
1061 3582 1140 3629 obiter
1152 3596 1259 3637 mouere,

158 3646 222 3694 duas
233 3662 271 3694 res
284 3648 418 3708 praecipuas
426 3648 480 3694 huic
490 3648 548 3694 rixae
557 3649 664 3706 arabesser,
675 3664 769 3709 nempe,
776 3650 863 3709 primo,
872 3655 989 3695 terrarum
999 3646 1163 3708 possessiones
1171 3646 1260 3707 quibus

159 3709 280 3758 wlfadus
298 3712 430 3759 admodum
448 3712 619 3772 postuasset,
636 3713 714 3760 immo
730 3713 827 3761 videtur
845 3712 920 3760 etiam
937 3711 1026 3759 veteris
1043 3710 1101 3757 oleri
1123 3709 1259 3758 Britannici

159 3781 238 3823 terras
248 3790 294 3823 suo
302 3775 358 3836 jure
368 3790 499 3837 occupasse
514 3777 585 3835 (Edd.
599 3777 652 3839 17),
663 3792 725 3838 quas
736 3791 794 3824 vero
811 3790 880 3838 reges
896 3776 943 3823 sibi
957 3775 1046 3822 babere
1061 3772 1206 3833 cupiebant3
1223 3788 1259 3821 se-

159 3840 251 3898 cundo,
263 3841 433 3889 auctoritatem
450 3841 515 3889 sedis
528 3841 655 3899 Romanae,
666 3856 739 3901 quam
757 3855 879 3889 summam
896 3848 922 3887 et
938 3839 1035 3887 unicam
1047 3836 1167 3886 Viltridus
1177 3838 1259 3885 obser-

159 3906 266 3953 vandam
285 3919 338 3952 esse
355 3906 458 3961 cenarit,
472 3919 527 3952 cum
545 3919 588 3953 rex
606 3915 631 3953 et
646 3904 754 3966 episcopi
770 3905 907 3965 anglorum
929 3919 973 3952 sua
993 3909 1086 3950 statuta
1102 3902 1153 3947 vim
1170 3902 1258 3949 habere

158 3968 284 4020 velebant.
317 3970 380 4017 Alia
391 3985 469 4018 causa
481 3969 557 4026 inere,
570 3970 741 4030 archiepiscopi
754 3969 875 4031 primatus
886 3968 926 4016 eui
938 3966 1056 4015 Viliridus
1068 3965 1148 4013 noluit
1158 3967 1218 4014 adeo
1232 3980 1258 4015 se

160 4033 305 4082 submittere
315 4048 365 4096 quo
376 4035 477 4082 adactus
488 4041 540 4090 esti
558 4042 583 4082 et
594 4035 697 4082 fortasse
708 4034 796 4081 divisio
807 4033 926 4095 parochia
937 4047 986 4081 sua
998 4031 1037 4079 cni
1053 4045 1102 4078 uon
1115 4032 1257 4087 consensit3

159 4095 223 4149 tiwt
232 4098 307 4146 etiarn
318 4106 391 4147 antea
401 4099 528 4152 Vrntridua
538 4098 613 4147 simili
628 4098 743 4145 divisioni
759 4098 889 4154 restiterat,
902 4113 985 4159 supra,
997 4096 1030 4145 ir.
1043 4094 1066 4143 6.
1093 4094 1164 4143 Coni.
1174 4110 1256 4157 supra,

159 4160 242 4223 iv.13.
275 4162 332 4210 Vid.
343 4164 406 4212 de.
418 4163 468 4210 Vit.
478 4160 558 4210 wilfr.
572 4178 613 4223 24,
625 4177 666 4223 44,
676 4164 723 4210 &a
733 4163 794 4224 Pagi
808 4174 862 4225 702,
875 4163 919 4210 &a

191 4226 224 4273 ib.
239 4227 380 4275 Scottorum
390 4229 418 4276 is
429 4227 564 4289 thems'u]
580 4228 679 4276 Scilicet
692 4226 876 4288 septentrionali
887 4244 894 4274 e
906 4241 964 4273 nam
976 4225 1092 4273 australes
1104 4222 1181 4271 Scotti
1191 4223 1257 4284 J'am·

157 4290 249 4339 Mum
261 4291 370 4353 mgulam
383 4292 504 4355 paschatis
514 4292 652 4340 Romanam
663 4299 814 4353 acceperant
848 4292 937 4351 Supra,
946 4290 981 4337 iii.
995 4304 1018 4351 3.

190 4353 215 4404 6.
232 4357 382 4417 Adamana]
410 4357 490 4405 Fastis
510 4356 675 4404 Benedictiais
694 4356 784 4403 colitur
805 4356 838 4404 ix.
861 4355 911 4403 lral.
935 4354 1024 4403 Octob.
1068 4352 1125 4401 Fuit
1147 4360 1171 4401 et
1193 4352 1258 4401 alius

157 4434 178 4469 a.
188 4418 353 4468 Adamnanns
363 4422 489 4484 presbyter
499 4420 654 4469 coludiensis
663 4420 696 4469 iv.
710 4432 748 4480 25.
761 4422 787 4469 S.

188 4497 231 4536 rr.
242 4485 310 4546 attis]
326 4484 447 4549 liquibus
457 4485 506 4534 fuit
516 4492 624 4535 tonsura.
638 4500 661 4533 v.
674 4485 793 4546 aajnxta
805 4483 887 4533 tinem.
905 4484 931 4531 S.

657 4550 753 4612 unit
