3100 5125
383 1026 714 1111 HISTORIAE
769 1025 1301 1109 ECCLESIASTICAE
1408 1051 1464 1112 ¹41
1541 1142 1542 1145 Ν

548 1235 758 1310 GENTIS
800 1167 1134 1308 ANGLORUM
1541 1170 1543 1191 l

648 1437 786 1502 LIBER
808 1437 1035 1519 QUARTUS.

697 1667 976 1719 ..φ-..-

763 1883 869 1950 OAP.
893 1883 919 1948 l.
1401 1909 1417 1960 5
1541 1930 1543 1961 ᾗ

294 2023 331 2080 Ut
344 2022 470 2098 desitneto
483 2023 644 2086 Desudedit
659 2021 784 2097 Vipliard
795 2023 832 2079 ad
843 2021 1040 2097 saepiam
1054 2022 1264 2098 ⁸episcapatam,
1274 2022 1393 2081 Romam

330 2106 369 2160 eit
382 2104 497 2160 missus:
518 2105 568 2160 sed
579 2103 628 2160 illo
642 2103 738 2160 ibidem
758 2103 893 2177 desueta
909 2103 1064 2160 llieodorus
1080 2103 1302 2178 archiepiscopus
1314 2106 1391 2162 ordi·

331 2192 419 2248 natus.
434 2192 461 2240 et
476 2203 536 2240 cum
551 2184 692 2240 Hadriana
706 2183 852 2240 attulerit
865 2183 1032 2240 Brittaniam
1045 2183 1149 2239 mim

138 2309 273 2374 Ληθὼ(
375 2294 467 2359 NNO
493 2300 669 2358 memorato
694 2296 838 2379 praet'atae
861 2285 984 2378 eclipsis
1009 2299 1043 2358 et
1068 2315 1143 2358 mox
1168 2294 1392 2378 subsequentis

396 2380 595 2466 pestilentiae,
612 2401 674 2465 quo
696 2386 730 2443 et
753 2379 884 2444 Colman
901 2379 1067 2464 episeopus
1088 2378 1238 2442 unanima
1256 2380 1391 2445 catholi-
1401 2404 1434 2441 10

128 2481 264 2532 Βειιιᾱεᾱῑι
294 2487 404 2531 corum
426 2465 602 2530 intentione
624 2471 793 2549 superatus
812 2464 855 2528 ad
874 2485 948 2527 suos
967 2485 1112 2528 reversus
1131 2472 1191 2541 est,
1210 2466 1392 2530 Deusdedit

35 2553 37 2558 ’
129 2552 154 2595 ⁸⁸
293 2559 403 2617 sextus
425 2551 565 2617 ecclesiae
588 2549 839 2615 Doruvernensis
862 2549 1029 2636 episcopus
1050 2549 1130 2614 obiit
1153 2549 1254 2636 pridie
1279 2550 1392 2615 iduum

127 2652 277 2705 Erconberct
292 2640 317 2702 J
318 2639 471 2713 uliarum3
496 2638 553 2702 sed
566 2644 600 2701 et
616 2637 813 2701 Erconberct
827 2658 885 2700 rex
896 2636 1141 2701 (lautumiarum
1156 2637 1267 2699 eodem
1281 2659 1392 2702 mense

128 2718 166 2765 ⁰¹³·
179 2720 229 2767 *¹¹¹¹-
242 2722 266 2768 d·
293 2747 330 2789 ac
353 2725 404 2788 die
423 2724 600 2801 defunctus,
617 2722 797 2806 Ecgbercto
816 2722 881 2785 filio
901 2722 1008 2785 sedem
1025 2744 1060 2785 re
1104 2721 1115 2784 i
1134 2722 1273 2807 reliquit,
1293 2745 1392 2807 quam

128 2794 167 2894 ἔξ
180 2848 248 2899 beret
258 2866 278 2899 r.
292 2810 343 2873 ille
363 2816 542 2894 susceptam
563 2831 620 2893 per
641 2829 754 2871 novem
772 2829 873 2871 annos
892 2806 1005 2870 tenuit.
1078 2813 1141 2871 unc
1160 2814 1304 2871 cessante
1324 2831 1390 2872 non

129 2864 200 2961 cala
291 2917 394 2981 pauco
415 2902 558 2979 tempore
580 2893 774 2979 episcopatu,
790 2892 904 3041 miss51s
923 2897 973 2990 est
992 2892 1127 3022 Rurpam
1144 2892 1275 3040 apdipso
1295 2892 1390 3041 slipnul
1401 2912 1430 2963 15

290 2980 1390 3150 {llr.ft{1.l.⁰.fft?ll.”sst¹'3sslta⁸.ss¹¹tllextiti-lull

290 3150 385 3233 plinis
417 3150 627 3226 doctissimus,
658 3149 697 3211 de
726 3170 841 3247 genere
871 3146 1057 3232 Anglorurn
1087 3148 1273 3232 petentibus
1303 3150 1389 3214 hunc

291 3234 429 3298 ecclesiae
452 3233 630 3319 Anglorum
651 3234 922 3318 arehiepiscopum
943 3232 1104 3296 ordinari:
1138 3233 1242 3297 missis
1265 3235 1391 3319 pariter

291 3319 465 3404 apostolico
479 3341 570 3405 papae
585 3318 735 3396 donariis,
751 3326 786 3383 et
804 3318 909 3381 aureis
927 3324 1026 3403 atque
1045 3318 1205 3404 argenteis
1219 3320 1304 3384 vasis
1324 3343 1391 3385 nen

291 3405 409 3489 paucis.
464 3405 524 3486 Qui
554 3404 608 3469 ubi
634 3405 770 3467 Romam
794 3403 947 3487 pervenit,
975 3404 1081 3487 ⁰cujus
1106 3404 1173 3468 sedi
1201 3406 1390 3489 apostolicae

127 3498 266 3551 vitalianus
293 3497 436 3575 tempore
451 3491 503 3554 illo
516 3490 699 3554 Vitalianus
713 3496 860 3575 praeerat‚
875 3494 1045 3587 postquam
1059 3488 1183 3553 itineris
1197 3490 1245 3553 sui
1259 3512 1432 3555 causamco

128 3578 198 3627 ΡΨ·
292 3577 427 3661 praefato
448 3598 540 3661 papae
561 3575 735 3660 apostolico
755 3576 915 3659 patefecit,
932 3595 996 3636 non
1015 3575 1115 3639 multo
1134 3582 1209 3659 pest
1224 3583 1257 3640 et
1272 3576 1341 3661 ipse
1355 3584 1391 3641 et

292 3684 401 3725 omnes
415 3684 495 3746 pene
511 3660 564 3747 qui
580 3681 652 3725 cum
672 3682 709 3724 eo
730 3660 926 3723 advenerant
945 3658 1030 3735 socii,
1046 3660 1229 3743 pestilentia
1243 3683 1390 3746 superve-

291 3747 399 3811 niente
414 3746 510 3810 deleti
525 3753 608 3810 sunt.

335 3833 384 3897 At
403 3832 594 3917 apostolicus
613 3852 699 3915 papa
720 3830 831 3894 habito
854 3830 894 3892 de
911 3828 962 3893 his
977 3828 1117 3907 consilio,
1134 3830 1279 3931 quaesivit
1297 3833 1391 3896 sedu-

292 3917 341 3981 lus
361 3939 455 4003 quem
472 3916 609 3982 ecclesiis
624 3916 803 4001 Anglorum
819 3914 1091 3999 archiepiscopum
1108 3923 1262 3981 mitteret.
1306 3917 1393 3983 Erat

342 4088 357 4117 n
367 4076 716 4140 episcopum-susceperim
727 4077 874 4139 episcopiam
885 4076 916 4123 V.
991 4077 1006 4115 b
1018 4083 1047 4123 at
1057 4079 1085 4124 in
1096 4077 1160 4125 V.G.
1236 4088 1249 4118 ο
1261 4080 1303 4127 eui
1314 4078 1345 4127 V.

328 4222 364 4255 11.
378 4208 527 4269 Deaededit]
547 4208 631 4256 Codex
642 4210 672 4255 A.
684 4207 714 4255 Τ.
727 4207 756 4255 C.
768 4220 792 4268 p.
803 4217 842 4268 25.
851 4206 875 4255 b.
887 4205 948 4254 dicit
964 4220 1054 4255 nomen
1070 4207 1108 4255 illi
1126 4207 1240 4269 primitus
1250 4208 1326 4257 {uiue
1336 4208 1392 4257 Fri·

291 4273 433 4393 (ιοῖἳὲοπ
445 4350 527 4397 pauco
542 4336 658 4399 tempore]
687 4336 729 4384 Ab
747 4351 767 4383 a.
782 4333 840 4393 664,
857 4333 936 4394 pridie
953 4334 1038 4383 iduum
1049 4335 1184 4392 luliarum,
1203 4337 1234 4383 ad
1251 4352 1273 4384 a.
1286 4335 1334 4386 668
1352 4338 1393 4386 die

292 4400 397 4461 septima
419 4400 578 4448 kalendarum
601 4400 731 4461 Aprilium.
774 4400 925 4447 whartonus
948 4406 1030 4448 autem
1052 4408 1166 4450 numerat
1185 4416 1200 4449 a
1219 4402 1251 4451 28
1267 4402 1337 4450 lulli.
1360 4404 1390 4451 S.

292 4463 368 4526 Angl.
382 4464 450 4511 Sacr.
461 4464 477 4511 i.
489 4479 513 4525 p.
523 4479 565 4527 93,
574 4470 619 4512 etc.

328 4538 364 4591 15.
373 4528 538 4590 precedente]
560 4528 619 4589 Cap.
629 4542 668 4591 29·
685 4528 709 4575 S.
