3100 5125
94 347 171 415 ug.
495 331 659 401 GENTIS
683 338 957 403 ANGLORUM.
1213 341 1278 411 249

136 490 211 551 sset
234 483 366 550 nunes
391 509 464 551 cum
490 489 551 552 illis
574 490 606 552 in
630 492 784 576 templum
809 492 986 568 ambulans,
1009 497 1042 556 et
1066 490 1220 568 exsiliens,
1244 445 1278 562 ei
1312 503 1315 508 '

99 560 164 640 184
176 567 311 635 laudans
333 571 524 649 Dominum
547 577 690 660 gaudens
708 577 858 640 nimirum
878 577 926 640 nti
948 577 1053 641 officio
1073 577 1198 661 pedum,
1213 597 1277 659 quo

176 660 271 753 terito
294 663 365 720 erat
386 665 532 744 tempore
560 662 743 727 destitutus.
799 663 897 745 (injus
920 661 1052 726 sanitati
1076 662 1277 746 congaudens

176 761 343 826 eprscopus
359 746 512 830 praecepit
533 748 656 811 medico
676 747 775 813 etiam
796 748 945 812 sanandae
965 747 1143 812 scabredini
1164 746 1277 831 capitis

176 827 244 909 ejus
259 848 368 892 curam
382 830 543 896 adhibere.

225 912 319 1010 Eecit
348 921 385 978 ut
410 917 560 1000 jusserat,
591 924 625 980 et
650 919 783 1002 juvante
813 919 1032 983 benedictione
1061 941 1099 981 ac
1129 917 1276 1002 precibus

153 998 330 1062 santistitis
345 1007 423 1064 nata
438 1010 488 1066 eat
507 1025 580 1067 cum
603 1004 743 1068 sanitae
764 1005 847 1068 ontis
862 1011 995 1068 venusta
1010 1003 1129 1088 species
1151 1003 1277 1087 capillo-

176 1103 256 1158 rum,
272 1083 359 1149 iactu
398 1109 437 1150 ue
452 1095 502 1151 cst
513 1089 637 1172 juvenis
651 1089 799 1175 limpidus
810 1091 898 1154 vultu
914 1097 947 1154 et
962 1090 1086 1172 loquela
1097 1095 1273 1174 promptus,

176 1169 299 1252 capillis
313 1171 385 1255 pulc
409 1173 522 1236 enimc
537 1174 657 1258 crispis,
674 1175 728 1258 qui
749 1182 825 1239 ante
846 1177 951 1240 luerat
969 1175 1127 1251 deformis,
1144 1195 1275 1321 pauper,

176 1259 211 1317 et
239 1262 356 1320 mutus.
401 1258 516 1343 Sicque
542 1261 582 1322 de
607 1267 759 1344 percepta
782 1261 912 1324 laetatus
936 1261 1101 1344 sospitate,
1125 1281 1144 1326 ο
1168 1265 1277 1322 arente

175 1338 274 1403 etiam
294 1341 323 1404 ei
343 1342 490 1428 episcopo
510 1345 603 1408 utin
617 1367 676 1408 sua
689 1345 809 1410 familia
823 1345 971 1410 manendi
986 1345 1090 1409 locum
1107 1344 1275 1428 acciperet,

175 1425 276 1510 magis
291 1427 420 1490 domum
434 1451 578 1493 reversus
593 1437 651 1494 est.

628 1628 735 1692 OAP.
759 1627 823 1692 ΙΙΙ.

137 1763 169 1796 ¹0
405 1749 470 1809 zUt
476 1752 598 1826 puellam
612 1752 779 1826 lanpamtem
793 1751 893 1808 orando
907 1751 1052 1809 rennuerit.

220 1858 386 1922 Nannsvsr
401 1860 486 1924 idem
500 1861 681 1925 aBerethun
696 1868 730 1925 et
744 1861 831 1924 aliud
846 1863 886 1925 de
900 1863 1036 1946 praelato
1052 1861 1197 1925 antistite
1218 1859 1276 1922 mi·
1287 1879 1435 1944 [spese]
1450 1941 1451 1944 Ἴ

175 1945 328 2008 raculum.
373 1947 455 2026 Quia
476 1969 547 2009 cnm
566 1946 838 2010 reverentissimus
853 1947 901 2009 vir
917 1947 1035 2010 Vilfrid
1057 1946 1276 2032 posblongum

176 2029 305 2092 exilium
335 2031 369 2093 in
399 2033 617 2117 episcopatum
646 2040 730 2096 esset
761 2032 1029 2117 Hagustaldensis
1059 2032 1198 2096 ecclesiae
1227 2053 1275 2094 re-

177 2122 298 2199 ceptus,
326 2124 359 2180 et
383 2117 466 2180 idem
488 2118 664 2195 Johannes,
691 2117 841 2181 defuncto
864 2119 949 2182 Bosa
969 2119 1037 2182 viro
1057 2117 1165 2182 multae
1188 2138 1400 2187 sanc-sosaob.

176 2200 284 2264 sitatis
306 2208 340 2265 et
361 2202 558 2280 humilitatis,
583 2203 749 2288 episcopus
770 2225 828 2288 pro
851 2225 889 2266 eo
912 2203 1051 2268 Eboraci
1073 2203 1274 2279 substitutus,
1283 2203 1412 2282 J⁰h⁸3¹¹1²⁵

138 2287 299 2358 15venerit
323 2287 390 2372 ipse
413 2295 557 2372 tempore
583 2290 720 2373 quodam
745 2290 789 2353 ad
814 2289 1041 2352 monasterium
1065 2289 1220 2373 virginum
1243 2267 1408 2379 inilijfiigffl·

176 2371 247 2434 loeo
262 2372 316 2457 qui
331 2380 463 2437 vocatur
480 2373 642 2451 Vetadun,
659 2374 709 2437 cui
724 2381 801 2438 tunc
824 2374 989 2459 Heriburg
1010 2374 1174 2439 abbatissa
1195 2395 1276 2457 prns-
1286 2348 1356 2457 Eraga
1384 2348 1422 2394 ep.

176 2456 245 2521 fuis
293 2458 355 2521 Ubi
369 2481 437 2522 cem
451 2461 638 2536 eeemmmes,
654 2459 767 2542 inquit,
783 2470 810 2522 et
823 2482 931 2544 mepee
945 2461 1151 2523 enieersorem
1162 2459 1276 2542 paedia
1285 2461 1415 2523 Heriburs·

176 2545 303 2629 suseepti
321 2567 455 2622 essemus,
471 2545 621 2611 indicarit
637 2545 720 2609 nobis
737 2545 896 2622 abbatisse,
912 2546 992 2629 qaod
1006 2545 1149 2630 qeoedsm
1168 2545 1204 2607 de
1221 2566 1275 2607 na-
1285 2527 1338 2575 Μ·

176 2651 258 2693 merc
272 2630 425 2715 eirpmem
439 2653 506 2716 qea
519 2641 586 2695 eret
591 2631 667 2713 fitia
680 2632 777 2713 moises
787 2632 931 2707 carnales,
944 2632 1122 2715 pravissimo
1137 2631 1277 2714 laepeore
1285 2594 1406 2706 iffi?

177 2723 343 2779 temereter:
367 2716 441 2800 qaia
448 2716 667 2801 phlebotomata
680 2726 722 2780 est
735 2738 833 2801 asper
846 2716 881 2779 ie
896 2715 1024 2793 brecbic,
1040 2725 1067 2779 et
1081 2736 1148 2779 cem
1161 2725 1230 2779 esset
1244 2716 1277 2777 ie
1286 2724 1345 2770 lum·

137 2801 288 2877 rastedis,
306 2811 389 2864 taeta
402 2813 444 2865 est
457 2802 634 2885 infirmitate
643 2803 793 2886 repentini
807 2801 926 2877 debris,
942 2823 999 2886 pec
1013 2823 1080 2865 mee
1093 2802 1276 2877 increscente,

176 2886 275 2969 mapis
293 2897 457 2969 praestem
477 2897 518 2951 est
541 2886 695 2950 brecbiem
718 2887 801 2950 iliad
822 2886 1024 2965 senioralem,
1045 2908 1083 2949 ec
1104 2907 1221 2949 eersem
1242 2886 1277 2947 ie

176 2980 333 3049 temerare,
343 2973 417 3035 adeo
427 2983 461 3036 et
475 2974 527 3037 ein
541 2972 658 3035 dreabes
672 2972 812 3035 maeibes
825 2972 1025 3056 cireeemteeti
1033 2982 1142 3055 posset,
1152 2972 1277 3055 ipsaqee

169 3057 276 3139 jacens
302 3058 336 3121 ie
362 3058 432 3121 lecte
450 3081 523 3143 prce
547 3059 702 3121 nimietate
722 3058 834 3121 debris
851 3057 921 3140 jem
943 3059 1094 3121 meritare
1115 3058 1276 3120 ridereter.

176 3143 310 3227 Repetit
323 3165 391 3229 erpo
405 3146 574 3229 episcopam
588 3142 738 3207 abbatissa
752 3153 786 3207 et
801 3143 952 3206 bintraret
965 3143 1010 3207 ed
1021 3160 1097 3219 eam,
1112 3164 1149 3205 ec
1164 3141 1277 3205 berecti

177 3248 240 3291 cere
259 3228 349 3292 illam
367 3229 555 3313 dipeereter,
577 3230 652 3313 qaia
676 3229 805 3293 crederet
828 3250 893 3291 eam
916 3230 961 3293 art
982 3228 1208 3292 bendictionem
1231 3228 1279 3291 eei

137 3326 166 3377 ²5
177 3323 290 3377 motem
314 3313 400 3378 illies
422 3336 490 3378 mee
512 3315 619 3378 medes
642 3312 828 3377 habitarem.
872 3315 1067 3399 Ieterropees
1095 3322 1195 3377 aetem
1225 3313 1277 3377 tte

176 3560 192 3598 b
202 3497 349 3611 {affirm
355 3500 467 3560 puellam
478 3498 508 3545 V.
597 3508 611 3537 t
622 3497 762 3545 Bereclrtes
773 3497 833 3545 GL.
851 3496 1013 3545 Berclrtemas
1024 3497 1055 3545 G.
1073 3496 1204 3545 Barantea
1217 3497 1274 3545 Sex.

212 3730 249 3765 ra.
263 3732 319 3763 cum
330 3718 542 3764 reverentissimas
550 3718 600 3779 vir]
622 3716 723 3768 Obiturn
742 3716 812 3763 Bosae
825 3716 930 3777 episcopi
950 3714 1121 3777 Eboracensis,
1131 3723 1155 3763 et
1171 3715 1275 3762 transla-

176 3781 271 3829 tionem
282 3780 403 3829 iohannis
414 3781 444 3828 sb
457 3782 647 3843 Hagustsldensi
664 3783 695 3827 ed
708 3781 886 3828 Eboracensern
902 3778 1038 3839 ecclesiam,
1049 3778 1155 3830 Vilfrido
1168 3779 1220 3840 jam
1239 3793 1275 3827 re-

177 3861 248 3896 verso
259 3854 285 3894 et
293 3846 439 3907 suscipiente
450 3860 533 3893 curam
544 3847 652 3894 ecclesia
664 3844 878 3907 Hagustaldensis,
886 3844 956 3905 ponit
965 3843 1027 3891 Flet.
1037 3844 1092 3905 vig.
1103 3843 1127 3889 in
1137 3843 1166 3891 Α.
1176 3844 1208 3891 D.
1218 3841 1274 3891 686.

177 3912 263 3974 ltaque
274 3911 317 3959 ills
328 3925 383 3971 quse
394 3912 420 3957 in
432 3910 477 3957 hoc
488 3911 568 3972 capite
580 3919 710 3959 canantur
720 3923 770 3956 non
780 3916 837 3957 ante
848 3924 904 3956 eum
913 3922 1004 3955 annum
1013 3915 1082 3969 gesta
1090 3914 1161 3956 sante
1173 3908 1276 3955 iomsse

175 3976 328 4040 aliquantum
339 3983 430 4037 postea

214 4055 250 4103 15.
264 4041 392 4102 Vetadan]
408 4039 489 4091 Hodie
501 4040 613 4096 Wstton,
626 4039 674 4087 ie.
685 4037 787 4087 humida
798 4037 864 4097 villa,
876 4051 907 4084 ex
924 4035 992 4097 aquis
1007 4042 1032 4083 et
1048 4034 1176 4096 paludibus
1187 4035 1275 4095 quibus

177 4115 246 4167 septa
257 4113 302 4155 est.
335 4105 512 4153 Monasterium
531 4105 657 4165 antiquum
676 4104 701 4150 in
718 4101 831 4149 orientali
844 4107 913 4163 parte
923 4101 1053 4161 provincia
1064 4100 1235 4156 Eborecensis‚
1247 4101 1273 4147 in

177 4186 226 4233 quo
236 4170 308 4231 hujus
318 4170 406 4231 eapitis
417 4169 560 4217 miraculum
574 4185 589 4216 a
599 4169 617 4216 J
619 4169 715 4215 ohanne
725 4166 839 4227 episcopo
851 4166 942 4214 fartum
954 4172 998 4213 est.
1025 4166 1111 4225 Longo
1120 4170 1228 4224 tempore
1239 4164 1274 4211 di-

89 4274 94 4280 .
176 4243 260 4283 murm
279 4234 387 4283 restituit
401 4234 427 4282 in
445 4248 516 4281 usum
533 4233 725 4281 Gilbertinorum
741 4231 870 4279 Eustasius
886 4230 950 4277 filius
960 4229 1080 4277 iohannis
1090 4236 1199 4288 tempore
1209 4228 1274 4289 regis

177 4299 301 4361 Stephani.
337 4300 375 4348 lle
386 4300 431 4347 boc
442 4298 591 4346 monasterio
603 4297 657 4345 ride
669 4297 744 4345 etiarn
756 4311 780 4342 x.
793 4294 881 4357 Script.
896 4310 919 4355 p.
927 4307 984 4355 415.
996 4309 1045 4341 una
1056 4308 1112 4341 cum
1128 4292 1202 4356 longa
1219 4308 1274 4340 nar-

177 4364 284 4420 ratione,
296 4364 326 4411 de
337 4364 457 4411 miraculo
468 4362 572 4410 Aluredi
584 4362 678 4411 abbatis
689 4358 859 4409 Rievellensis.
877 4360 902 4407 S.
936 4359 1039 4406 Watton
1050 4372 1099 4405 nou
1112 4358 1196 4418 procul
1207 4356 1275 4407 abest

178 4430 337 4476 aBeverlsco
348 4429 379 4476 sd
391 4427 587 4489 septentrionem.

219 4512 319 4555 BAEDA.
708 4511 731 4552 Κ
745 4488 768 4551 k
