3100 5125
272 255 336 324 162
594 251 832 318 HISTORIAE
854 250 1032 319 EOOLES.
1318 254 1391 319 111.
1409 270 1460 338 25.

272 431 386 495 seopus
399 407 460 474 looi
473 405 594 493 bipsius
608 405 772 472 Eadbemt
786 405 897 472 ablata
910 403 1097 484 harundine,
1112 403 1233 490 plumbi
1245 405 1424 472 laminisro

272 517 344 562 eam
364 501 478 572 totam,
493 495 553 558 hoo
569 499 628 571 est,
643 498 678 558 et
699 498 822 558 teetum
836 499 873 556 et
891 491 978 576 ipsos
996 513 1124 575 quoque
1143 492 1284 577 parietes
1304 494 1385 578 ejus·
1532 510 1534 525 ¹

273 601 332 646 ooo
371 580 434 644 rire
449 577 582 644 curavit.

353 665 381 729 is
400 664 597 749 temporibus
622 662 757 748 quaetio
781 663 870 728 saeta
894 668 946 726 est
967 661 1115 746 frequens
1135 669 1171 727 et
1191 685 1318 748 magun,
1333 665 1381 728 de

273 749 494 815 observatione
514 749 650 834 paseha,
673 747 935 812 confirmantibus
963 747 1085 832 eisqui
1114 748 1300 826 decentia,
1323 750 1378 814 rel

274 837 315 900 de
329 835 441 900 Galliis
462 835 666 912 advenerant,
690 835 776 918 quod
798 833 902 907 Sootti
917 833 1119 897 Dominioum
1139 834 1268 918 pesebae
1287 834 1378 899 diem

273 927 387 986 eontra
407 919 590 984 universalis
611 918 751 984 eoelesiae
773 939 895 982 morem
911 919 1118 983 eelebrarent.
1162 919 1245 983 Erat
1266 919 1300 982 in
1321 921 1376 984 bis

272 1006 445 1074 aoerrimus
472 1005 538 1070 veri
567 1005 693 1090 paeohae
723 1005 879 1081 defensor,
908 1004 1036 1069 nomino
1066 1005 1210 1082 cBonan,
1240 1005 1375 1070 natione
1385 1024 1417 1076 15

272 1092 400 1178 quidem
420 1091 560 1168 Scottus,
586 1089 698 1154 sedin
723 1089 837 1154 Galliae
863 1089 913 1153 vel
931 1089 1035 1152 Italiae
1081 1090 1205 1154 artibus
1228 1091 1375 1189 regulam

272 1175 492 1242 ecelesiastica
512 1174 656 1240 veritatis
680 1175 832 1248 edoctus3
865 1174 920 1259 qui
943 1195 1015 1237 oum
1039 1112 1166 1240 ulnam
1188 1176 1373 1261 eonlbgens,

272 1263 390 1326 multos
410 1260 539 1345 quidem
560 1260 708 1338 correxit,
724 1260 773 1324 vel
792 1260 835 1324 ad
855 1259 1064 1326 sollertiorem
1077 1260 1223 1324 veritatis
1242 1261 1376 1346 inquisi-

272 1347 392 1412 tionem
421 1346 590 1414 aooeudit:
629 1367 831 1432 nequaquam
866 1352 976 1410 tamen
1006 1345 1166 1410 Finanum
1202 1347 1376 1411 emendare

271 1433 397 1518 potuit;
422 1432 498 1532 quin
518 1431 635 1518 potius,
651 1432 736 1516 quod
758 1437 843 1494 esset
863 1431 961 1496 bomo
972 1431 1086 1494 leroois
1106 1430 1213 1508 animi,
1228 1431 1375 1496 acerbio-

271 1541 340 1582 rem
364 1518 560 1604 eaetigando,
585 1523 619 1582 et
643 1523 791 1601 apertum
812 1515 957 1581 veritatis
979 1514 1196 1580 adversarium
1218 1517 1372 1582 reddidit.

272 1603 473 1669 Observabat
492 1610 601 1668 autem
619 1601 745 1666 dJaoob
760 1602 914 1666 diaeonus
927 1602 1097 1685 quondam,
1111 1607 1260 1686 utsupra
1274 1603 1373 1666 doeu-
1382 1623 1417 1659 20

271 1689 362 1766 imus,
378 1689 565 1754 venerabilis
586 1686 814 1772 ambiepisoopi
836 1686 972 1764 Paulini,
994 1709 1105 1750 verum
1124 1693 1159 1751 et
1178 1688 1374 1752 oatbolieum

271 1775 399 1859 paseha,
426 1797 499 1838 eum
525 1773 671 1838 omnibus
694 1794 774 1858 quos
799 1772 842 1836 ad
867 1771 1109 1836 eoorreotiorem
1133 1771 1219 1836 viem
1244 1774 1375 1838 erudire

270 1866 408 1959 poterat.
455 1860 655 1923 Observabat
669 1865 703 1922 et
717 1859 828 1943 regine
846 1857 982 1922 Eaufled
994 1879 1068 1920 eum
1087 1857 1162 1935 suis,
1175 1858 1271 1942 juxta
1284 1861 1374 1943 quod

270 1967 304 2008 rn
319 1945 435 2010 Oantia
456 1944 525 2008 fieri
540 1943 672 2020 viderat,
688 1944 810 2008 habens
831 1965 939 2008 seeum
958 1943 998 2008 de
1013 1942 1129 2012 (lautia
1148 1945 1375 2028 presbyterum

271 2029 435 2094 eatbolieae
447 2027 686 2106 observationis,
696 2030 823 2092 nomine
832 2030 1029 2092 Romanumz
1045 2028 1130 2092 unde
1143 2051 1374 2115 nonnunquam

271 2114 443 2199 eontigisse
462 2114 566 2178 fertur
585 2113 645 2176 illis
664 2115 870 2199 temporibus,
886 2119 924 2178 ut
942 2113 992 2177 bis
1010 2113 1045 2176 in
1061 2135 1146 2177 anno
1166 2135 1231 2176 uno
1250 2117 1373 2199 paseha
1383 2133 1416 2184 ²5
1532 2160 1533 2163 κ

271 2200 494 2264 celebraretur.
540 2198 585 2262 Et
600 2220 672 2264 eum
686 2221 744 2262 rex
761 2201 881 2284 paseha
895 2197 1099 2264 Dominioum
1111 2199 1226 2263 solutis
1241 2201 1373 2285 jejuniis

271 2285 401 2362 moeret,
425 2290 503 2348 tuno
526 2284 637 2369 regina
660 2307 732 2348 oum
761 2285 827 2349 suis
857 2285 1029 2370 persistens
1058 2285 1164 2348 adhue
1191 2285 1224 2348 in
1249 2287 1375 2370 jejunio

271 2370 356 2435 diem
369 2369 547 2454 palmarum
561 2370 744 2436 eelebraret.
782 2371 863 2436 Haeo
878 2377 988 2435 autem
1001 2370 1199 2434 dissonantia
1212 2371 1375 2456 paschalis

271 2455 481 2520 observantiae
510 2454 635 2521 vivente
658 2455 792 2520 AEdano
820 2457 981 2541 patienter
1009 2457 1052 2520 ab
1081 2455 1226 2520 omnibus
1255 2458 1372 2522 tolera-

271 2542 379 2620 batur,
407 2541 461 2627 qui
490 2547 639 2627 patenter
667 2541 900 2620 intellexerant,
927 2541 1002 2626 quia
1027 2541 1089 2606 etsi
1114 2542 1234 2627 paseha
1257 2550 1374 2609 eontra

270 2650 393 2692 morem
417 2650 528 2693 eorum
551 2628 605 2712 qui
628 2627 732 2714 ipsum
753 2627 907 2692 miserant
926 2629 1032 2692 faeere
1052 2650 1118 2692 non
1138 2628 1253 2712 potuit,
1272 2651 1371 2713 opera

271 2718 379 2777 tamen
403 2714 486 2791 fidei,
513 2713 652 2798 pietatis,
679 2719 714 2777 et
742 2713 927 2789 dileetionis,
954 2714 1050 2797 juxta
1074 2734 1195 2777 morem
1223 2714 1371 2779 omnibus
1379 2735 1417 2783 30

271 2798 390 2862 sanetis
413 2806 607 2873 consuetum,
624 2797 793 2883 diligenter
813 2798 943 2887 exsequi
965 2799 1107 2863 curavit:
1135 2800 1220 2863 unde
1240 2801 1282 2864 ab
1303 2823 1370 2864 om-

271 2882 365 2946 nibus
379 2883 478 2949 etiam
493 2884 542 2947 his
558 2884 611 2968 qui
626 2884 666 2947 de
683 2884 804 2969 paseha
818 2884 912 2948 aliter
926 2884 1117 2962 sentiebant,
1133 2886 1247 2949 merito
1262 2886 1372 2972 dilige·

271 2968 389 3031 batur:
421 2990 481 3032 nee
508 2969 608 3032 solum
637 2992 658 3033 a
686 2969 907 3048 mediooribus,
930 2992 1040 3033 verum
1068 2971 1111 3033 ab
1138 2970 1216 3055 ipsis
1244 2993 1287 3055 qu
1330 2994 1372 3035 ue

272 3052 435 3137 episeopis,
457 3053 603 3117 Honorio
626 3054 879 3131 Oantuariorum‚
901 3060 936 3118 et
957 3055 1062 3118 Felioe
1077 2994 1372 3120 Orienaliumoln-

271 3138 404 3223 glorum‚
420 3137 615 3203 venerationi
629 3139 760 3203 habitus
775 3146 834 3203 est.

109 3232 281 3351 Epipppoupp
313 3222 476 3321 -Defunoto
490 3230 598 3287 autem
614 3224 738 3289 Fiuano
754 3224 808 3310 qui
824 3232 898 3325 post
918 3224 1006 3325 illum
1024 3224 1096 3302 fuit,
1112 3248 1189 3326 eum·
1199 3226 1412 3297 colmannus

271 3310 891 3479 tttttttttttlt‘tttpt
910 3312 1371 3463 ffissssstltttttt

271 3478 442 3563 disoiplinis
460 3481 675 3545 controversia
696 3488 774 3545 nata
796 3488 866 3546 est:
899 3480 997 3545 funde
1020 3482 1120 3546 movit
1142 3483 1212 3547 hmo
1234 3483 1371 3567 quaestio

270 3584 381 3627 sensus
396 3570 430 3629 et
447 3566 545 3629 eorda
566 3567 747 3643 multorum,
762 3565 944 3630 timentium
965 3588 1006 3630 ne
1026 3566 1110 3631 forte
1131 3574 1264 3652 aooepto
1278 3568 1371 3633 Obri-

270 3648 445 3713 stianitatis
466 3651 628 3728 vocabulo,
654 3651 687 3713 in
710 3670 844 3715 vanuum
865 3657 1039 3730 ourrerent,
1062 3659 1123 3717 aut
1145 3653 1369 3719 oueurrissent.

271 3734 422 3799 Pervenit
444 3742 477 3799 et
498 3736 541 3799 ad
563 3735 648 3820 ipsas
669 3736 849 3821 principum
870 3759 972 3815 aures,
989 3737 1089 3801 Osuiu
1106 3738 1252 3803 videlieet
1272 3740 1414 3824 regiaoo
1532 3711 1534 3788 l

270 3824 305 3883 a
318 3820 374 3883 fin
388 3820 458 3905 ejus
473 3820 649 3896 alonna
682 3821 736 3906 qui
757 3822 909 3885 nimirum
928 3822 1029 3888 osuiu
1050 3846 1072 3889 a
1093 3824 1215 3889 stoue
1235 3824 1371 3889 enatus
1532 3791 1534 3890 l

170 4010 172 4015 .
302 3980 433 4027 Μαίων.
499 3979 611 4027 eamn
619 3982 650 4027 V.
716 3980 891 4029 alamuosa.
902 3989 928 4030 et
937 3987 1004 4029 recte
1014 3980 1121 4042 quidam,
1133 3997 1191 4029 nam
1203 3979 1263 4031 alibi
1274 3996 1372 4044 semper

167 4009 169 4014 Ι
269 4042 379 4093 Jaaoue
390 4057 439 4091 non
450 4042 531 4091 ducet
542 4044 690 4105 appellatum
709 4046 798 4094 sedita
807 4045 875 4093 libri.
956 4048 1156 4108 senopem
1168 4047 1198 4095 V.
1282 4047 1372 4095 tunde

269 4109 357 4155 memte
367 4109 444 4155 moult
454 4122 541 4156 omues
550 4114 652 4169 excepte
663 4109 739 4158 Mori.
750 4112 781 4158 G.
1376 4139 1379 4142 -

302 4258 341 4293 η.
351 4245 383 4293 de
393 4246 675 4308 emmerammus]
696 4246 737 4296 Do
750 4248 797 4297 bac
813 4247 949 4311 quastione
959 4247 1015 4297 ride
1025 4248 1190 4310 appendicem
1201 4248 1236 4297 N.
1249 4246 1282 4296 ix.
1299 4262 1327 4296 a.
1343 4247 1371 4297 S.

268 4309 341 4357 Cous.
353 4309 428 4358 etiam
439 4310 496 4357 infr.
507 4324 532 4357 r.
544 4322 583 4358 er.

302 4386 342 4421 ιο.
353 4375 440 4436 πψτη]
456 4374 529 4421 eous.
539 4374 566 4420 ii.
580 4372 609 4422 16
620 4381 646 4423 et
657 4389 697 4423 ao.

301 4450 342 4499 39.
354 4440 381 4485 in
392 4452 499 4485 vacuam
510 4438 652 4500 cunerem]
671 4440 752 4488 Galat.
764 4440 790 4487 li.
805 4455 828 4488 2.
