3100 5125
279 736 420 799 omnium
448 741 523 821 post
553 735 747 799 Brittamam
775 733 923 811 maxima,
953 732 997 795 ad
1026 730 1222 795 occidentem
1251 730 1378 815 quidem

279 820 448 885 Brittaniae
467 823 549 895 sita;
574 820 631 884 sed
647 820 730 883 siem
749 826 863 883 contra
884 816 1062 901 aquilonem
1081 837 1120 880 ea
1134 815 1267 893 brevior,
1283 815 1330 879 ita
1344 814 1378 879 in

278 906 444 970 meridiem
467 928 501 969 se
524 913 615 969 trans
638 904 720 968 illius
740 905 825 967 ‚fines
850 903 1023 987 plurimum
1051 901 1254 986 protendens,
1282 922 1379 985 usque

279 997 393 1056 eontra
412 990 578 1075 Hisp'aniae
598 989 867 1075 septentrionalia,
883 988 1025 1072 quamvis
1046 1008 1163 1071 magno
1184 1007 1312 1071 aequore
1332 986 1378 1048 in-

279 1078 465 1161 terjacente,
477 1076 630 1161 pervenit.
661 1074 717 1139 Ad
731 1075 813 1138 hano
829 1096 905 1159 ergo
915 1095 1015 1157 usque
1025 1072 1244 1158 pervenientes
1254 1071 1378 1156 navigio

280 1162 375 1239 Picti,
390 1169 429 1226 ut
443 1162 588 1240 diximus,
604 1160 768 1246 petierunt
781 1159 815 1223 in
829 1181 868 1224 ea
882 1158 941 1223 sibi
957 1178 1081 1243 quoque
1096 1158 1187 1221 sedes
1201 1164 1236 1221 et
1254 1158 1378 1221 habita-

278 1247 399 1311 tionem
415 1246 542 1329 donari.
587 1246 836 1331 Respondebam
862 1244 975 1322 Scotti,
1000 1243 1075 1328 quia
1099 1265 1164 1307 non
1188 1243 1300 1308 ambos
1323 1260 1419 1311 sosas

279 1338 409 1416 caperet
431 1331 552 1396 insula:
587 1332 644 1396 sed
666 1352 833 1416 possumus
858 1330 1014 1414 inquiunt,
1042 1328 1167 1392 salubre
1189 1328 1279 1391 vobis
1302 1328 1377 1391 dare

278 1418 443 1482 eonsilium
457 1418 534 1502 quid
552 1439 647 1503 agere
664 1415 806 1481 valeatis.
851 1415 1002 1479 Novimus
1020 1413 1156 1477 insulam
1176 1412 1270 1478 aliam
1290 1412 1379 1475 besse

279 1524 344 1566 non
363 1502 473 1587 procul
492 1526 513 1566 a
532 1509 652 1580 nostra,
672 1507 786 1566 contra
808 1507 914 1564 ortum
933 1500 1016 1576 solis,
1032 1520 1127 1582 quam
1149 1520 1233 1583 saepe
1252 1497 1379 1562 lusidio-

279 1587 368 1652 ribus
383 1588 494 1652 diebus
509 1588 549 1652 de
564 1589 656 1673 longe
669 1586 810 1671 aspicere
825 1585 970 1649 solemus.
1016 1584 1112 1647 Hanc
1125 1583 1215 1649 adire
1232 1582 1259 1647 si
1275 1582 1378 1659 vultis,

279 1674 488 1738 habitabilem
497 1667 590 1738 ‘vobis
605 1674 709 1737 faeere
723 1671 853 1736 valetis:
877 1671 927 1735 vel
948 1670 975 1734 si
996 1669 1049 1755 qui
1069 1668 1271 1745 ⁰restiterint,
1288 1667 1378 1731 nobis

278 1758 454 1823 auxiliariis
476 1758 612 1822 utimini.
657 1759 773 1840 ltaque
795 1762 939 1839 petentes
960 1753 1155 1819 Brittaniam
1173 1753 1268 1829 Picti,
1289 1752 1377 1817 babi-

279 1850 351 1907 tare
361 1866 419 1927 per
429 1842 693 1927 septentrionales
703 1841 813 1905 insulae
824 1848 934 1925 partes
945 1847 1119 1924 coeperunt,
1129 1860 1204 1902 nam
1215 1838 1378 1903 denariae
1386 1862 1425 1909 40

279 1927 447 1992 Brittones
461 1933 704 2011 occupaverant.
750 1926 894 2010 Cumque
908 1948 1023 1989 uxores
1039 1924 1123 1988 Pioti
1139 1946 1203 1989 non
1224 1924 1378 1987 habentes

279 2019 427 2097 peterent
440 2035 461 2077 a
476 2011 608 2089 Scottis,
623 2034 662 2076 ea
676 2013 778 2075 solum
792 2010 974 2075 conditione
991 2011 1069 2075 dare
1091 2014 1325 2086 consenserunt,
1341 2014 1380 2072 ut

279 2096 334 2161 ubi
354 2119 406 2161 res
427 2096 625 2181 eperveniret
646 2097 680 2159 in
700 2096 843 2173 dubium,
857 2096 959 2195 magis
973 2096 1014 2158 de
1028 2096 1164 2160 feminea
1177 2117 1288 2179 regum
1307 2116 1379 2177 pro·

278 2182 380 2268 sapia,
395 2205 492 2266 quam
508 2182 549 2246 de
570 2180 745 2247 masculina
765 2204 873 2267 regem
895 2180 955 2245 srbi
978 2180 1149 2266 eligerent3
1175 2180 1260 2264 quod
1281 2202 1382 2264 usque

278 2266 375 2331 hodie
388 2269 475 2351 apud
490 2267 602 2332 Pictos
616 2274 744 2332 constat
758 2288 828 2331 esse
842 2273 1012 2331 servatum.

323 2353 522 2417 Procedente
546 2360 655 2418 autem
680 2359 824 2437 tempore
848 2351 1010 2417 Brittania
1035 2350 1126 2436 'post
1154 2349 1320 2414 Brittones
1345 2356 1422 2415 etas

311 2506 326 2543 b
337 2518 388 2551 esre
398 2506 476 2551 aliam
488 2505 525 2552 St.
537 2505 567 2552 G.
696 2514 710 2543 ο
721 2504 841 2551 restiterit
852 2502 926 2551 tacite
938 2503 965 2559 S,
978 2502 1081 2557 formose
1093 2516 1136 2563 per
1145 2516 1252 2550 errorem
1265 2508 1378 2565 typogra-

278 2569 390 2695 lilim
400 2576 431 2681 ii
437 2570 482 2628 St,
493 2571 631 2617 restiterint
643 2570 704 2618 de.
717 2569 790 2630 Vulg.
803 2568 832 2614 Gt
906 2569 921 2607 d
933 2568 1067 2615 Auratam
1078 2567 1107 2616 V.
1183 2577 1196 2606 θ
1208 2570 1304 2614 veniret
1316 2567 1377 2615 V.G.

309 2761 350 2807 32·
362 2752 451 2794 cmtra
463 2747 593 2809 Hispania
603 2743 819 2808 septentrionalia]
837 2744 875 2791 lta
891 2743 959 2792 Beda
968 2749 1076 2792 veterem
1092 2758 1198 2792 errorem
1213 2743 1243 2791 de
1258 2745 1306 2791 situ
1318 2743 1377 2792 llis·

278 2811 357 2872 paniae
368 2811 478 2872 corrigit,
490 2811 584 2858 scilicet
596 2811 627 2858 ad
637 2809 788 2857 occidentem
801 2809 937 2856 Britannia
945 2808 1035 2870 jacere.
1058 2808 1141 2857 Caesar
1152 2809 1186 2856 ait
1197 2807 1238 2872 (B.
1251 2809 1280 2855 G.
1288 2824 1311 2855 v.
1322 2808 1377 2869 13),

278 2876 344 2923 latua
360 2874 513 2922 occidentale
528 2874 663 2921 Britannia
675 2887 775 2935 vergere
789 2875 823 2920 ad
834 2873 996 2935 Hispcsaiara,
1007 2887 1057 2934 praa
1066 2872 1179 2934 exparte
1190 2879 1226 2919 est
1238 2873 1375 2920 Hiberniae

278 2947 331 2987 tum
342 2938 446 2986 Tacitus
457 2939 544 2999 pergit,
556 2938 681 2985 Hiiemia
691 2938 770 2984 medio
786 2937 873 2997 (mari)
886 2941 953 2984 inter
961 2937 1127 2985 Britanniam
1137 2943 1212 2998 atque
1226 2937 1376 2997 Hispaniam

277 3006 335 3050 sita.
357 3002 440 3061 Apris.
450 3014 496 3062 24:
513 3016 584 3061 qoem
601 3002 711 3061 sequitur
727 3001 838 3060 Orosius,
857 3001 981 3048 Hibernia
996 3003 1078 3048 saeua
1092 3003 1158 3048 inter
1173 3000 1337 3048 Britanniam
1352 3006 1377 3047 et

280 3066 431 3126 Hispaniam
443 3068 500 3113 sita.
525 3066 588 3113 llist.
598 3063 615 3112 i.
625 3079 648 3111 a.

311 3141 352 3192 45.
359 3131 505 3191 procedente
515 3127 632 3190 ternpore]
646 3128 751 3189 Quando
763 3128 841 3176 Scotti
854 3129 961 3189 primum
977 3129 1001 3176 in
1015 3128 1163 3177 Brittaniam
1174 3129 1287 3176 venerint
1299 3129 1376 3176 incer-

278 3201 329 3242 tum
347 3201 397 3242 esta
421 3193 486 3240 Beda
503 3199 584 3240 tamen
602 3207 685 3239 eorum
703 3192 831 3240 introitum
849 3200 906 3241 aute
924 3194 1090 3240 Romanorum
1108 3200 1218 3252 tempora
1235 3207 1324 3252 ponere
1339 3193 1376 3238 vi-

277 3259 357 3306 detur.
369 3259 393 3305 S.
418 3258 512 3318 Magna
519 3264 557 3304 est
566 3256 597 3303 de
605 3256 714 3304 hocloco
724 3259 898 3315 controversia,
907 3265 933 3306 et
943 3263 1002 3305 sunt
1011 3257 1053 3318 qui
1062 3257 1133 3304 tidem
1144 3257 1217 3304 Beda
1225 3257 1264 3305 hic
1273 3256 1375 3304 omuino

277 3323 404 3384 derogant
438 3321 518 3368 Aiunt
527 3320 594 3368 enim
606 3320 717 3377 nonnulli
731 3321 812 3368 Pictos
823 3321 897 3370 luisse
909 3330 1006 3384 gentem
1019 3321 1156 3381 Gothicam,
1164 3321 1206 3382 qni
1217 3335 1231 3368 e
1242 3321 1375 3369 Gennauia

278 3387 443 3440 advenientes,
453 3399 483 3432 eo
499 3385 573 3432 modo
588 3399 637 3446 quo
653 3385 719 3432 Beda
736 3393 826 3445 nmrat,
839 3387 934 3434 Scottus
946 3387 1028 3434 Celtas
1043 3386 1196 3432 invaserunta
1215 3385 1269 3432 aliis
1278 3385 1374 3434 videtur

277 3458 304 3498 et
314 3451 412 3497 Scottus
422 3456 447 3497 et
457 3449 537 3496 l'ietos
546 3463 626 3496 meros
638 3449 751 3496 Britones
761 3450 844 3510 fuisse,
855 3451 896 3511 qni
910 3465 924 3498 e
939 3450 1067 3498 Britannia
1080 3450 1196 3510 paulatim
1209 3463 1235 3498 se
1246 3449 1271 3496 in
1285 3450 1374 3498 Hiber·

277 3515 344 3562 niam
354 3521 382 3561 et
392 3513 548 3562 Caledoniam
560 3521 770 3574 propagaverunt:
787 3514 829 3560 alii
840 3515 910 3562 aliter
922 3520 1016 3574 putant.
1049 3514 1106 3561 Non
1120 3523 1230 3562 nostrum
1242 3525 1280 3560 est
1293 3521 1374 3562 tantas

276 3577 1371 3704 tffltttt‘titat*tttttlattttttltttttlstittttttttl

276 3721 291 3755 a
305 3707 445 3768 linguarum
457 3707 646 3767 comparatione.
681 3707 747 3753 Beda
763 3706 829 3753 enim
847 3707 882 3754 ait
898 3706 941 3752 has
952 3713 1001 3754 tres
1013 3707 1110 3766 linguas
1121 3705 1229 3754 diversas
1240 3706 1330 3762 fuisset
1347 3713 1373 3754 et

276 3770 434 3818 consentiunt
443 3770 480 3817 illi
489 3771 531 3831 qui
542 3785 626 3818 earum
637 3770 709 3817 hodie
719 3770 791 3830 periti
806 3778 872 3829 sunt,
884 3769 981 3831 linguas
992 3771 1156 3827 Cambricam,
1169 3769 1336 3830 Hibernlcam,
1348 3777 1373 3818 et

277 3833 448 3883 Caledonicsm
462 3849 511 3880 uon
525 3849 599 3882 unum
611 3834 715 3881 eundem
726 3846 863 3881 samonem
876 3848 929 3880 esse
940 3835 981 3882 sed
993 3834 1111 3888 diversos,
1121 3833 1159 3882 vel
1170 3835 1256 3881 saltem
1266 3834 1373 3882 diuersas

275 3899 401 3946 dialectos.
434 3898 538 3960 Quodsi
549 3912 634 3946 verum
646 3898 688 3954 sit,
701 3911 798 3945 neeesse
809 3906 847 3945 est
858 3905 886 3944 ut
896 3898 974 3946 Scotti
992 3905 1018 3946 et
1033 3897 1096 3946 Picti
1112 3897 1220 3954 aliunde,
1233 3912 1283 3944 non
1294 3912 1308 3945 e
1320 3898 1373 3944 Bri-

276 3963 371 4017 tannia,
383 3963 409 4008 in
421 3961 567 4009 Hiberniam
584 3969 610 4009 et
625 3961 782 4009 Caledoniam
794 3961 913 4009 venerint.
946 3961 1011 4009 'l'um
1024 3961 1224 4009 Hibernienslum
1237 3963 1338 4010 annales
1348 3968 1373 4009 et

274 4026 420 4073 “aditiones
429 4027 539 4073 referunt
549 4026 668 4073 adrentus
678 4032 816 4072 exterarum
828 4026 936 4086 gentium
950 4025 975 4072 iu
988 4025 1149 4080 Hiberniam
1161 4041 1280 4086 uusaquam
1291 4034 1371 4074 autem

276 4089 401 4136 Hibernos
411 4089 526 4137 Britoues
536 4089 611 4136 fnisse
622 4088 751 4137 affirmant.
784 4089 897 4138 Neruius
907 4091 982 4138 tradit
993 4091 1090 4137 Scottos
1099 4105 1129 4137 ex
1139 4091 1258 4152 Hispania
1266 4090 1372 4145 venisse,

278 4153 354 4213 (qnod
371 4167 402 4199 an
414 4167 498 4200 verum
516 4153 549 4200 sit
566 4153 671 4201 viderint
686 4167 788 4213 quornm
807 4153 925 4212 interest)
941 4155 1025 4215 Belgas
1041 4154 1093 4202 sive
1108 4153 1226 4216 Firholgse
1238 4155 1373 4202 creduntur

275 4216 350 4264 tuisse
363 4216 458 4277 Belgas
475 4216 518 4264 alii
534 4216 660 4264 obscurius
676 4217 823 4264 indicantur.
856 4218 927 4279 Quod
945 4226 1025 4265 autem
1042 4218 1110 4266 Beda
1128 4219 1189 4266 dicit
1204 4219 1234 4266 de
1249 4219 1371 4266 Pictorum

275 4280 365 4341 patria,
375 4293 418 4328 eoa
428 4295 443 4328 e
452 4280 552 4343 Scythia
559 4281 680 4343 proiectos
687 4296 750 4336 esse,
759 4281 785 4328 id
795 4295 844 4328 non
854 4281 889 4328 ita
897 4281 1081 4344 intelligendum
1091 4289 1128 4329 est
1138 4289 1167 4330 ut
1175 4283 1266 4330 iuterim
1277 4283 1373 4345 Scythae

276 4344 361 4400 Gothi,
369 4343 408 4391 rel
420 4350 447 4391 ut
457 4344 519 4392 lacu
530 4359 561 4392 ex
572 4344 603 4392 iis
614 4345 727 4406 genubus
738 4343 855 4404 prodiisse
865 4346 995 4393 credantur
1006 4361 1066 4406 quas
1078 4346 1149 4393 hodie
1161 4347 1320 4394 Germanicas
1329 4361 1372 4406 ap·

274 4409 366 4471 pellata
376 4408 491 4470 solemus,
501 4409 704 4470 quemadmodum
716 4408 860 4470 prodierunt
871 4409 981 4458 Saxones
992 4416 1018 4458 et
1028 4410 1121 4472 Augila
1137 4423 1277 4472 quanquam
1289 4417 1314 4458 et
1323 4409 1372 4458 Τι-

1539 0 1542 72 l

1540 111 1542 196 l

278 248 300 308 8
611 240 847 305 HISTOBIAE
871 238 1046 303 EOOLBS.
1182 250 1199 269 ⁸
1385 237 1413 298 I.
1435 258 1477 311 r.-

277 400 374 479 gente
387 394 467 459 flatu
482 383 658 471 ventorum,
672 401 766 457 extra
783 392 861 457 lines
881 411 991 456 omnes
1006 389 1174 455 Brittania
1190 388 1381 455 Hiberniam

278 480 466 579 pervenisse,
478 481 608 563 ejusque
622 477 886 579 septeptrionales
897 498 970 577 oras
984 476 1129 575 intrasse,
1141 482 1239 623 affle
1250 474 1380 623 inppptg

277 565 670 735 beldtigeildeesiaidbiffi
683 561 1259 748 pudildisddoquilsinadibbdlbldibernmli
1277 644 1423 717 insulaao
