3100 5125
290 303 332 371 ro
617 305 1467 375 ursroa1mnoonus.11.2.

287 457 428 556 densque
445 459 487 556 ad
507 458 690 541 pontificem
704 459 856 523 Romanae
876 466 910 523 et
931 457 1115 607 apostolicae
1137 458 1229 535 sedis,
1245 457 1390 521 nondum

287 542 372 605 enim
386 550 456 606 erat
475 542 545 642 ipse
559 544 703 627 pontifex
716 545 831 622 laetus,
846 546 972 629 rogavit
994 550 1031 607 ut
1051 542 1141 629 genti
1160 542 1364 641 Anglornm
1354 565 1388 605 m

288 628 482 692 Brittaniam
505 628 627 727 aliquos
652 630 740 694 verbi
762 630 935 729 ministros,
961 652 1019 714 per
1044 651 1123 714 quos
1152 628 1193 692 ad
1224 627 1389 692 Christum

287 720 534 791 converteretur,
557 715 720 789 mitteret3
748 716 886 814 seipsum
908 721 1058 814 paratum
1079 736 1147 778 esse
1169 713 1201 775 iu
1224 714 1284 777 hoc
1307 734 1388 798 opus
1399 726 1441 791 79

288 798 425 862 Domino
448 807 639 885 cooperante
661 764 943 885 perliciendum,
918 824 945 863 ιιι
965 807 1074 864 tamen
1096 798 1272 884 apostolico
1294 821 1389 883 papae

286 885 347 948 hoc
363 892 400 949 ut
415 885 515 962 fieret,
531 886 678 971 placeret.
723 886 816 966 Quod
831 887 907 949 dum
922 886 1073 971 perficere
1088 907 1151 947 non
1167 891 1294 970 posset;
1313 884 1389 967 quia

286 970 347 1067 etsi
373 935 516 1054 pontifex
540 973 713 1035 concedere
735 972 779 1033 illi
800 972 884 1057 quod
906 972 1044 1056 petierat
1067 970 1175 1047 voluit,
1193 991 1257 1032 non
1277 976 1388 1033 tamen

287 1055 371 1119 cives
387 1056 531 1133 Romani,
548 1063 585 1120 ut
604 1064 672 1121 tam
689 1057 783 1141 longe
802 1059 844 1121 ab
862 1059 940 1120 urbe
958 1056 1140 1120 precederet
1162 1061 1295 1140 potuere
1316 1076 1387 1139 per-

286 1141 433 1213 mittere;
458 1164 532 1204 mox
547 1150 585 1205 ut
599 1142 667 1227 ipse
681 1142 888 1241 pontificatus
909 1141 1014 1205 officio
1028 1142 1158 1205 functus
1176 1147 1234 1217 est,
1250 1140 1411 1223 perfecits

286 1248 373 1324 opus·
389 1190 444 1289 diii
470 1227 705 1291 desideratum:
740 1227 819 1291 alios
842 1228 969 1313 quidem
991 1226 1218 1325 praedicatores
1243 1226 1385 1301 mittens,

286 1311 373 1375 sed
364 1334 432 1395 rpse
453 1312 714 1396 praedicationem
735 1320 773 1376 ut
794 1314 1013 1389 fructificaret,
1030 1312 1095 1375 suis
1110 1311 1387 1375 exhortationibus

285 1420 324 1461 ac
347 1398 506 1496 precibus
516 1398 679 1481 adjuvans.
725 1398 808 1462 Haeo
827 1400 922 1483 juxta
944 1398 1126 1496 opinionem
1148 1418 1243 1497 quem
1266 1398 1309 1459 ab
1331 1420 1387 1461 au·
1464 1408 1467 1412 '

286 1482 385 1566 tiquis
399 1484 587 1568 accepimus,
605 1484 760 1548 Historiae
780 1491 898 1548 nostrae
916 1482 1164 1549 ecclesiasticae
1156 1504 1294 1547 inserere
1309 1495 1387 1567 ‘top

285 1575 457 1655 portunum
471 1569 628 1635 duximus.
745 1655 913 1719 OAPI
879 1655 913 1717 Π

288 1759 326 1814 Ut
336 1760 505 1833 Aequstinus
519 1761 676 1816 Brittonam
690 1760 828 1834 episcopos
840 1778 895 1833 pro
907 1778 977 1834 paee
996 1760 1138 1823 catholico,
1153 1760 1234 1813 etiam
1254 1758 1386 1813 miraculo
1398 1772 1430 1805 10

326 1840 425 1895 celesti
451 1860 540 1896 coram
567 1843 607 1896 eis
625 1840 716 1913 facto,
744 1842 895 1908 monnau,-
929 1858 1017 1913 queve
1044 1840 1106 1895 illos
1132 1846 1286 1913 spernentes
1314 1838 1385 1894 altio

324 1921 474 1975 secuisset

329 2014 465 2075 laruam
487 2013 686 2097 Augustinus
705 2013 865 2097 adjutorio
888 2036 963 2077 usus
983 2012 1179 2076 AEdilbercti
1201 2011 1319 2109 regis,
1310 2033 1384 2074 con-

284 2098 411 2161 vocavit
425 2099 466 2160 ιιι
482 2120 572 2160 snum
560 2099 777 2197 colloquium
797 2098 963 2183 episcopos
983 2099 1047 2162 sive
1062 2100 1209 2162 doctores
1229 2096 1384 2181 proximae

284 2182 468 2246 Brittonum
480 2183 659 2282 provinciae,
670 2184 702 2245 in
716 2184 787 2247 loco
800 2185 853 2266 qui
868 2206 967 2283 usque
978 2184 1072 2247 hodie
1083 2183 1191 2267 lingua
1203 2182 1383 2280 Anglorum

284 2269 477 2350 despectiores
496 2291 541 2345 ac,
557 2268 590 2331 id
612 2277 670 2345 est,
689 2271 787 2333 robur
804 2269 1012 2353 Augustini,
1004 2292 1035 2331 ιιι
1059 2269 1196 2333 confinio
1214 2267 1423 2333 ¹Huiccio-15

283 2374 354 2414 rum
379 2359 413 2416 et
438 2318 692 2417 Occidentaliuin
722 2355 892 2430 Saxonum,
919 2356 1115 2439 appellatur:
1151 2353 1312 2437 coepitque
1335 2352 1382 2416 eis

282 2438 424 2507 fraterna
438 2438 591 2503 ιιιιιιοιιιι
568 2446 654 2503 tione
669 2440 860 2515 suaderent
823 2461 953 2524 upace
969 2440 1129 2503 catholica
1141 2461 1248 2502 secum
1258 2438 1380 2537 habita,

284 2545 482 2587 communem
496 2524 729 2625 evangelizandi
743 2524 892 2610 gentibus
907 2548 965 2610 pro
981 2524 1119 2589 Domino
1133 2525 1274 2589 laborem
1285 2523 1382 2587 susci-

283 2617 404 2694 perent.
439 2610 511 2672 Non
526 2612 611 2674 enim
626 2613 753 2695 paschae
769 2611 972 2709 Dominicum
986 2611 1070 2675 diem
1085 2633 1142 2673 suo
1157 2617 1309 2696 tempore,
1326 2610 1382 2686 secl

282 2719 302 2758 a
318 2697 566 2781 quartadecima
581 2720 680 2782 usque
691 2697 773 2760 ιιι
745 2696 926 2761 vrcesimam
940 2697 1048 2760 lunam
1063 2697 1294 2760 observabant:
1311 2717 1382 2780 quae

281 2881 297 2926 p
308 2867 430 2913 secederet
441 2867 470 2914 V.
585 2869 727 2928 septimum
741 2867 769 2914 V.
892 2878 903 2906 r
917 2868 1088 2923 Huictiorum,
1104 2866 1232 2922 Παπαῖ-Ἴ
1246 2866 1340 2913 Vect-
1350 2866 1381 2914 V.

316 3024 354 3074 45.
374 3012 527 3074 pontificem]
551 3012 640 3059 Paulus
660 3012 786 3060 Diaconus
805 3013 868 3060 hunc
887 3013 1010 3074 Pelagium
1030 3013 1090 3072 vult,
1111 3013 1238 3060 dolrauues
1259 3013 1383 3060 Diacouus

283 3077 443 3124 Benedictum
456 3077 547 3136 Pelagii
560 3077 768 3136 praedecessorem.
782 3079 807 3124 S.

317 3140 340 3188 6.
349 3142 473 3201 precibus]
490 3141 545 3186 lmo
556 3151 582 3187 et
594 3141 710 3196 nummis,
719 3157 776 3188 nam
786 3143 816 3188 de
825 3142 1006 3202 patrimoniolo,
1017 3141 1087 3202 cujus
1096 3141 1232 3188 collectioni
1243 3141 1381 3190 Candidum

286 3205 394 3266 prefecit
410 3204 451 3250 lib.
467 3206 483 3250 i.
502 3220 554 3265 cap.
570 3218 608 3262 ²4
625 3205 651 3250 iu
670 3206 712 3262 Ep.
726 3208 756 3252 ad
768 3207 917 3262 AEtherium,
930 3221 961 3252 ex
978 3205 1033 3252 eliis
1049 3206 1157 3267 epistolis
1174 3204 1248 3266 patet,
1265 3221 1381 3267 magnam

285 3277 379 3330 partem
390 3269 538 3328 insumptam
549 3270 574 3316 in
587 3270 666 3329 pueris
677 3270 834 3318 Ethnicorum
846 3271 955 3318 eruendis
967 3277 993 3317 ut
1005 3271 1035 3316 ad
1045 3271 1167 3319 Christum
1177 3272 1344 3318 educarentur.
1354 3271 1381 3318 S.

285 3334 358 3394 Greg.
371 3335 449 3394 Epist.
460 3334 492 3380 ιι.
507 3346 528 3395 7.

322 3413 359 3445 ιι.
381 3398 494 3458 Interea]
519 3401 619 3446 Annum
642 3399 715 3459 hujus
733 3399 820 3461 synodi
842 3400 907 3446 Beda
926 3415 975 3446 nou
995 3399 1099 3446 exhibet.
1128 3399 1190 3447 Rau.
1214 3399 1292 3446 Cestr.
1313 3397 1384 3459 ponit

285 3463 790 3589 nitidissimeattigiis
797 3463 945 3590 ιίξςιιίι,
949 3463 1383 3596 litt't.tt⁰.³.,ls,t⁰.it⁰.ttl

285 3592 372 3638 saltem
382 3606 472 3638 anuum
481 3592 544 3638 lianc
553 3594 672 3654 synodum
683 3608 772 3652 ponere
783 3607 830 3639 uon
842 3607 884 3652 po
881 3609 948 3639 sum.
961 3594 986 3639 S.
1016 3592 1073 3638 Non
1084 3593 1221 3639 Florentius
1230 3592 1330 3652 Vigorn
1340 3591 1383 3638 sed

285 3655 416 3703 Matthaeus
428 3657 564 3702 Westmon.
576 3671 668 3702 annum
684 3657 755 3717 hujus
771 3657 857 3718 synodi
874 3657 905 3704 ad
916 3657 948 3703 A
955 3657 987 3703 D.
1000 3656 1047 3716 603
1060 3657 1135 3716 ponit.
1171 3658 1267 3704 Horum
1281 3663 1383 3716 uterque

284 3721 400 3780 temporis
411 3720 565 3767 intervallum
578 3722 660 3780 signat
671 3720 735 3767 inter
745 3722 877 3781 Augustini
889 3721 1044 3768 minitantem
1056 3721 1237 3782 praedictionem
1250 3727 1275 3768 et
1291 3721 1382 3768 caedem

283 3784 476 3831 monachorum.
501 3785 640 3831 Florentius
658 3799 716 3831 vero
733 3792 788 3844 post
805 3787 887 3832 datum
909 3792 1005 3844 tempus
1023 3800 1111 3845 pugnae
1131 3787 1160 3831 ad
1180 3787 1326 3846 Degsastan,
1347 3799 1382 3831 sc.

284 3850 314 3894 A.
324 3849 356 3896 D.
367 3848 425 3907 603,
438 3849 529 3904 subdit,
541 3849 712 3897 AEthelfridnm
722 3852 794 3908 lengo
801 3857 858 3910 ¹post
869 3857 975 3910 tempore
983 3851 1095 3896 exercitu
1104 3853 1200 3897 collecto
1211 3851 1241 3896 ad
1250 3849 1382 3896 Civitatem

284 3912 420 3988 Legionem
433 3913 534 3988 venisse,
543 3915 589 3960 &c

318 3991 355 4036 13·
372 3992 491 4038 epwcopos
501 3992 552 4023 sice
563 3976 682 4038 doctores]
696 3977 784 4024 Vrde
768 3993 793 4025 ιι
811 3991 846 4037 14,
859 3977 964 4024 Doctors
975 3983 1050 4038 atque
1061 3977 1177 4024 Antistcte
1190 3991 1233 4022 arco
1244 3977 1323 4023 eedem
1333 3978 1384 4038 epi-

282 4047 397 4101 scopatus
407 4042 515 4088 donavit.
533 4042 558 4088 S.

319 4119 356 4163 14·
366 4105 577 4164 Augustinoesac]
594 4104 683 4151 Villam
702 4105 810 4166 plerique
827 4105 865 4153 hic
883 4113 1002 4166 quaerunt,
1014 4105 1120 4151 Auarici
1126 4105 1275 4164 ,Spelmau3
1294 4103 1383 4150 Oscen-

284 4176 345 4224 tree,
357 4169 516 4224 Hammonde
533 4171 597 4222 Ake,
612 4169 643 4215 al.
656 4170 733 4223 Roob,
744 4169 877 4224 Τοιιιιιίιιι,
889 4169 959 4229 cnjus
972 4170 1001 4216 de
1016 4169 1061 4214 hec
1078 4183 1103 4214 re
1120 4169 1236 4229 epistolas.
1251 4169 1312 4215 duas
1327 4168 1383 4215 vide

284 4233 312 4279 C
323 4233 388 4278 CC
402 4234 483 4279 Oxon.
495 4232 560 4278 inter
574 4233 700 4280 Fulmanni
713 4233 884 4291 collectiones,
897 4234 943 4281 vol.
956 4233 982 4279 ii.
1009 4233 1057 4280 Sed
1068 4233 1165 4280 videtur
1176 4233 1221 4279 hoc
1233 4231 1381 4293 colloquium

284 4296 393 4341 habitum
406 4309 454 4341 non
467 4311 492 4341 m
506 4296 563 4342 mila
574 4311 668 4356 quavis
680 4299 722 4344 sed
733 4299 779 4344 sub
791 4298 841 4354 dio
854 4271 904 4343 ad
898 4299 1019 4358 insignem
1038 4297 1279 4357 aliquemquercum.
1313 4297 1384 4344 Sicut

285 4359 361 4404 moris
372 4367 425 4406 erat
436 4359 567 4420 majoribus
579 4361 670 4407 nostris
681 4363 820 4420 convenire,
833 4376 881 4407 non
899 4377 929 4410 ex
946 4361 1126 4422 superstitione,
1139 4362 1179 4407 sed
1197 4362 1227 4408 sd
1244 4361 1382 4409 liberiorem

283 4421 366 4483 populi
379 4437 532 4471 concursum.
545 4425 572 4470 S.
607 4425 720 4472 Austvel
733 4427 805 4472 Aust
811 4427 912 4472 clivead
925 4427 1064 4483 Sabrinam,
1077 4425 1220 4473 Steveosou.

319 4499 357 4548 17
367 4487 475 4548 pasche]
491 4488 529 4534 De
541 4488 585 4534 hac
598 4489 762 4537 controversia
774 4490 828 4537 vide
839 4491 950 4554 Appeud.
962 4491 1013 4538 N.
1007 4505 1041 4536 rx.
1053 4459 1078 4537 S.

1524 2091 1532 2210 l
