<?xml version="1.0" encoding="UTF-8"?>
<!DOCTYPE html PUBLIC "-//W3C//DTD XHTML 1.0 Transitional//EN"
    "http://www.w3.org/TR/xhtml1/DTD/xhtml1-transitional.dtd">
<html xmlns="http://www.w3.org/1999/xhtml" xml:lang="en" lang="en">
 <head>
  <title>
</title>
<meta http-equiv="Content-Type" content="text/html;charset=utf-8" />
  <meta name='ocr-system' content='tesseract 3.04.00' />
  <meta name='ocr-capabilities' content='ocr_page ocr_carea ocr_par ocr_line ocrx_word'/>
</head>
<body>
  <div class='ocr_page' id='page_1' title='image "./historiaecclesi00hussgoog_0107.png"; bbox 0 0 3100 5125; ppageno 0'>
   <div class='ocr_carea' id='block_1_1' title="bbox 262 275 1441 360">
    <p class='ocr_par' dir='ltr' id='par_1_1' title="bbox 262 275 1441 360">
     <span class='ocr_line' id='line_1_1' title="bbox 262 275 1441 360; baseline -0.003 -18"><span class='ocrx_word' id='word_1_1' title='bbox 262 281 306 342; x_wconf 85' lang='lat'><strong>88</strong></span> <span class='ocrx_word' id='word_1_2' title='bbox 591 275 829 341; x_wconf 81' lang='lat' dir='ltr'>HISTORIAE</span> <span class='ocrx_word' id='word_1_3' title='bbox 851 276 1030 342; x_wconf 83' lang='lat' dir='ltr'><strong>EOOLES.</strong></span> <span class='ocrx_word' id='word_1_4' title='bbox 1313 277 1360 340; x_wconf 95' lang='grc' dir='ltr'><strong>ΙΙ.</strong></span> <span class='ocrx_word' id='word_1_5' title='bbox 1379 293 1441 360; x_wconf 85' lang='lat'><strong>7-</strong></span> 
     </span>
    </p>
   </div>
   <div class='ocr_carea' id='block_1_2' title="bbox 260 427 1402 832">
    <p class='ocr_par' dir='ltr' id='par_1_2' title="bbox 260 427 1402 832">
     <span class='ocr_line' id='line_1_2' title="bbox 262 427 1402 514; baseline -0.005 -22"><span class='ocrx_word' id='word_1_6' title='bbox 262 427 494 492; x_wconf 77' lang='lat' dir='ltr'><strong>⁸instituendas</strong></span> <span class='ocrx_word' id='word_1_7' title='bbox 514 427 619 492; x_wconf 89' lang='lat' dir='ltr'><strong>redire</strong></span> <span class='ocrx_word' id='word_1_8' title='bbox 640 428 809 513; x_wconf 79' lang='lat' dir='ltr'><strong>praecepit:</strong></span> <span class='ocrx_word' id='word_1_9' title='bbox 834 428 888 512; x_wconf 90' lang='lat' dir='ltr'><strong>qui</strong></span> <span class='ocrx_word' id='word_1_10' title='bbox 904 436 979 514; x_wconf 87' lang='lat' dir='ltr'><strong>post</strong></span> <span class='ocrx_word' id='word_1_11' title='bbox 999 451 1120 494; x_wconf 92' lang='lat' dir='ltr'><strong>aunum</strong></span> <span class='ocrx_word' id='word_1_12' title='bbox 1138 451 1178 493; x_wconf 86' lang='lat' dir='ltr'><strong>ex</strong></span> <span class='ocrx_word' id='word_1_13' title='bbox 1196 449 1259 514; x_wconf 92' lang='lat' dir='ltr'><strong>quc</strong></span> <span class='ocrx_word' id='word_1_14' title='bbox 1277 428 1402 500; x_wconf 76' lang='lat' dir='ltr'><strong>fabi-25</strong></span> 
     </span>
     <span class='ocr_line' id='line_1_3' title="bbox 262 513 1362 598; baseline 0 -20"><span class='ocrx_word' id='word_1_15' title='bbox 262 520 365 590; x_wconf 88' lang='lat' dir='ltr'><strong>erunt,</strong></span> <span class='ocrx_word' id='word_1_16' title='bbox 380 513 497 578; x_wconf 88' lang='lat' dir='ltr'><strong>reversi</strong></span> <span class='ocrx_word' id='word_1_17' title='bbox 512 519 606 588; x_wconf 82' lang='lat' dir='ltr'><strong>sunt3</strong></span> <span class='ocrx_word' id='word_1_18' title='bbox 631 518 664 577; x_wconf 88' lang='lat' dir='ltr'><strong>et</strong></span> <span class='ocrx_word' id='word_1_19' title='bbox 679 513 702 576; x_wconf 91' lang='lat' dir='ltr'><strong>J</strong></span> <span class='ocrx_word' id='word_1_20' title='bbox 703 522 795 578; x_wconf 87' lang='lat' dir='ltr'><strong>ustus</strong></span> <span class='ocrx_word' id='word_1_21' title='bbox 809 514 937 598; x_wconf 90' lang='lat' dir='ltr'><strong>quidem</strong></span> <span class='ocrx_word' id='word_1_22' title='bbox 955 515 999 580; x_wconf 85' lang='lat' dir='ltr'><strong>ad</strong></span> <span class='ocrx_word' id='word_1_23' title='bbox 1018 515 1180 580; x_wconf 90' lang='lat' dir='ltr'><strong>civitatem</strong></span> <span class='ocrx_word' id='word_1_24' title='bbox 1194 517 1294 598; x_wconf 81' lang='lat' dir='ltr'><strong>Hcht,</strong></span> <span class='ocrx_word' id='word_1_25' title='bbox 1310 515 1362 578; x_wconf 93' lang='lat' dir='ltr'><strong>cui</strong></span> 
     </span>
     <span class='ocr_line' id='line_1_4' title="bbox 260 597 1362 685; baseline 0.001 -23"><span class='ocrx_word' id='word_1_26' title='bbox 260 600 441 684; x_wconf 86' lang='lat' dir='ltr'><strong>praesuerat‚</strong></span> <span class='ocrx_word' id='word_1_27' title='bbox 457 598 561 674; x_wconf 87' lang='lat' dir='ltr'><strong>rediit,</strong></span> <span class='ocrx_word' id='word_1_28' title='bbox 582 597 741 662; x_wconf 90' lang='lat' dir='ltr'><strong>Mellitum</strong></span> <span class='ocrx_word' id='word_1_29' title='bbox 753 621 828 663; x_wconf 87' lang='lat' dir='ltr'><strong>vero</strong></span> <span class='ocrx_word' id='word_1_30' title='bbox 843 599 1081 664; x_wconf 89' lang='lat' dir='ltr'><strong>Lundonienses</strong></span> <span class='ocrx_word' id='word_1_31' title='bbox 1092 601 1273 685; x_wconf 90' lang='lat' dir='ltr'><strong>episcopum</strong></span> <span class='ocrx_word' id='word_1_32' title='bbox 1284 601 1362 664; x_wconf 90' lang='lat' dir='ltr'><strong>reci-</strong></span> 
     </span>
     <span class='ocr_line' id='line_1_5' title="bbox 261 684 1359 832; baseline 0.003 -86"><span class='ocrx_word' id='word_1_33' title='bbox 261 707 337 832; x_wconf 55' lang='lat' dir='ltr'><strong>ppre</strong></span> <span class='ocrx_word' id='word_1_34' title='bbox 351 684 528 762; x_wconf 88' lang='lat' dir='ltr'><strong>noluerunt,</strong></span> <span class='ocrx_word' id='word_1_35' title='bbox 544 684 687 749; x_wconf 85' lang='lat' dir='ltr'><strong>idolatris</strong></span> <span class='ocrx_word' id='word_1_36' title='bbox 701 685 803 770; x_wconf 83' lang='lat' dir='ltr'><strong>magis</strong></span> <span class='ocrx_word' id='word_1_37' title='bbox 817 685 1021 769; x_wconf 86' lang='lat' dir='ltr'><strong>pontificibus</strong></span> <span class='ocrx_word' id='word_1_38' title='bbox 1038 686 1155 750; x_wconf 89' lang='lat' dir='ltr'><strong>servire</strong></span> <span class='ocrx_word' id='word_1_39' title='bbox 1171 686 1359 772; x_wconf 75' lang='lat' dir='ltr'><strong>gaudentes.</strong></span> 
     </span>
    </p>
   </div>
   <div class='ocr_carea' id='block_1_3' title="bbox 260 769 1404 1367">
    <p class='ocr_par' dir='ltr' id='par_1_3' title="bbox 260 769 1404 1367">
     <span class='ocr_line' id='line_1_6' title="bbox 294 769 1362 857; baseline 0.001 -23"><span class='ocrx_word' id='word_1_40' title='bbox 294 792 336 834; x_wconf 92' lang='lat' dir='ltr'><strong>on</strong></span> <span class='ocrx_word' id='word_1_41' title='bbox 350 770 434 834; x_wconf 91' lang='lat' dir='ltr'><strong>enim</strong></span> <span class='ocrx_word' id='word_1_42' title='bbox 448 776 542 834; x_wconf 89' lang='lat' dir='ltr'><strong>tanta</strong></span> <span class='ocrx_word' id='word_1_43' title='bbox 556 775 627 834; x_wconf 85' lang='lat' dir='ltr'><strong>crat</strong></span> <span class='ocrx_word' id='word_1_44' title='bbox 642 769 680 846; x_wconf 84' lang='lat' dir='ltr'><strong>ei,</strong></span> <span class='ocrx_word' id='word_1_45' title='bbox 697 777 818 854; x_wconf 87' lang='lat' dir='ltr'><strong>quanta</strong></span> <span class='ocrx_word' id='word_1_46' title='bbox 832 772 918 855; x_wconf 89' lang='lat' dir='ltr'><strong>patri</strong></span> <span class='ocrx_word' id='word_1_47' title='bbox 932 771 1029 855; x_wconf 90' lang='lat' dir='ltr'><strong>ipsius</strong></span> <span class='ocrx_word' id='word_1_48' title='bbox 1044 771 1134 857; x_wconf 90' lang='lat' dir='ltr'><strong>regni</strong></span> <span class='ocrx_word' id='word_1_49' title='bbox 1152 778 1307 857; x_wconf 80' lang='lat' dir='ltr'><strong>potestas,</strong></span> <span class='ocrx_word' id='word_1_50' title='bbox 1323 779 1362 835; x_wconf 88' lang='lat' dir='ltr'><strong>ut</strong></span> 
     </span>
     <span class='ocr_line' id='line_1_7' title="bbox 261 855 1361 941; baseline 0.001 -21"><span class='ocrx_word' id='word_1_51' title='bbox 261 857 360 920; x_wconf 88' lang='lat' dir='ltr'><strong>etiam</strong></span> <span class='ocrx_word' id='word_1_52' title='bbox 376 855 556 920; x_wconf 90' lang='lat' dir='ltr'><strong>nolentibus</strong></span> <span class='ocrx_word' id='word_1_53' title='bbox 574 877 613 918; x_wconf 88' lang='lat' dir='ltr'><strong>ac</strong></span> <span class='ocrx_word' id='word_1_54' title='bbox 632 856 922 921; x_wconf 87' lang='lat' dir='ltr'><strong>contradicentibus</strong></span> <span class='ocrx_word' id='word_1_55' title='bbox 941 857 1074 941; x_wconf 84' lang='lat' dir='ltr'><strong>paganis</strong></span> <span class='ocrx_word' id='word_1_56' title='bbox 1095 857 1274 922; x_wconf 75' lang='lat' dir='ltr'><strong>antistitem</strong></span> <span class='ocrx_word' id='word_1_57' title='bbox 1294 879 1361 921; x_wconf 82' lang='lat' dir='ltr'><strong>suae</strong></span> 
     </span>
     <span class='ocr_line' id='line_1_8' title="bbox 261 940 1360 1028; baseline -0.001 -23"><span class='ocrx_word' id='word_1_58' title='bbox 261 948 369 1026; x_wconf 90' lang='lat' dir='ltr'><strong>posset</strong></span> <span class='ocrx_word' id='word_1_59' title='bbox 384 941 520 1004; x_wconf 86' lang='lat' dir='ltr'><strong>ecclesiae</strong></span> <span class='ocrx_word' id='word_1_60' title='bbox 535 940 677 1004; x_wconf 91' lang='lat' dir='ltr'><strong>reddere.</strong></span> <span class='ocrx_word' id='word_1_61' title='bbox 713 941 944 1006; x_wconf 80' lang='lat' dir='ltr'><strong>Verumtamen</strong></span> <span class='ocrx_word' id='word_1_62' title='bbox 958 943 1025 1026; x_wconf 89' lang='lat' dir='ltr'><strong>ipse</strong></span> <span class='ocrx_word' id='word_1_63' title='bbox 1040 965 1113 1006; x_wconf 91' lang='lat' dir='ltr'><strong>cum</strong></span> <span class='ocrx_word' id='word_1_64' title='bbox 1127 965 1186 1007; x_wconf 90' lang='lat' dir='ltr'><strong>sna</strong></span> <span class='ocrx_word' id='word_1_65' title='bbox 1198 949 1304 1028; x_wconf 80' lang='lat' dir='ltr'><strong>gente,</strong></span> <span class='ocrx_word' id='word_1_66' title='bbox 1319 964 1360 1006; x_wconf 85' lang='lat' dir='ltr'><strong>ex</strong></span> 
     </span>
     <span class='ocr_line' id='line_1_9' title="bbox 262 1026 1404 1113; baseline 0.005 -23"><span class='ocrx_word' id='word_1_67' title='bbox 262 1027 381 1111; x_wconf 91' lang='lat' dir='ltr'><strong>quoad</strong></span> <span class='ocrx_word' id='word_1_68' title='bbox 396 1026 568 1090; x_wconf 92' lang='lat' dir='ltr'><strong>Dominum</strong></span> <span class='ocrx_word' id='word_1_69' title='bbox 586 1047 754 1090; x_wconf 89' lang='lat' dir='ltr'><strong>conversus</strong></span> <span class='ocrx_word' id='word_1_70' title='bbox 773 1034 832 1104; x_wconf 88' lang='lat' dir='ltr'><strong>est,</strong></span> <span class='ocrx_word' id='word_1_71' title='bbox 849 1027 961 1091; x_wconf 88' lang='lat' dir='ltr'><strong>divinis</strong></span> <span class='ocrx_word' id='word_1_72' title='bbox 980 1050 1015 1092; x_wconf 91' lang='lat' dir='ltr'><strong>se</strong></span> <span class='ocrx_word' id='word_1_73' title='bbox 1034 1028 1158 1093; x_wconf 85' lang='lat' dir='ltr'><strong>studuit</strong></span> <span class='ocrx_word' id='word_1_74' title='bbox 1179 1028 1361 1113; x_wconf 88' lang='lat' dir='ltr'><strong>mancipare</strong></span> <span class='ocrx_word' id='word_1_75' title='bbox 1368 1050 1404 1096; x_wconf 80' lang='lat'><strong>30</strong></span> 
     </span>
     <span class='ocr_line' id='line_1_10' title="bbox 261 1111 1363 1198; baseline 0 -22"><span class='ocrx_word' id='word_1_76' title='bbox 261 1111 437 1196; x_wconf 67' lang='lat' dir='ltr'><strong>praecptis.</strong></span> <span class='ocrx_word' id='word_1_77' title='bbox 483 1111 628 1196; x_wconf 89' lang='lat' dir='ltr'><strong>Denique</strong></span> <span class='ocrx_word' id='word_1_78' title='bbox 645 1118 679 1176; x_wconf 88' lang='lat' dir='ltr'><strong>et</strong></span> <span class='ocrx_word' id='word_1_79' title='bbox 698 1112 730 1174; x_wconf 92' lang='lat' dir='ltr'><strong>in</strong></span> <span class='ocrx_word' id='word_1_80' title='bbox 748 1113 942 1178; x_wconf 85' lang='lat' dir='ltr'><strong>monasterio</strong></span> <span class='ocrx_word' id='word_1_81' title='bbox 955 1114 1129 1178; x_wconf 78' lang='lat' dir='ltr'><strong>beatissimi</strong></span> <span class='ocrx_word' id='word_1_82' title='bbox 1144 1114 1363 1198; x_wconf 84' lang='lat' dir='ltr'><strong>apostolorum</strong></span> 
     </span>
     <span class='ocr_line' id='line_1_11' title="bbox 260 1197 1361 1284; baseline 0.003 -24"><span class='ocrx_word' id='word_1_83' title='bbox 260 1198 418 1283; x_wconf 88' lang='lat' dir='ltr'><strong>principis,</strong></span> <span class='ocrx_word' id='word_1_84' title='bbox 443 1197 604 1262; x_wconf 87' lang='lat' dir='ltr'><strong>ecclesiam</strong></span> <span class='ocrx_word' id='word_1_85' title='bbox 625 1203 744 1262; x_wconf 85' lang='lat' dir='ltr'><strong>sanctae</strong></span> <span class='ocrx_word' id='word_1_86' title='bbox 767 1198 829 1262; x_wconf 92' lang='lat' dir='ltr'><strong>Dei</strong></span> <span class='ocrx_word' id='word_1_87' title='bbox 849 1198 1011 1284; x_wconf 74' lang='lat' dir='ltr'><strong>genitricis</strong></span> <span class='ocrx_word' id='word_1_88' title='bbox 1032 1200 1117 1277; x_wconf 85' lang='lat' dir='ltr'><strong>fecit,</strong></span> <span class='ocrx_word' id='word_1_89' title='bbox 1136 1222 1232 1284; x_wconf 90' lang='lat' dir='ltr'><strong>quam</strong></span> <span class='ocrx_word' id='word_1_90' title='bbox 1253 1221 1361 1263; x_wconf 90' lang='lat' dir='ltr'><strong>conse-</strong></span> 
     </span>
     <span class='ocr_line' id='line_1_12' title="bbox 261 1282 800 1367; baseline 0 -21"><span class='ocrx_word' id='word_1_91' title='bbox 261 1283 362 1348; x_wconf 86' lang='lat' dir='ltr'><strong>cravit</strong></span> <span class='ocrx_word' id='word_1_92' title='bbox 376 1283 629 1367; x_wconf 73' lang='lat' dir='ltr'><strong>archiepiscopus</strong></span> <span class='ocrx_word' id='word_1_93' title='bbox 645 1282 800 1348; x_wconf 90' lang='lat' dir='ltr'><strong>Mellitus.</strong></span> 
     </span>
    </p>
   </div>
   <div class='ocr_carea' id='block_1_4' title="bbox 701 1428 920 1494">
    <p class='ocr_par' dir='ltr' id='par_1_4' title="bbox 701 1428 920 1494">
     <span class='ocr_line' id='line_1_13' title="bbox 701 1428 920 1494; baseline 0 -1"><span class='ocrx_word' id='word_1_94' title='bbox 701 1428 810 1494; x_wconf 80' lang='grc' dir='ltr'><strong>ΟΑΡ.</strong></span> <span class='ocrx_word' id='word_1_95' title='bbox 837 1429 920 1494; x_wconf 86' lang='lat' dir='ltr'><strong>VII.</strong></span> 
     </span>
    </p>
   </div>
   <div class='ocr_carea' id='block_1_5' title="bbox 264 1532 1361 1610">
    <p class='ocr_par' dir='ltr' id='par_1_5' title="bbox 264 1532 1361 1610">
     <span class='ocr_line' id='line_1_14' title="bbox 264 1532 1361 1610; baseline 0.001 -20"><span class='ocrx_word' id='word_1_96' title='bbox 264 1532 303 1590; x_wconf 86' lang='lat' dir='ltr'><strong>Ut</strong></span> <span class='ocrx_word' id='word_1_97' title='bbox 315 1532 442 1590; x_wconf 81' lang='lat' dir='ltr'><strong>Mellitus</strong></span> <span class='ocrx_word' id='word_1_98' title='bbox 456 1533 596 1610; x_wconf 77' lang='lat' dir='ltr'><strong>episeopus</strong></span> <span class='ocrx_word' id='word_1_99' title='bbox 602 1535 729 1610; x_wconf 78' lang='lat' dir='ltr'><strong>flammas</strong></span> <span class='ocrx_word' id='word_1_100' title='bbox 743 1536 864 1592; x_wconf 77' lang='lat' dir='ltr'><strong>ardeatis</strong></span> <span class='ocrx_word' id='word_1_101' title='bbox 876 1553 934 1591; x_wconf 72' lang='lat' dir='ltr'><strong>aaa</strong></span> <span class='ocrx_word' id='word_1_102' title='bbox 947 1534 1067 1590; x_wconf 70' lang='lat' dir='ltr'><strong>deitatis</strong></span> <span class='ocrx_word' id='word_1_103' title='bbox 1080 1535 1180 1590; x_wconf 81' lang='lat' dir='ltr'><strong>orando</strong></span> <span class='ocrx_word' id='word_1_104' title='bbox 1195 1535 1361 1591; x_wconf 67' lang='lat' dir='ltr'><strong>restitnerit.</strong></span> 
     </span>
    </p>
   </div>
   <div class='ocr_carea' id='block_1_6' title="bbox 100 1625 1416 2974">
    <p class='ocr_par' dir='ltr' id='par_1_6' title="bbox 261 1625 1402 1898">
     <span class='ocr_line' id='line_1_15' title="bbox 305 1625 1402 1713; baseline 0 -23"><span class='ocrx_word' id='word_1_105' title='bbox 305 1625 375 1690; x_wconf 90' lang='lat' dir='ltr'><strong>Hoc</strong></span> <span class='ocrx_word' id='word_1_106' title='bbox 397 1627 481 1690; x_wconf 92' lang='lat' dir='ltr'><strong>enim</strong></span> <span class='ocrx_word' id='word_1_107' title='bbox 499 1633 654 1713; x_wconf 88' lang='lat' dir='ltr'><strong>regnante</strong></span> <span class='ocrx_word' id='word_1_108' title='bbox 673 1650 747 1713; x_wconf 90' lang='lat' dir='ltr'><strong>rege</strong></span> <span class='ocrx_word' id='word_1_109' title='bbox 767 1629 882 1692; x_wconf 90' lang='lat' dir='ltr'><strong>beatus</strong></span> <span class='ocrx_word' id='word_1_110' title='bbox 900 1628 1007 1691; x_wconf 90' lang='lat' dir='ltr'><strong>archie</strong></span> <span class='ocrx_word' id='word_1_111' title='bbox 1029 1627 1154 1711; x_wconf 84' lang='lat' dir='ltr'><strong>isc-opus</strong></span> <span class='ocrx_word' id='word_1_112' title='bbox 1171 1627 1362 1691; x_wconf 87' lang='lat' dir='ltr'><strong>Laurentius</strong></span> <span class='ocrx_word' id='word_1_113' title='bbox 1371 1650 1402 1700; x_wconf 79' lang='lat'><strong>35</strong></span> 
     </span>
     <span class='ocr_line' id='line_1_16' title="bbox 261 1650 1362 1798; baseline 0.001 -23"><span class='ocrx_word' id='word_1_114' title='bbox 261 1734 393 1798; x_wconf 87' lang='lat' dir='ltr'><strong>regnum</strong></span> <span class='ocrx_word' id='word_1_115' title='bbox 415 1713 540 1778; x_wconf 82' lang='lat' dir='ltr'><strong>caeleste</strong></span> <span class='ocrx_word' id='word_1_116' title='bbox 561 1714 753 1791; x_wconf 86' lang='lat' dir='ltr'><strong>conscendit,</strong></span> <span class='ocrx_word' id='word_1_117' title='bbox 776 1721 875 1797; x_wconf 84' lang='lat' dir='ltr'><strong>atque</strong></span> <span class='ocrx_word' id='word_1_118' title='bbox 900 1713 933 1775; x_wconf 94' lang='lat' dir='ltr'><strong>in</strong></span> <span class='ocrx_word' id='word_1_119' title='bbox 957 1650 1088 1777; x_wconf 81' lang='lat' dir='ltr'><strong>ecclesia</strong></span> <span class='ocrx_word' id='word_1_120' title='bbox 1110 1719 1143 1777; x_wconf 88' lang='lat' dir='ltr'><strong>et</strong></span> <span class='ocrx_word' id='word_1_121' title='bbox 1168 1714 1362 1776; x_wconf 84' lang='lat' dir='ltr'><strong>monasterio</strong></span> 
     </span>
     <span class='ocr_line' id='line_1_17' title="bbox 262 1798 1363 1898; baseline -0.001 -36"><span class='ocrx_word' id='word_1_122' title='bbox 262 1799 364 1863; x_wconf 88' lang='lat' dir='ltr'><strong>sancti</strong></span> <span class='ocrx_word' id='word_1_123' title='bbox 384 1799 519 1898; x_wconf 78' lang='lat' dir='ltr'><strong>apostoli</strong></span> <span class='ocrx_word' id='word_1_124' title='bbox 535 1798 625 1863; x_wconf 87' lang='lat' dir='ltr'><strong>Petri</strong></span> <span class='ocrx_word' id='word_1_125' title='bbox 644 1799 739 1884; x_wconf 86' lang='lat' dir='ltr'><strong>juxta</strong></span> <span class='ocrx_word' id='word_1_126' title='bbox 758 1800 1022 1898; x_wconf 82' lang='lat' dir='ltr'><strong>praedecessorem</strong></span> <span class='ocrx_word' id='word_1_127' title='bbox 1039 1820 1130 1861; x_wconf 89' lang='lat' dir='ltr'><strong>suum</strong></span> <span class='ocrx_word' id='word_1_128' title='bbox 1145 1798 1363 1884; x_wconf 85' lang='lat' dir='ltr'><strong>Augustinum</strong></span> 
     </span>
    </p>

    <p class='ocr_par' dir='ltr' id='par_1_7' title="bbox 105 1883 1363 2055">
     <span class='ocr_line' id='line_1_18' title="bbox 263 1883 1363 2055; baseline 0.005 -28.246"><span class='ocrx_word' id='word_1_129' title='bbox 263 1883 1363 2055; x_wconf 58' lang='lat' dir='ltr'><strong>citis,cessimsustensiescnis</strong></span> 
     </span>
    </p>

    <p class='ocr_par' dir='ltr' id='par_1_8' title="bbox 100 2019 1363 2142">
     <span class='ocr_line' id='line_1_19' title="bbox 100 2019 1363 2142; baseline 0.001 -25"><span class='ocrx_word' id='word_1_130' title='bbox 100 2029 215 2142; x_wconf 52' lang='grc' dir='ltr'><strong>ἕξέᾞξ</strong></span> <span class='ocrx_word' id='word_1_131' title='bbox 262 2053 400 2118; x_wconf 86' lang='lat' dir='ltr'><strong>ecclesiae</strong></span> <span class='ocrx_word' id='word_1_132' title='bbox 420 2054 536 2118; x_wconf 88' lang='lat' dir='ltr'><strong>tertius</strong></span> <span class='ocrx_word' id='word_1_133' title='bbox 552 2055 594 2118; x_wconf 90' lang='lat' dir='ltr'><strong>ab</strong></span> <span class='ocrx_word' id='word_1_134' title='bbox 610 2055 791 2140; x_wconf 81' lang='lat' dir='ltr'><strong>Augustino</strong></span> <span class='ocrx_word' id='word_1_135' title='bbox 811 2019 968 2139; x_wconf 70' lang='lat' dir='ltr'><strong>suscepitl</strong></span> <span class='ocrx_word' id='word_1_136' title='bbox 991 2056 1107 2118; x_wconf 84' lang='lat' dir='ltr'><strong>Justus</strong></span> <span class='ocrx_word' id='word_1_137' title='bbox 1128 2061 1237 2118; x_wconf 87' lang='lat' dir='ltr'><strong>autem</strong></span> <span class='ocrx_word' id='word_1_138' title='bbox 1258 2055 1363 2118; x_wconf 88' lang='lat' dir='ltr'><strong>adbuc</strong></span> 
     </span>
    </p>

    <p class='ocr_par' dir='ltr' id='par_1_9' title="bbox 101 2139 1406 2482">
     <span class='ocr_line' id='line_1_20' title="bbox 101 2139 1406 2226; baseline -0.007 -20"><span class='ocrx_word' id='word_1_139' title='bbox 101 2158 148 2206; x_wconf 85' lang='lat'>111.</span> <span class='ocrx_word' id='word_1_140' title='bbox 263 2145 423 2222; x_wconf 88' lang='lat' dir='ltr'><strong>superstes</strong></span> <span class='ocrx_word' id='word_1_141' title='bbox 439 2139 630 2204; x_wconf 86' lang='lat' dir='ltr'><strong>Hrosensem</strong></span> <span class='ocrx_word' id='word_1_142' title='bbox 644 2142 776 2226; x_wconf 86' lang='lat' dir='ltr'><strong>regebat</strong></span> <span class='ocrx_word' id='word_1_143' title='bbox 791 2141 962 2217; x_wconf 85' lang='lat' dir='ltr'><strong>ecclesiam,</strong></span> <span class='ocrx_word' id='word_1_144' title='bbox 979 2141 1119 2224; x_wconf 91' lang='lat' dir='ltr'><strong>quicum</strong></span> <span class='ocrx_word' id='word_1_145' title='bbox 1133 2163 1250 2224; x_wconf 82' lang='lat' dir='ltr'><strong>magna</strong></span> <span class='ocrx_word' id='word_1_146' title='bbox 1267 2139 1363 2204; x_wconf 81' lang='lat' dir='ltr'><strong>eccle</strong></span> <span class='ocrx_word' id='word_1_147' title='bbox 1371 2164 1406 2210; x_wconf 83' lang='lat'><strong>40</strong></span> 
     </span>
     <span class='ocr_line' id='line_1_21' title="bbox 264 2224 1363 2312; baseline 0.002 -25"><span class='ocrx_word' id='word_1_148' title='bbox 264 2224 344 2288; x_wconf 88' lang='lat' dir='ltr'><strong>siam</strong></span> <span class='ocrx_word' id='word_1_149' title='bbox 373 2225 551 2310; x_wconf 84' lang='lat' dir='ltr'><strong>Anglorum</strong></span> <span class='ocrx_word' id='word_1_150' title='bbox 582 2248 659 2290; x_wconf 90' lang='lat' dir='ltr'><strong>cura</strong></span> <span class='ocrx_word' id='word_1_151' title='bbox 692 2248 730 2290; x_wconf 88' lang='lat' dir='ltr'><strong>ae</strong></span> <span class='ocrx_word' id='word_1_152' title='bbox 764 2227 872 2290; x_wconf 88' lang='lat' dir='ltr'><strong>labore</strong></span> <span class='ocrx_word' id='word_1_153' title='bbox 900 2227 1125 2312; x_wconf 86' lang='lat' dir='ltr'><strong>gubernarent,</strong></span> <span class='ocrx_word' id='word_1_154' title='bbox 1156 2233 1363 2310; x_wconf 89' lang='lat' dir='ltr'><strong>susceperuut</strong></span> 
     </span>
     <span class='ocr_line' id='line_1_22' title="bbox 264 2310 1363 2396; baseline 0.002 -24"><span class='ocrx_word' id='word_1_155' title='bbox 264 2311 384 2395; x_wconf 88' lang='lat' dir='ltr'><strong>scripta</strong></span> <span class='ocrx_word' id='word_1_156' title='bbox 406 2310 624 2376; x_wconf 86' lang='lat' dir='ltr'><strong>exhortatoria</strong></span> <span class='ocrx_word' id='word_1_157' title='bbox 643 2334 663 2375; x_wconf 90' lang='lat' dir='ltr'><strong>a</strong></span> <span class='ocrx_word' id='word_1_158' title='bbox 684 2312 835 2396; x_wconf 89' lang='lat' dir='ltr'><strong>pontifice</strong></span> <span class='ocrx_word' id='word_1_159' title='bbox 849 2312 1003 2376; x_wconf 71' lang='lat' dir='ltr'><strong>Romanae</strong></span> <span class='ocrx_word' id='word_1_160' title='bbox 1022 2317 1056 2376; x_wconf 92' lang='lat' dir='ltr'><strong>et</strong></span> <span class='ocrx_word' id='word_1_161' title='bbox 1077 2311 1259 2396; x_wconf 90' lang='lat' dir='ltr'><strong>apostolicae</strong></span> <span class='ocrx_word' id='word_1_162' title='bbox 1279 2311 1363 2374; x_wconf 89' lang='lat' dir='ltr'><strong>sedis</strong></span> 
     </span>
     <span class='ocr_line' id='line_1_23' title="bbox 264 2395 1363 2482; baseline 0.001 -23"><span class='ocrx_word' id='word_1_163' title='bbox 264 2395 437 2473; x_wconf 87' lang='lat' dir='ltr'><strong>Bonifacio‚</strong></span> <span class='ocrx_word' id='word_1_164' title='bbox 454 2395 507 2480; x_wconf 90' lang='lat' dir='ltr'><strong>qui</strong></span> <span class='ocrx_word' id='word_1_165' title='bbox 522 2403 596 2482; x_wconf 89' lang='lat' dir='ltr'><strong>post</strong></span> <span class='ocrx_word' id='word_1_166' title='bbox 618 2397 796 2462; x_wconf 89' lang='lat' dir='ltr'><strong>Deusdedit</strong></span> <span class='ocrx_word' id='word_1_167' title='bbox 817 2397 955 2462; x_wconf 90' lang='lat' dir='ltr'><strong>ecclesiae</strong></span> <span class='ocrx_word' id='word_1_168' title='bbox 969 2397 1106 2482; x_wconf 81' lang='lat' dir='ltr'><strong>praefuit,</strong></span> <span class='ocrx_word' id='word_1_169' title='bbox 1121 2418 1206 2461; x_wconf 90' lang='lat' dir='ltr'><strong>anno</strong></span> <span class='ocrx_word' id='word_1_170' title='bbox 1220 2397 1363 2460; x_wconf 56' lang='lat' dir='ltr'><strong>incarner</strong></span> 
     </span>
    </p>

    <p class='ocr_par' dir='ltr' id='par_1_10' title="bbox 102 2481 1363 2546">
     <span class='ocr_line' id='line_1_24' title="bbox 102 2481 1363 2546; baseline -0.001 -1"><span class='ocrx_word' id='word_1_171' title='bbox 102 2497 244 2546; x_wconf 71' lang='lat' dir='ltr'><strong>bonifacius</strong></span> <span class='ocrx_word' id='word_1_172' title='bbox 264 2481 361 2544; x_wconf 89' lang='lat' dir='ltr'><strong>tionis</strong></span> <span class='ocrx_word' id='word_1_173' title='bbox 387 2481 561 2546; x_wconf 82' lang='lat' dir='ltr'><strong>Dominicae</strong></span> <span class='ocrx_word' id='word_1_174' title='bbox 587 2483 820 2546; x_wconf 83' lang='lat' dir='ltr'><strong>sexcentesimo</strong></span> <span class='ocrx_word' id='word_1_175' title='bbox 841 2483 962 2546; x_wconf 90' lang='lat' dir='ltr'><strong>decimo</strong></span> <span class='ocrx_word' id='word_1_176' title='bbox 988 2483 1103 2546; x_wconf 83' lang='lat' dir='ltr'><strong>hnono.</strong></span> <span class='ocrx_word' id='word_1_177' title='bbox 1148 2482 1231 2546; x_wconf 86' lang='lat' dir='ltr'><strong>Erat</strong></span> <span class='ocrx_word' id='word_1_178' title='bbox 1253 2488 1363 2546; x_wconf 89' lang='lat' dir='ltr'><strong>autem</strong></span> 
     </span>
    </p>

    <p class='ocr_par' dir='ltr' id='par_1_11' title="bbox 103 2567 1360 2653">
     <span class='ocr_line' id='line_1_25' title="bbox 103 2567 1360 2653; baseline 0.003 -26"><span class='ocrx_word' id='word_1_179' title='bbox 103 2580 172 2627; x_wconf 64' lang='lat' dir='ltr'><strong>rara·</strong></span> <span class='ocrx_word' id='word_1_180' title='bbox 266 2567 409 2632; x_wconf 89' lang='lat' dir='ltr'><strong>Mellitus</strong></span> <span class='ocrx_word' id='word_1_181' title='bbox 423 2569 563 2653; x_wconf 89' lang='lat' dir='ltr'><strong>corporis</strong></span> <span class='ocrx_word' id='word_1_182' title='bbox 578 2570 705 2653; x_wconf 88' lang='lat' dir='ltr'><strong>quidem</strong></span> <span class='ocrx_word' id='word_1_183' title='bbox 719 2569 914 2646; x_wconf 86' lang='lat' dir='ltr'><strong>infirmitate,</strong></span> <span class='ocrx_word' id='word_1_184' title='bbox 926 2569 958 2631; x_wconf 92' lang='lat' dir='ltr'><strong>id</strong></span> <span class='ocrx_word' id='word_1_185' title='bbox 973 2575 1032 2646; x_wconf 86' lang='lat' dir='ltr'><strong>est,</strong></span> <span class='ocrx_word' id='word_1_186' title='bbox 1044 2570 1187 2653; x_wconf 89' lang='lat' dir='ltr'><strong>podagra</strong></span> <span class='ocrx_word' id='word_1_187' title='bbox 1199 2574 1360 2653; x_wconf 81' lang='lat' dir='ltr'><strong>gravatus,</strong></span> 
     </span>
    </p>

    <p class='ocr_par' dir='ltr' id='par_1_12' title="bbox 100 2627 1416 2974">
     <span class='ocr_line' id='line_1_26' title="bbox 100 2627 1416 2739; baseline -0.002 -18"><span class='ocrx_word' id='word_1_188' title='bbox 100 2629 135 2676; x_wconf 86' lang='lat' dir='ltr'><strong>A.</strong></span> <span class='ocrx_word' id='word_1_189' title='bbox 143 2628 176 2677; x_wconf 84' lang='lat' dir='ltr'><strong>D.</strong></span> <span class='ocrx_word' id='word_1_190' title='bbox 191 2627 247 2690; x_wconf 84' lang='lat'><strong>⁶¹9·</strong></span> <span class='ocrx_word' id='word_1_191' title='bbox 264 2654 320 2721; x_wconf 81' lang='lat' dir='ltr'><strong>sed</strong></span> <span class='ocrx_word' id='word_1_192' title='bbox 341 2653 456 2718; x_wconf 91' lang='lat' dir='ltr'><strong>mentis</strong></span> <span class='ocrx_word' id='word_1_193' title='bbox 477 2654 636 2739; x_wconf 83' lang='lat' dir='ltr'><strong>gressibus</strong></span> <span class='ocrx_word' id='word_1_194' title='bbox 656 2654 760 2731; x_wconf 84' lang='lat' dir='ltr'><strong>isanis,</strong></span> <span class='ocrx_word' id='word_1_195' title='bbox 777 2654 926 2718; x_wconf 77' lang='lat' dir='ltr'><strong>alacriter</strong></span> <span class='ocrx_word' id='word_1_196' title='bbox 944 2660 1072 2717; x_wconf 88' lang='lat' dir='ltr'><strong>terrena</strong></span> <span class='ocrx_word' id='word_1_197' title='bbox 1093 2676 1227 2738; x_wconf 90' lang='lat' dir='ltr'><strong>quaeque</strong></span> <span class='ocrx_word' id='word_1_198' title='bbox 1247 2653 1362 2718; x_wconf 89' lang='lat' dir='ltr'><strong>transi-</strong></span> <span class='ocrx_word' id='word_1_199' title='bbox 1371 2657 1416 2719; x_wconf 90' lang='lat'><strong>86</strong></span> 
     </span>
     <span class='ocr_line' id='line_1_27' title="bbox 263 2739 1363 2825; baseline 0.002 -24"><span class='ocrx_word' id='word_1_200' title='bbox 263 2739 351 2815; x_wconf 89' lang='lat' dir='ltr'><strong>liens,</strong></span> <span class='ocrx_word' id='word_1_201' title='bbox 367 2745 465 2824; x_wconf 90' lang='lat' dir='ltr'><strong>atque</strong></span> <span class='ocrx_word' id='word_1_202' title='bbox 479 2741 522 2805; x_wconf 89' lang='lat' dir='ltr'><strong>ad</strong></span> <span class='ocrx_word' id='word_1_203' title='bbox 536 2740 674 2804; x_wconf 84' lang='lat' dir='ltr'><strong>caelestia</strong></span> <span class='ocrx_word' id='word_1_204' title='bbox 689 2762 812 2825; x_wconf 90' lang='lat' dir='ltr'><strong>semper</strong></span> <span class='ocrx_word' id='word_1_205' title='bbox 826 2740 972 2817; x_wconf 81' lang='lat' dir='ltr'><strong>amanda,</strong></span> <span class='ocrx_word' id='word_1_206' title='bbox 984 2740 1132 2824; x_wconf 87' lang='lat' dir='ltr'><strong>petenda,</strong></span> <span class='ocrx_word' id='word_1_207' title='bbox 1144 2745 1178 2803; x_wconf 88' lang='lat' dir='ltr'><strong>et</strong></span> <span class='ocrx_word' id='word_1_208' title='bbox 1192 2740 1363 2824; x_wconf 82' lang='lat' dir='ltr'><strong>quaerenda</strong></span> 
     </span>
     <span class='ocr_line' id='line_1_28' title="bbox 264 2824 1365 2973; baseline -0.001 -84"><span class='ocrx_word' id='word_1_209' title='bbox 264 2825 439 2973; x_wconf 59' lang='lat' dir='ltr'><strong>pegtplaus.</strong></span> <span class='ocrx_word' id='word_1_210' title='bbox 485 2826 568 2889; x_wconf 83' lang='lat' dir='ltr'><strong>Erat</strong></span> <span class='ocrx_word' id='word_1_211' title='bbox 590 2826 694 2889; x_wconf 89' lang='lat' dir='ltr'><strong>carnis</strong></span> <span class='ocrx_word' id='word_1_212' title='bbox 715 2826 836 2912; x_wconf 92' lang='lat' dir='ltr'><strong>origine</strong></span> <span class='ocrx_word' id='word_1_213' title='bbox 862 2826 984 2903; x_wconf 92' lang='lat' dir='ltr'><strong>nobilis,</strong></span> <span class='ocrx_word' id='word_1_214' title='bbox 1007 2826 1064 2889; x_wconf 89' lang='lat' dir='ltr'><strong>sed</strong></span> <span class='ocrx_word' id='word_1_215' title='bbox 1089 2825 1223 2889; x_wconf 91' lang='lat' dir='ltr'><strong>culmine</strong></span> <span class='ocrx_word' id='word_1_216' title='bbox 1248 2824 1365 2889; x_wconf 90' lang='lat' dir='ltr'><strong>mentis</strong></span> 
     </span>
     <span class='ocr_line' id='line_1_29' title="bbox 264 2932 407 2974; baseline -0.007 0"><span class='ocrx_word' id='word_1_217' title='bbox 264 2933 306 2974; x_wconf 89' lang='lat' dir='ltr'><strong>nc</strong></span> <span class='ocrx_word' id='word_1_218' title='bbox 328 2934 339 2972; x_wconf 93' lang='lat'>1</span> <span class='ocrx_word' id='word_1_219' title='bbox 361 2932 407 2973; x_wconf 91' lang='lat' dir='ltr'><strong>cr.</strong></span> 
     </span>
    </p>
   </div>
   <div class='ocr_carea' id='block_1_7' title="bbox 265 2994 1387 3255">
    <p class='ocr_par' dir='ltr' id='par_1_13' title="bbox 265 2994 1387 3255">
     <span class='ocr_line' id='line_1_30' title="bbox 308 2994 1363 3083; baseline 0.001 -24"><span class='ocrx_word' id='word_1_220' title='bbox 308 2995 453 3079; x_wconf 90' lang='lat' dir='ltr'><strong>Denique</strong></span> <span class='ocrx_word' id='word_1_221' title='bbox 468 3002 504 3060; x_wconf 88' lang='lat' dir='ltr'><strong>ut</strong></span> <span class='ocrx_word' id='word_1_222' title='bbox 519 3019 616 3060; x_wconf 90' lang='lat' dir='ltr'><strong>unum</strong></span> <span class='ocrx_word' id='word_1_223' title='bbox 627 2997 754 3062; x_wconf 82' lang='lat' dir='ltr'><strong>virtutis</strong></span> <span class='ocrx_word' id='word_1_224' title='bbox 769 2997 846 3083; x_wconf 87' lang='lat' dir='ltr'><strong>ejus,</strong></span> <span class='ocrx_word' id='word_1_225' title='bbox 859 2998 942 3061; x_wconf 92' lang='lat' dir='ltr'><strong>unde</strong></span> <span class='ocrx_word' id='word_1_226' title='bbox 957 3004 1075 3061; x_wconf 85' lang='lat' dir='ltr'><strong>caetera</strong></span> <span class='ocrx_word' id='word_1_227' title='bbox 1089 2994 1221 3081; x_wconf 88' lang='lat' dir='ltr'><strong>intelligi</strong></span> <span class='ocrx_word' id='word_1_228' title='bbox 1231 2995 1363 3081; x_wconf 88' lang='lat' dir='ltr'><strong>possint,</strong></span> 
     </span>
     <span class='ocr_line' id='line_1_31' title="bbox 265 3080 1387 3183; baseline 0 -38"><span class='ocrx_word' id='word_1_229' title='bbox 265 3080 483 3145; x_wconf 88' lang='lat' dir='ltr'><strong>testimonium</strong></span> <span class='ocrx_word' id='word_1_230' title='bbox 496 3082 653 3182; x_wconf 79' lang='lat' dir='ltr'><strong>referam3</strong></span> <span class='ocrx_word' id='word_1_231' title='bbox 677 3091 822 3183; x_wconf 75' lang='lat' dir='ltr'><strong>tempore</strong></span> <span class='ocrx_word' id='word_1_232' title='bbox 836 3084 974 3167; x_wconf 89' lang='lat' dir='ltr'><strong>quodam</strong></span> <span class='ocrx_word' id='word_1_233' title='bbox 988 3082 1099 3146; x_wconf 84' lang='lat' dir='ltr'><strong>civitas</strong></span> <span class='ocrx_word' id='word_1_234' title='bbox 1114 3081 1365 3181; x_wconf 75' lang='lat' dir='ltr'><strong>Doruvernensis</strong></span> <span class='ocrx_word' id='word_1_235' title='bbox 1373 3109 1387 3159; x_wconf 81' lang='lat'><strong>5</strong></span> 
     </span>
     <span class='ocr_line' id='line_1_32' title="bbox 265 3166 1366 3255; baseline 0.002 -26"><span class='ocrx_word' id='word_1_236' title='bbox 265 3188 323 3249; x_wconf 90' lang='lat' dir='ltr'><strong>per</strong></span> <span class='ocrx_word' id='word_1_237' title='bbox 351 3166 475 3249; x_wconf 89' lang='lat' dir='ltr'><strong>culpam</strong></span> <span class='ocrx_word' id='word_1_238' title='bbox 504 3190 632 3233; x_wconf 83' lang='lat' dir='ltr'><strong>incuriae</strong></span> <span class='ocrx_word' id='word_1_239' title='bbox 661 3168 752 3255; x_wconf 71' lang='lat' dir='ltr'><strong>l‘lgm</strong></span> <span class='ocrx_word' id='word_1_240' title='bbox 781 3176 937 3253; x_wconf 88' lang='lat' dir='ltr'><strong>correpta,</strong></span> <span class='ocrx_word' id='word_1_241' title='bbox 967 3169 1238 3232; x_wconf 84' lang='lat' dir='ltr'><strong>crebrescentibus</strong></span> <span class='ocrx_word' id='word_1_242' title='bbox 1267 3174 1366 3251; x_wconf 85' lang='lat' dir='ltr'><strong>coeprt</strong></span> 
     </span>
    </p>
   </div>
   <div class='ocr_carea' id='block_1_8' title="bbox 268 3312 1365 3439">
    <p class='ocr_par' dir='ltr' id='par_1_14' title="bbox 268 3312 1365 3439">
     <span class='ocr_line' id='line_1_33' title="bbox 300 3312 1365 3376; baseline 0.001 -17"><span class='ocrx_word' id='word_1_243' title='bbox 300 3314 497 3375; x_wconf 67' lang='lat' dir='ltr'><strong>erestituendas,</strong></span> <span class='ocrx_word' id='word_1_244' title='bbox 508 3315 667 3361; x_wconf 58' lang='lat' dir='ltr'><strong>imbuendus</strong></span> <span class='ocrx_word' id='word_1_245' title='bbox 678 3314 708 3363; x_wconf 90' lang='lat' dir='ltr'><strong>V.</strong></span> <span class='ocrx_word' id='word_1_246' title='bbox 829 3313 1037 3361; x_wconf 53' lang='lat' dir='ltr'><strong>rainonem</strong></span> <span class='ocrx_word' id='word_1_247' title='bbox 1140 3320 1323 3376; x_wconf 75' lang='lat' dir='ltr'><strong>.tpcctqucm</strong></span> <span class='ocrx_word' id='word_1_248' title='bbox 1333 3312 1365 3360; x_wconf 84' lang='lat' dir='ltr'><strong>V.</strong></span> 
     </span>
     <span class='ocr_line' id='line_1_34' title="bbox 268 3375 945 3439; baseline 0.004 -16"><span class='ocrx_word' id='word_1_249' title='bbox 268 3375 376 3424; x_wconf 61' lang='lat' dir='ltr'><strong>*octauo</strong></span> <span class='ocrx_word' id='word_1_250' title='bbox 387 3376 417 3425; x_wconf 86' lang='lat' dir='ltr'><strong>V.</strong></span> <span class='ocrx_word' id='word_1_251' title='bbox 516 3378 687 3427; x_wconf 65' lang='lat' dir='ltr'><strong>isacusvs.</strong></span> <span class='ocrx_word' id='word_1_252' title='bbox 788 3378 945 3439; x_wconf 65' lang='lat' dir='ltr'><strong>regnove.</strong></span> 
     </span>
    </p>
   </div>
   <div class='ocr_carea' id='block_1_9' title="bbox 267 3507 1370 4538">
    <p class='ocr_par' dir='ltr' id='par_1_15' title="bbox 267 3507 1369 4137">
     <span class='ocr_line' id='line_1_35' title="bbox 299 3507 1366 3571; baseline 0 -16"><span class='ocrx_word' id='word_1_253' title='bbox 299 3520 314 3567; x_wconf 81' lang='lat'><strong><em>3</em></strong></span> <span class='ocrx_word' id='word_1_254' title='bbox 317 3519 340 3570; x_wconf 85' lang='lat'><strong>5.</strong></span> <span class='ocrx_word' id='word_1_255' title='bbox 350 3510 441 3556; x_wconf 74' lang='lat' dir='ltr'><strong>celeste</strong></span> <span class='ocrx_word' id='word_1_256' title='bbox 449 3510 597 3571; x_wconf 77' lang='lat' dir='ltr'><strong>comcendtt]</strong></span> <span class='ocrx_word' id='word_1_257' title='bbox 613 3509 682 3557; x_wconf 88' lang='lat' dir='ltr'><strong>Idem</strong></span> <span class='ocrx_word' id='word_1_258' title='bbox 699 3508 847 3566; x_wconf 61' lang='lat' dir='ltr'><strong>Gctselinua</strong></span> <span class='ocrx_word' id='word_1_259' title='bbox 859 3507 901 3569; x_wconf 87' lang='lat' dir='ltr'><strong>qui</strong></span> <span class='ocrx_word' id='word_1_260' title='bbox 912 3508 1132 3571; x_wconf 80' lang='lat' dir='ltr'><strong>Augustinivitam</strong></span> <span class='ocrx_word' id='word_1_261' title='bbox 1144 3515 1170 3556; x_wconf 89' lang='lat' dir='ltr'><strong>et</strong></span> <span class='ocrx_word' id='word_1_262' title='bbox 1180 3508 1366 3557; x_wconf 78' lang='lat' dir='ltr'><strong>translationem</strong></span> 
     </span>
     <span class='ocr_line' id='line_1_36' title="bbox 267 3572 1368 3636; baseline -0.001 -15"><span class='ocrx_word' id='word_1_263' title='bbox 267 3572 373 3634; x_wconf 84' lang='lat' dir='ltr'><strong>scripsit,</strong></span> <span class='ocrx_word' id='word_1_264' title='bbox 385 3574 483 3636; x_wconf 84' lang='lat' dir='ltr'><strong>scripsit</strong></span> <span class='ocrx_word' id='word_1_265' title='bbox 494 3580 519 3622; x_wconf 91' lang='lat' dir='ltr'><strong>et</strong></span> <span class='ocrx_word' id='word_1_266' title='bbox 530 3573 667 3630; x_wconf 87' lang='lat' dir='ltr'><strong>Laurentii,</strong></span> <span class='ocrx_word' id='word_1_267' title='bbox 680 3573 769 3621; x_wconf 87' lang='lat' dir='ltr'><strong>Melliti</strong></span> <span class='ocrx_word' id='word_1_268' title='bbox 780 3572 927 3620; x_wconf 79' lang='lat' dir='ltr'><strong>stallorum.</strong></span> <span class='ocrx_word' id='word_1_269' title='bbox 962 3574 1018 3621; x_wconf 85' lang='lat' dir='ltr'><strong>Fuit</strong></span> <span class='ocrx_word' id='word_1_270' title='bbox 1033 3573 1075 3621; x_wconf 90' lang='lat' dir='ltr'><strong>ille</strong></span> <span class='ocrx_word' id='word_1_271' title='bbox 1093 3573 1232 3620; x_wconf 74' lang='lat' dir='ltr'><strong>Gctsels&#39;nue</strong></span> <span class='ocrx_word' id='word_1_272' title='bbox 1244 3579 1273 3621; x_wconf 91' lang='lat' dir='ltr'><strong>ut</strong></span> <span class='ocrx_word' id='word_1_273' title='bbox 1287 3574 1368 3620; x_wconf 85' lang='lat' dir='ltr'><strong>obiter</strong></span> 
     </span>
     <span class='ocr_line' id='line_1_37' title="bbox 267 3637 1366 3699; baseline -0.001 -13"><span class='ocrx_word' id='word_1_274' title='bbox 267 3638 357 3698; x_wconf 85' lang='lat' dir='ltr'><strong>dicam,</strong></span> <span class='ocrx_word' id='word_1_275' title='bbox 370 3639 503 3687; x_wconf 81' lang='lat' dir='ltr'><strong>monachus</strong></span> <span class='ocrx_word' id='word_1_276' title='bbox 515 3638 689 3694; x_wconf 80' lang='lat' dir='ltr'><strong>Bertintcnua,</strong></span> <span class='ocrx_word' id='word_1_277' title='bbox 702 3638 743 3699; x_wconf 90' lang='lat' dir='ltr'><strong>qui</strong></span> <span class='ocrx_word' id='word_1_278' title='bbox 755 3637 781 3684; x_wconf 92' lang='lat' dir='ltr'><strong>in</strong></span> <span class='ocrx_word' id='word_1_279' title='bbox 794 3637 910 3699; x_wconf 79' lang='lat' dir='ltr'><strong>Angliam</strong></span> <span class='ocrx_word' id='word_1_280' title='bbox 922 3654 937 3686; x_wconf 90' lang='lat' dir='ltr'><strong>a</strong></span> <span class='ocrx_word' id='word_1_281' title='bbox 949 3653 969 3685; x_wconf 91' lang='lat' dir='ltr'><strong>s.</strong></span> <span class='ocrx_word' id='word_1_282' title='bbox 981 3638 1102 3685; x_wconf 82' lang='lat' dir='ltr'><strong>Anselmo</strong></span> <span class='ocrx_word' id='word_1_283' title='bbox 1113 3638 1231 3685; x_wconf 79' lang='lat' dir='ltr'><strong>Centum.</strong></span> <span class='ocrx_word' id='word_1_284' title='bbox 1243 3645 1366 3695; x_wconf 76' lang='lat' dir='ltr'><strong>evocabas,</strong></span> 
     </span>
     <span class='ocr_line' id='line_1_38' title="bbox 267 3702 1366 3765; baseline -0.002 -14"><span class='ocrx_word' id='word_1_285' title='bbox 267 3703 393 3751; x_wconf 72' lang='lat' dir='ltr'><strong>Ramesses</strong></span> <span class='ocrx_word' id='word_1_286' title='bbox 403 3704 519 3764; x_wconf 87' lang='lat' dir='ltr'><strong>primum,</strong></span> <span class='ocrx_word' id='word_1_287' title='bbox 531 3702 619 3750; x_wconf 91' lang='lat' dir='ltr'><strong>deinde</strong></span> <span class='ocrx_word' id='word_1_288' title='bbox 630 3702 791 3749; x_wconf 77' lang='lat' dir='ltr'><strong>Dcruberniae</strong></span> <span class='ocrx_word' id='word_1_289' title='bbox 803 3702 921 3749; x_wconf 85' lang='lat' dir='ltr'><strong>consedit.</strong></span> <span class='ocrx_word' id='word_1_290' title='bbox 955 3702 1037 3762; x_wconf 82' lang='lat' dir='ltr'><strong>Hujus</strong></span> <span class='ocrx_word' id='word_1_291' title='bbox 1052 3703 1168 3759; x_wconf 79' lang='lat' dir='ltr'><strong>aristonis,</strong></span> <span class='ocrx_word' id='word_1_292' title='bbox 1180 3708 1206 3749; x_wconf 89' lang='lat' dir='ltr'><strong>et</strong></span> <span class='ocrx_word' id='word_1_293' title='bbox 1218 3702 1300 3765; x_wconf 80' lang='lat' dir='ltr'><strong>operis</strong></span> <span class='ocrx_word' id='word_1_294' title='bbox 1314 3716 1366 3749; x_wconf 84' lang='lat' dir='ltr'><strong>me·</strong></span> 
     </span>
     <span class='ocr_line' id='line_1_39' title="bbox 268 3766 1367 3828; baseline -0.001 -14"><span class='ocrx_word' id='word_1_295' title='bbox 268 3767 341 3814; x_wconf 87' lang='lat' dir='ltr'><strong>minit</strong></span> <span class='ocrx_word' id='word_1_296' title='bbox 358 3767 400 3816; x_wconf 92' lang='lat' dir='ltr'><strong>W.</strong></span> <span class='ocrx_word' id='word_1_297' title='bbox 415 3768 503 3816; x_wconf 83' lang='lat' dir='ltr'><strong>Mulm.</strong></span> <span class='ocrx_word' id='word_1_298' title='bbox 523 3768 554 3813; x_wconf 85' lang='lat' dir='ltr'><strong>de</strong></span> <span class='ocrx_word' id='word_1_299' title='bbox 570 3766 646 3815; x_wconf 82' lang='lat' dir='ltr'><strong>Pont.</strong></span> <span class='ocrx_word' id='word_1_300' title='bbox 680 3766 751 3828; x_wconf 72' lang='lat' dir='ltr'><strong>Quod</strong></span> <span class='ocrx_word' id='word_1_301' title='bbox 771 3766 869 3828; x_wconf 82' lang='lat' dir='ltr'><strong>scripsit</strong></span> <span class='ocrx_word' id='word_1_302' title='bbox 886 3767 917 3813; x_wconf 90' lang='lat' dir='ltr'><strong>de</strong></span> <span class='ocrx_word' id='word_1_303' title='bbox 935 3766 1069 3814; x_wconf 86' lang='lat' dir='ltr'><strong>Laurentio</strong></span> <span class='ocrx_word' id='word_1_304' title='bbox 1089 3781 1139 3814; x_wconf 89' lang='lat' dir='ltr'><strong>non</strong></span> <span class='ocrx_word' id='word_1_305' title='bbox 1153 3773 1231 3825; x_wconf 76' lang='lat' dir='ltr'><strong>extat,</strong></span> <span class='ocrx_word' id='word_1_306' title='bbox 1250 3767 1367 3814; x_wconf 87' lang='lat' dir='ltr'><strong>Molanns</strong></span> 
     </span>
     <span class='ocr_line' id='line_1_40' title="bbox 268 3830 1366 3893; baseline 0 -14"><span class='ocrx_word' id='word_1_307' title='bbox 268 3838 349 3880; x_wconf 89' lang='lat' dir='ltr'><strong>autem</strong></span> <span class='ocrx_word' id='word_1_308' title='bbox 361 3833 432 3889; x_wconf 86' lang='lat' dir='ltr'><strong>vidit,</strong></span> <span class='ocrx_word' id='word_1_309' title='bbox 445 3840 470 3880; x_wconf 86' lang='lat' dir='ltr'><strong>et</strong></span> <span class='ocrx_word' id='word_1_310' title='bbox 485 3831 637 3893; x_wconf 80' lang='lat' dir='ltr'><strong>Capgravius</strong></span> <span class='ocrx_word' id='word_1_311' title='bbox 654 3830 814 3879; x_wconf 81' lang='lat' dir='ltr'><strong>abbreviavit.</strong></span> <span class='ocrx_word' id='word_1_312' title='bbox 848 3831 946 3878; x_wconf 88' lang='lat' dir='ltr'><strong>Dicitur</strong></span> <span class='ocrx_word' id='word_1_313' title='bbox 961 3830 1109 3879; x_wconf 83' lang='lat' dir='ltr'><strong>Laurentius</strong></span> <span class='ocrx_word' id='word_1_314' title='bbox 1121 3846 1170 3878; x_wconf 90' lang='lat' dir='ltr'><strong>non</strong></span> <span class='ocrx_word' id='word_1_315' title='bbox 1184 3832 1265 3879; x_wconf 86' lang='lat' dir='ltr'><strong>solum</strong></span> <span class='ocrx_word' id='word_1_316' title='bbox 1281 3831 1366 3879; x_wconf 82' lang='lat' dir='ltr'><strong>literas</strong></span> 
     </span>
     <span class='ocr_line' id='line_1_41' title="bbox 268 3894 1368 3957; baseline 0 -14"><span class='ocrx_word' id='word_1_317' title='bbox 268 3896 392 3957; x_wconf 77' lang='lat' dir='ltr'><strong>scripsisse</strong></span> <span class='ocrx_word' id='word_1_318' title='bbox 403 3898 445 3945; x_wconf 85' lang='lat' dir='ltr'><strong>sed</strong></span> <span class='ocrx_word' id='word_1_319' title='bbox 456 3898 502 3945; x_wconf 89' lang='lat' dir='ltr'><strong>iter</strong></span> <span class='ocrx_word' id='word_1_320' title='bbox 513 3896 587 3943; x_wconf 82' lang='lat' dir='ltr'><strong>etiarn</strong></span> <span class='ocrx_word' id='word_1_321' title='bbox 599 3896 625 3943; x_wconf 87' lang='lat' dir='ltr'><strong>in</strong></span> <span class='ocrx_word' id='word_1_322' title='bbox 638 3894 745 3945; x_wconf 83' lang='lat' dir='ltr'><strong>Scotiam</strong></span> <span class='ocrx_word' id='word_1_323' title='bbox 758 3896 902 3956; x_wconf 85' lang='lat' dir='ltr'><strong>suscepisse,</strong></span> <span class='ocrx_word' id='word_1_324' title='bbox 914 3903 939 3943; x_wconf 89' lang='lat' dir='ltr'><strong>et</strong></span> <span class='ocrx_word' id='word_1_325' title='bbox 955 3897 1075 3957; x_wconf 87' lang='lat' dir='ltr'><strong>synodum</strong></span> <span class='ocrx_word' id='word_1_326' title='bbox 1087 3896 1113 3942; x_wconf 91' lang='lat' dir='ltr'><strong>in</strong></span> <span class='ocrx_word' id='word_1_327' title='bbox 1125 3895 1206 3943; x_wconf 83' lang='lat' dir='ltr'><strong>insula</strong></span> <span class='ocrx_word' id='word_1_328' title='bbox 1217 3897 1322 3944; x_wconf 88' lang='lat' dir='ltr'><strong>Mannia</strong></span> <span class='ocrx_word' id='word_1_329' title='bbox 1332 3902 1368 3943; x_wconf 85' lang='lat' dir='ltr'><strong>te-</strong></span> 
     </span>
     <span class='ocr_line' id='line_1_42' title="bbox 269 3958 1368 4022; baseline 0.001 -15"><span class='ocrx_word' id='word_1_330' title='bbox 269 3960 350 4007; x_wconf 82' lang='lat' dir='ltr'><strong>nuisse</strong></span> <span class='ocrx_word' id='word_1_331' title='bbox 362 3962 392 4008; x_wconf 87' lang='lat' dir='ltr'><strong>ad</strong></span> <span class='ocrx_word' id='word_1_332' title='bbox 404 3976 487 4022; x_wconf 88' lang='lat' dir='ltr'><strong>pacem</strong></span> <span class='ocrx_word' id='word_1_333' title='bbox 499 3958 656 4009; x_wconf 88' lang='lat' dir='ltr'><strong>ecclesiarum</strong></span> <span class='ocrx_word' id='word_1_334' title='bbox 667 3959 847 4019; x_wconf 67' lang='lat' dir='ltr'><strong>stabiliendam,</strong></span> <span class='ocrx_word' id='word_1_335' title='bbox 857 3968 883 4007; x_wconf 89' lang='lat' dir='ltr'><strong>et</strong></span> <span class='ocrx_word' id='word_1_336' title='bbox 894 3959 972 4006; x_wconf 88' lang='lat' dir='ltr'><strong>multa</strong></span> <span class='ocrx_word' id='word_1_337' title='bbox 982 3958 1101 4007; x_wconf 83' lang='lat' dir='ltr'><strong>miracula</strong></span> <span class='ocrx_word' id='word_1_338' title='bbox 1111 3960 1272 4022; x_wconf 83' lang='lat' dir='ltr'><strong>undequaque</strong></span> <span class='ocrx_word' id='word_1_339' title='bbox 1283 3968 1368 4022; x_wconf 83' lang='lat' dir='ltr'><strong>perpe·</strong></span> 
     </span>
     <span class='ocr_line' id='line_1_43' title="bbox 269 4023 1369 4135; baseline 0.001 -64"><span class='ocrx_word' id='word_1_340' title='bbox 269 4032 355 4135; x_wconf 47' lang='lat' dir='ltr'><strong>trgsse,</strong></span> <span class='ocrx_word' id='word_1_341' title='bbox 373 4026 403 4073; x_wconf 88' lang='lat' dir='ltr'><strong>de</strong></span> <span class='ocrx_word' id='word_1_342' title='bbox 422 4025 589 4087; x_wconf 86' lang='lat' dir='ltr'><strong>quibus&#39;nibil</strong></span> <span class='ocrx_word' id='word_1_343' title='bbox 603 4024 632 4073; x_wconf 82' lang='lat' dir='ltr'><strong>in</strong></span> <span class='ocrx_word' id='word_1_344' title='bbox 653 4024 729 4072; x_wconf 85' lang='lat' dir='ltr'><strong>Beda.</strong></span> <span class='ocrx_word' id='word_1_345' title='bbox 771 4024 893 4072; x_wconf 88' lang='lat' dir='ltr'><strong>Memoria</strong></span> <span class='ocrx_word' id='word_1_346' title='bbox 912 4024 964 4085; x_wconf 83' lang='lat' dir='ltr'><strong>ejus</strong></span> <span class='ocrx_word' id='word_1_347' title='bbox 982 4023 1009 4071; x_wconf 89' lang='lat' dir='ltr'><strong>in</strong></span> <span class='ocrx_word' id='word_1_348' title='bbox 1028 4024 1214 4087; x_wconf 80' lang='lat' dir='ltr'><strong>Martyrologiis</strong></span> <span class='ocrx_word' id='word_1_349' title='bbox 1232 4026 1369 4073; x_wconf 81' lang='lat' dir='ltr'><strong>celebratur</strong></span> 
     </span>
     <span class='ocr_line' id='line_1_44' title="bbox 270 4089 1005 4137; baseline 0.003 -1"><span class='ocrx_word' id='word_1_350' title='bbox 270 4103 283 4136; x_wconf 82' lang='lat' dir='ltr'><strong>a</strong></span> <span class='ocrx_word' id='word_1_351' title='bbox 316 4089 366 4136; x_wconf 84' lang='lat' dir='ltr'><strong>ebr.</strong></span> <span class='ocrx_word' id='word_1_352' title='bbox 384 4090 410 4137; x_wconf 89' lang='lat' dir='ltr'><strong>S.</strong></span> <span class='ocrx_word' id='word_1_353' title='bbox 1001 4109 1005 4116; x_wconf 92' lang='lat'>·</span> 
     </span>
    </p>

    <p class='ocr_par' dir='ltr' id='par_1_16' title="bbox 270 4151 1370 4344">
     <span class='ocr_line' id='line_1_45' title="bbox 303 4151 1370 4215; baseline 0.002 -16"><span class='ocrx_word' id='word_1_354' title='bbox 303 4166 345 4212; x_wconf 87' lang='lat'><strong>31.</strong></span> <span class='ocrx_word' id='word_1_355' title='bbox 355 4156 382 4201; x_wconf 81' lang='lat' dir='ltr'><strong>io</strong></span> <span class='ocrx_word' id='word_1_356' title='bbox 393 4153 711 4214; x_wconf 60' lang='lat' dir='ltr'><strong>manneio-ecclesiam]</strong></span> <span class='ocrx_word' id='word_1_357' title='bbox 726 4154 822 4215; x_wconf 81' lang='lat' dir='ltr'><strong>Nempe</strong></span> <span class='ocrx_word' id='word_1_358' title='bbox 834 4152 859 4200; x_wconf 90' lang='lat' dir='ltr'><strong>in</strong></span> <span class='ocrx_word' id='word_1_359' title='bbox 871 4151 1020 4200; x_wconf 86' lang='lat' dir='ltr'><strong>monasterio</strong></span> <span class='ocrx_word' id='word_1_360' title='bbox 1030 4154 1096 4215; x_wconf 84' lang='lat' dir='ltr'><strong>quod</strong></span> <span class='ocrx_word' id='word_1_361' title='bbox 1105 4152 1163 4201; x_wconf 85' lang='lat' dir='ltr'><strong>fecit</strong></span> <span class='ocrx_word' id='word_1_362' title='bbox 1172 4153 1328 4215; x_wconf 80' lang='lat' dir='ltr'><strong>Augustinus</strong></span> <span class='ocrx_word' id='word_1_363' title='bbox 1338 4155 1370 4201; x_wconf 89' lang='lat' dir='ltr'><strong>ad</strong></span> 
     </span>
     <span class='ocr_line' id='line_1_46' title="bbox 270 4216 1369 4279; baseline 0.003 -16"><span class='ocrx_word' id='word_1_364' title='bbox 270 4216 389 4265; x_wconf 83' lang='lat' dir='ltr'><strong>orientem</strong></span> <span class='ocrx_word' id='word_1_365' title='bbox 405 4218 601 4267; x_wconf 84' lang='lat' dir='ltr'><strong>Doruverneusis</strong></span> <span class='ocrx_word' id='word_1_366' title='bbox 613 4218 729 4275; x_wconf 82' lang='lat' dir='ltr'><strong>civitatis,</strong></span> <span class='ocrx_word' id='word_1_367' title='bbox 746 4218 771 4265; x_wconf 86' lang='lat' dir='ltr'><strong>in</strong></span> <span class='ocrx_word' id='word_1_368' title='bbox 783 4231 832 4278; x_wconf 85' lang='lat' dir='ltr'><strong>quo</strong></span> <span class='ocrx_word' id='word_1_369' title='bbox 845 4218 981 4265; x_wconf 80' lang='lat' dir='ltr'><strong>AEdilberct</strong></span> <span class='ocrx_word' id='word_1_370' title='bbox 997 4232 1040 4265; x_wconf 87' lang='lat' dir='ltr'><strong>rex</strong></span> <span class='ocrx_word' id='word_1_371' title='bbox 1056 4216 1116 4266; x_wconf 79' lang='lat' dir='ltr'><strong>fecit</strong></span> <span class='ocrx_word' id='word_1_372' title='bbox 1130 4232 1228 4279; x_wconf 90' lang='lat' dir='ltr'><strong>quoqne</strong></span> <span class='ocrx_word' id='word_1_373' title='bbox 1241 4219 1369 4267; x_wconf 82' lang='lat' dir='ltr'><strong>ecclesiam</strong></span> 
     </span>
     <span class='ocr_line' id='line_1_47' title="bbox 271 4281 1322 4344; baseline 0.002 -16"><span class='ocrx_word' id='word_1_374' title='bbox 271 4295 304 4328; x_wconf 88' lang='lat' dir='ltr'><strong>ss.</strong></span> <span class='ocrx_word' id='word_1_375' title='bbox 316 4281 380 4329; x_wconf 82' lang='lat' dir='ltr'><strong>Petri</strong></span> <span class='ocrx_word' id='word_1_376' title='bbox 391 4287 416 4329; x_wconf 89' lang='lat' dir='ltr'><strong>et</strong></span> <span class='ocrx_word' id='word_1_377' title='bbox 427 4282 510 4330; x_wconf 72' lang='lat' dir='ltr'><strong>Paulis</strong></span> <span class='ocrx_word' id='word_1_378' title='bbox 527 4297 591 4342; x_wconf 85' lang='lat' dir='ltr'><strong>supr.</strong></span> <span class='ocrx_word' id='word_1_379' title='bbox 605 4283 622 4330; x_wconf 82' lang='lat' dir='ltr'><strong>i.</strong></span> <span class='ocrx_word' id='word_1_380' title='bbox 634 4295 673 4344; x_wconf 79' lang='lat'><strong>33.</strong></span> <span class='ocrx_word' id='word_1_381' title='bbox 709 4282 788 4329; x_wconf 87' lang='lat' dir='ltr'><strong>Erant</strong></span> <span class='ocrx_word' id='word_1_382' title='bbox 798 4282 875 4342; x_wconf 74' lang='lat' dir='ltr'><strong>igitur</strong></span> <span class='ocrx_word' id='word_1_383' title='bbox 885 4282 939 4329; x_wconf 74' lang='lat' dir='ltr'><strong>dua</strong></span> <span class='ocrx_word' id='word_1_384' title='bbox 950 4282 1058 4329; x_wconf 79' lang='lat' dir='ltr'><strong>ecclesiae</strong></span> <span class='ocrx_word' id='word_1_385' title='bbox 1069 4282 1095 4328; x_wconf 87' lang='lat' dir='ltr'><strong>in</strong></span> <span class='ocrx_word' id='word_1_386' title='bbox 1108 4283 1154 4330; x_wconf 89' lang='lat' dir='ltr'><strong>hcc</strong></span> <span class='ocrx_word' id='word_1_387' title='bbox 1165 4283 1322 4330; x_wconf 85' lang='lat' dir='ltr'><strong>monasterio.</strong></span> 
     </span>
    </p>

    <p class='ocr_par' dir='ltr' id='par_1_17' title="bbox 269 4344 1369 4473">
     <span class='ocr_line' id='line_1_48' title="bbox 303 4344 1369 4409; baseline 0.004 -17"><span class='ocrx_word' id='word_1_388' title='bbox 303 4356 344 4403; x_wconf 84' lang='lat'><strong>40.</strong></span> <span class='ocrx_word' id='word_1_389' title='bbox 361 4352 520 4407; x_wconf 68' lang='lat' dir='ltr'><strong>susceperant</strong></span> <span class='ocrx_word' id='word_1_390' title='bbox 536 4346 639 4408; x_wconf 67' lang='lat' dir='ltr'><strong>scipta]</strong></span> <span class='ocrx_word' id='word_1_391' title='bbox 661 4347 707 4393; x_wconf 79' lang='lat' dir='ltr'><strong>Ha</strong></span> <span class='ocrx_word' id='word_1_392' title='bbox 725 4345 835 4406; x_wconf 76' lang='lat' dir='ltr'><strong>epistola</strong></span> <span class='ocrx_word' id='word_1_393' title='bbox 853 4344 974 4394; x_wconf 68' lang='lat' dir='ltr'><strong>Bonisadi</strong></span> <span class='ocrx_word' id='word_1_394' title='bbox 985 4346 1027 4392; x_wconf 84' lang='lat' dir='ltr'><strong>Vti</strong></span> <span class='ocrx_word' id='word_1_395' title='bbox 1045 4360 1095 4394; x_wconf 91' lang='lat' dir='ltr'><strong>non</strong></span> <span class='ocrx_word' id='word_1_396' title='bbox 1111 4348 1267 4409; x_wconf 79' lang='lat' dir='ltr'><strong>reperiuntur</strong></span> <span class='ocrx_word' id='word_1_397' title='bbox 1282 4347 1369 4396; x_wconf 83' lang='lat' dir='ltr'><strong>bodie=</strong></span> 
     </span>
     <span class='ocr_line' id='line_1_49' title="bbox 269 4408 1044 4473; baseline 0 -16"><span class='ocrx_word' id='word_1_398' title='bbox 269 4408 374 4457; x_wconf 74' lang='lat' dir='ltr'><strong>fortasse</strong></span> <span class='ocrx_word' id='word_1_399' title='bbox 385 4424 440 4457; x_wconf 89' lang='lat' dir='ltr'><strong>eum</strong></span> <span class='ocrx_word' id='word_1_400' title='bbox 452 4410 507 4457; x_wconf 84' lang='lat' dir='ltr'><strong>eliis</strong></span> <span class='ocrx_word' id='word_1_401' title='bbox 517 4410 676 4458; x_wconf 77' lang='lat' dir='ltr'><strong>Doroberuiae</strong></span> <span class='ocrx_word' id='word_1_402' title='bbox 687 4411 744 4473; x_wconf 78' lang='lat' dir='ltr'><strong>igne</strong></span> <span class='ocrx_word' id='word_1_403' title='bbox 756 4411 898 4470; x_wconf 72' lang='lat' dir='ltr'><strong>absumpta.</strong></span> <span class='ocrx_word' id='word_1_404' title='bbox 955 4440 959 4446; x_wconf 87' lang='lat'>-</span> <span class='ocrx_word' id='word_1_405' title='bbox 1041 4444 1044 4447; x_wconf 80' lang='lat'>-</span> 
     </span>
    </p>

    <p class='ocr_par' dir='ltr' id='par_1_18' title="bbox 304 4472 1165 4538">
     <span class='ocr_line' id='line_1_50' title="bbox 304 4472 1165 4538; baseline 0.002 -17"><span class='ocrx_word' id='word_1_406' title='bbox 304 4488 343 4535; x_wconf 76' lang='lat'><strong>41.</strong></span> <span class='ocrx_word' id='word_1_407' title='bbox 358 4474 501 4537; x_wconf 71' lang='lat' dir='ltr'><strong>Bonifatio]</strong></span> <span class='ocrx_word' id='word_1_408' title='bbox 519 4474 567 4523; x_wconf 82' lang='lat' dir='ltr'><strong>Hic</strong></span> <span class='ocrx_word' id='word_1_409' title='bbox 579 4472 722 4523; x_wconf 76' lang='lat' dir='ltr'><strong>bonifacius</strong></span> <span class='ocrx_word' id='word_1_410' title='bbox 732 4474 795 4522; x_wconf 76' lang='lat' dir='ltr'><strong>Vtus</strong></span> <span class='ocrx_word' id='word_1_411' title='bbox 806 4473 862 4532; x_wconf 80' lang='lat' dir='ltr'><strong>fuit,</strong></span> <span class='ocrx_word' id='word_1_412' title='bbox 873 4475 906 4522; x_wconf 87' lang='lat' dir='ltr'><strong>ab</strong></span> <span class='ocrx_word' id='word_1_413' title='bbox 915 4475 952 4523; x_wconf 86' lang='lat' dir='ltr'><strong>A.</strong></span> <span class='ocrx_word' id='word_1_414' title='bbox 961 4476 994 4523; x_wconf 84' lang='lat'><strong>1).</strong></span> <span class='ocrx_word' id='word_1_415' title='bbox 1005 4474 1054 4538; x_wconf 80' lang='lat'><strong>619</strong></span> <span class='ocrx_word' id='word_1_416' title='bbox 1066 4476 1097 4523; x_wconf 90' lang='lat' dir='ltr'><strong>ad</strong></span> <span class='ocrx_word' id='word_1_417' title='bbox 1108 4473 1165 4537; x_wconf 80' lang='lat'><strong>625.</strong></span> 
     </span>
    </p>
   </div>
   <div class='ocr_carea' id='block_1_10' title="bbox 0 0 1574 5125">
    <p class='ocr_par' dir='ltr' id='par_1_19' title="bbox 0 0 1574 5125">
     <span class='ocr_line' id='line_1_51' title="bbox 0 0 1574 5125; baseline 0 0"><span class='ocrx_word' id='word_1_418' title='bbox 0 0 1574 5125; x_wconf 95' lang='lat' dir='ltr'><strong> </strong></span> 
     </span>
    </p>
   </div>
  </div>
 </body>
</html>
