3100 5125
265 322 328 384 ua
588 319 824 384 merorum
847 317 1025 384 neonus.
1270 316 1448 379 111.18-
1534 290 1536 295 ’

678 531 786 596 OAP.
815 531 952 595 XVIII.

489 635 535 692 De
546 637 604 692 vito
618 637 662 692 vel
672 645 758 693 morte
770 637 894 712 relipiosr‘
905 639 980 712 repis
994 632 1141 711 Sipbcrcti.

103 733 218 793 sigberct
310 729 373 793 Hrs
393 729 589 814 temporibus
608 751 706 815 regno
725 731 934 796 Orientalium
956 731 988 794 A
1032 725 1144 806 lorum,
1166 734 1241 812 post
1263 727 1367 810 Earp-

104 813 155 845 “¹¹
266 815 396 880 ualdum
422 815 577 880 Redualdi
603 837 824 893 successorem,
846 817 992 902 Sigberct
1027 822 1116 879 rator
1137 815 1204 897 ejus
1226 813 1364 897 praefuit,
1376 840 1412 872 πο

267 903 361 965 homo
375 902 477 964 bonus
491 923 529 964 ac
546 901 730 986 religiosus:
755 902 809 986 qui
825 902 944 965 dudum
958 902 991 964 in
1007 899 1121 973 Gallia,
1137 900 1214 962 dum
1233 898 1365 961 inimici-

266 985 330 1051 tias
346 985 501 1050 Redualdi
516 986 638 1071 fugiens
653 988 806 1064 enudaret,
822 987 983 1051 lavacrum
996 985 1147 1070 baptismi
1162 983 1315 1068 percepit,
1332 991 1367 1047 et

289 1072 405 1136 atriam
419 1093 571 1148 reversus,
588 1072 641 1135 ubi
656 1094 754 1158 regno
768 1073 890 1156 potitus
904 1081 964 1148 est,
979 1091 1055 1134 mox
1069 1093 1108 1135 ea
1122 1069 1242 1154 quaein
1254 1069 1367 1132 Galliis

266 1095 348 1221 bene
362 1156 516 1240 disposita
530 1157 609 1220 vidit
629 1156 747 1234 imitari
770 1158 908 1243 cupiens,
924 1155 1064 1221 instituit
1086 1155 1226 1219 scholam
1246 1155 1280 1216 in
1302 1177 1368 1238 qua

267 1242 357 1327 pueri
372 1242 473 1306 literis
488 1243 707 1306 erudirentur:
727 1245 860 1327 juvante
880 1265 915 1307 se
934 1244 1081 1328 episcopo
1097 1241 1202 1304 Felice
1217 1263 1311 1324 quem
1326 1241 1368 1302 de

268 1328 383 1393 (lautia
394 1335 571 1412 acceperat,
584 1328 689 1412 eisque
700 1330 892 1415 paedagogos
906 1351 944 1392 ac
958 1327 1128 1413 magistros
1140 1329 1236 1411 juxta
1246 1348 1368 1389 morem
1376 1349 1410 1398 25

269 1413 513 1478 Omrtuariorum
527 1415 698 1497 praebente.

313 1500 513 1582 Tantumque
528 1521 586 1563 rex
599 1499 650 1562 ille
665 1498 799 1572 caelestis
818 1499 908 1584 regni
928 1506 1054 1562 amator
1067 1496 1172 1561 factus
1189 1503 1248 1574 est,
1266 1503 1304 1561 ut
1325 1496 1370 1559 ad

268 1584 414 1649 ultimum
428 1584 547 1648 relictis
561 1583 650 1669 regni
664 1584 810 1669 negotiis,
826 1593 860 1648 et
879 1591 1016 1670 cognato
1034 1604 1091 1647 suo
1106 1583 1260 1668 hEcgrice
1281 1604 1366 1645 com-

267 1670 433 1746 mendatis,
450 1669 503 1754 qui
518 1677 551 1733 et
565 1679 661 1734 autea
675 1676 801 1754 partem
815 1671 956 1754 ejusdem
969 1668 1058 1754 regni
1077 1669 1219 1744 tenebat,
1231 1669 1370 1732 intraret

267 1756 494 1820 monasterium
519 1755 604 1839 quod
626 1755 686 1818 sibi
709 1757 838 1832 fecerat,
865 1761 963 1839 atque
991 1757 1132 1839 accepta
1150 1759 1283 1818 tonsura
1308 1775 1368 1837 pro

267 1847 388 1906 aetemo
402 1841 503 1926 magis
517 1862 615 1938 regno
629 1841 765 1904 militare
780 1846 916 1918 curaret.
935 1926 942 1940 ⁹
961 1840 1054 1920 Quod
1073 1837 1150 1902 dum
1168 1841 1268 1902 multo
1283 1847 1365 1902 tem-

269 1927 817 2097 ttftfftfattflntttff
827 1926 1143 2096 blfdtsstdtt
1159 1925 1414 2093 ssdaiinlt³⁰

270 2095 434 2160 inferiores
443 2096 476 2158 in
484 2096 566 2160 bello
575 2095 720 2160 hostibus
729 2097 956 2180 conspicerent,
966 2102 1158 2182 rogaverunt
1168 2096 1371 2181 Sigberctum

270 2181 313 2246 ad
327 2181 577 2244 confirmandum
590 2181 723 2246 militem
737 2203 844 2245 secum
857 2182 964 2246 venire
983 2182 1016 2244 in
1034 2180 1186 2278 pqaelium.
1232 2181 1291 2243 Illo
1314 2203 1371 2242 no-

271 2267 357 2330 lente
372 2289 409 2330 ac
425 2267 673 2345 contradicente,
686 2266 820 2331 invitum
834 2267 1040 2331 imonasterio
1051 2272 1199 2330 eruentes
1208 2267 1372 2329 duxerunt

271 2352 305 2416 in
320 2359 490 2430 certamen,
501 2359 666 2436 sperantes
681 2352 785 2416 minus
799 2352 923 2417 animos
937 2353 1074 2416 militum
1084 2352 1253 2436 trepidare,
1265 2351 1372 2414 minus

271 2443 429 2522 praesente
448 2438 527 2502 duce
542 2439 701 2522 quondam
722 2438 939 2502 strenuissimo
960 2445 994 2502 et
1015 2438 1130 2502 eximio
1150 2457 1243 2522 posse
1262 2438 1295 2499 fu
1337 2454 1413 2502 mes

209 2585 213 2591 .
269 2523 427 2589 meditari.
481 2523 545 2589 Sed
573 2524 640 2609 ipse
669 2523 871 2609 professionis
900 2546 966 2589 suae
996 2545 1060 2588 non
1089 2523 1262 2601 immemor,
1292 2459 1372 2586 dim

271 2610 391 2695 optimo
406 2618 490 2676 esset
507 2610 641 2675 vallatus
661 2610 811 2688 exercitu,
828 2611 952 2673 nonnisi
967 2610 1089 2696 virgam
1103 2614 1232 2675 tantum
1253 2610 1374 2673 habere

400 2732 416 2769 h
430 2731 540 2791 Ergrtro
551 2732 580 2779 V.
838 2732 844 2769 ¹
857 2734 963 2779 moltam
976 2734 1006 2779 dr
1016 2733 1164 2778 monasterio
1177 2725 1239 2777 V.G.

308 2840 344 2888 19.
359 2828 409 2875 Hir
421 2828 579 2889 tenporibus]
594 2828 656 2875 Vide
668 2836 751 2876 notam
765 2830 796 2875 ad
808 2828 834 2874 ii.
847 2839 885 2889 15.
899 2828 923 2875 S.

304 2892 335 2937 ib.
357 2891 522 2941 Orientalium
537 2894 687 2954 Aaronem]
709 2894 790 2940 FInita
805 2892 974 2939 conversionis
989 2892 1248 2955 Nordaubyrubrorum
1270 2892 1374 2939 historia

188 2952 191 2958 '
271 2955 316 3003 sub
332 2957 429 3017 regibus
442 2957 559 3013 AEduino‚
573 2958 691 3018 Osualdo,
704 2958 782 3005 Gaulo
793 2964 819 3004 et
829 2957 925 3004 Osuino
938 2973 954 3005 a
965 2958 989 3003 ii.
1003 2970 1041 3016 15.
1053 2958 1084 3004 ad
1095 2958 1142 3005 boc
1152 2967 1229 3018 usque
1240 2965 1322 3017 caput,
1335 2972 1374 3004 re-

272 3020 347 3067 sumit
356 3020 408 3080 jam
420 3020 487 3067 Beda
499 3022 563 3080 quod
575 3022 682 3068 restabat
693 3022 723 3069 de
734 3022 894 3069 conversione
906 3022 1003 3069 Orient.
1015 3022 1157 3083 Anglorum.
1171 3023 1194 3068 S.

306 3098 344 3132 co.
357 3085 443 3145 bonus]
460 3086 487 3132 ln
500 3085 524 3131 ii.
540 3096 575 3145 15.
593 3087 745 3133 doctissimus
761 3086 859 3144 dicitur,
871 3093 955 3147 utpote
970 3086 1012 3147 qui
1029 3088 1055 3133 in
1072 3086 1153 3133 Gallis
1168 3087 1295 3134 doctorum
1314 3101 1374 3133 con-

272 3150 412 3205 versati0ne
429 3148 583 3197 familiariter
601 3164 659 3196 usus
677 3158 736 3209 erat,
755 3156 781 3197 et
798 3158 895 3197 mutuas
913 3165 969 3197 cum
986 3150 1114 3199 Desiderio
1131 3151 1281 3199 Cadurceusi
1297 3154 1374 3211 episc.

273 3213 473 3273 transscripsit,
486 3228 546 3275 quoe,
559 3215 692 3261 secuudum
703 3215 826 3273 Piraeeum,
839 3216 902 3275 apud
916 3215 1043 3263 Helvetios
1058 3217 1083 3261 ln
1100 3225 1205 3263 monast.
1219 3231 1239 3263 s.
1251 3214 1319 3261 Galli
1330 3231 1373 3262 ex-

273 3286 325 3324 tare
337 3276 457 3324 dicuntur.
477 3278 501 3325 S.

307 3355 346 3388 ur.
358 3343 512 3403 inimicitius]
534 3342 589 3389 Fuit
604 3342 668 3389 enim
682 3342 795 3403 sigberct
805 3343 880 3390 frater
892 3350 987 3389 tantum
1006 3344 1117 3391 uterinus
1135 3342 1276 3404 Earpualdi,
1290 3352 1316 3391 et
1333 3358 1376 3403 per

273 3404 390 3533 invgggam
403 3420 417 3452 a
429 3407 515 3453 vitrico
527 3421 583 3467 rege
594 3408 619 3453 ln
632 3407 744 3455 exsilium
758 3414 835 3454 aetus.
846 3407 872 3454 S.
893 3407 964 3455 conf.
978 3408 1039 3455 flor.
1051 3408 1108 3469 Vlg.
1116 3408 1248 3469 Genealog.
1256 3408 1374 3469 OaAug.

305 3533 339 3581 ib.
357 3535 384 3581 in
406 3534 624 3595 Gallia-firgs'ena
640 3534 762 3596 emtluret]
786 3535 906 3582 Indicium
923 3544 1016 3597 quanta
1032 3536 1106 3583 fuerit
1123 3535 1241 3583 Redvaldi
1258 3544 1374 3597 potestas.

274 3598 346 3647 Cous.
358 3598 458 3659 sapuit.
472 3613 485 3659 5
497 3616 502 3645 t
521 3605 546 3645 et
556 3600 622 3647 Flcr.
634 3600 689 3661 Vig.
702 3600 835 3660 Genealog.
848 3616 872 3660 p.
882 3598 938 3661 689.

306 3676 345 3725 ²3·
362 3664 481 3723 achatem]
502 3662 585 3711 Plures
602 3664 641 3711 hic
658 3670 753 3723 ponunt
769 3664 864 3711 scholas
881 3664 990 3711 bistorIoi
1003 3664 1041 3711 W.
1056 3664 1142 3711 Malm.
1155 3664 1220 3712 Flor.
1233 3664 1312 3713 Huut.
1327 3678 1376 3727 prr·

273 3730 336 3783 loeo,
355 3730 497 3789 opportunis
513 3729 576 3775 locis.
611 3728 658 3775 Sed
676 3728 745 3775 Beda
761 3729 791 3774 de
808 3743 858 3775 uno
874 3736 969 3776 tantum
987 3728 1106 3789 loquitur,
1124 3729 1149 3775 in
1167 3744 1215 3789 qus
1231 3739 1311 3789 roepta
1328 3728 1375 3777 fult

275 3792 412 3839 scholarum
431 3791 562 3846 institutio,
575 3798 600 3839 et
616 3792 642 3837 ln
654 3807 702 3852 qua
715 3792 862 3839 eminentIor
878 3794 998 3853 apparuit
1032 3793 1071 3841 De
1083 3793 1120 3840 bis
1131 3794 1187 3840 vide
1199 3808 1275 3853 pauca
1286 3794 1311 3840 in
1326 3799 1376 3855 Ap·

273 3857 345 3915 pend.
358 3856 391 3903 N.
403 3871 444 3903 xv.
461 3853 534 3915 [xia]
551 3856 575 3903 S.
612 3857 691 3903 Immo
704 3856 799 3903 multa:
820 3856 853 3902 ibi
872 3857 937 3903 enim
956 3857 1036 3904 Smitb
1053 3857 1128 3918 louge
1143 3858 1307 3917 disputatione
1323 3874 1374 3905 rem

274 3920 341 3967 illam
350 3926 438 3968 mactet
448 3934 501 3981 qua
512 3920 570 3966 olim
580 3927 636 3967 acta
646 3928 684 3967 est
694 3920 724 3968 de
735 3920 925 3968 Academiarum
933 3922 1080 3983 antiquitate
1088 3922 1151 3969 luter
1158 3922 1375 3980 Cantabrigiensrs

274 3990 300 4030 et
309 3983 473 4031 Osculanses.
508 3984 537 4029 Iu
550 3984 595 4030 hoc
606 3991 729 4031 certamen
740 3985 890 4032 descendant
898 3986 939 4046 qni
949 3986 1052 4032 volunt:
1071 3986 1185 4046 equidem
1196 3986 1295 4033 mallem

501 4044 587 4095 τούτου
597 4045 641 4107 μὲν
652 4049 741 4097 καπνοῦ
751 4048 789 4097 aul
801 4049 903 4109 κύματος
914 4050 984 4099 ἐκτὸς
995 4048 1086 4111 ἐέργειν

507 4114 558 4169 νῆα.
1083 4115 1131 4162 Οᾱ.
1144 4112 1176 4173 μ’.
1187 4125 1242 4174 219.

277 4175 325 4221 Sed
342 4176 475 4222 notandum
493 4177 556 4223 banc
573 4177 763 4233 lustitutmnem,
775 4178 838 4225 sicut
855 4186 954 4226 cataras
970 4192 1066 4239 quoque
1082 4178 1153 4239 hujus
1171 4178 1289 4239 temporis
1305 4180 1378 4226 dieri-

276 4239 366 4299 pliuas,
377 4240 407 4286 de
419 4240 507 4288 Gamla
519 4241 543 4287 in
556 4242 617 4289 alias
628 4248 709 4301 partes
721 4242 817 4303 Anglia
828 4244 948 4303 profectas
960 4257 1029 4290 esse:
1047 4242 1160 4291 cantiam
1171 4257 1230 4290 vero
1246 4243 1302 4290 illes
1319 4259 1375 4291 rura

277 4302 324 4349 fide
336 4303 475 4351 Christiana
486 4304 612 4365 plerasque
624 4320 639 4352 a
651 4306 731 4353 Roma
742 4308 871 4367 accepisse.

310 4365 349 4412 28.
361 4370 546 4430 nonasterium]
562 4370 590 4415 ln
606 4369 795 4418 Bedriolrsuurde
806 4371 877 4419 bodie
889 4386 908 4419 s.
921 4370 1119 4433 Edmundsbury.
1142 4371 1232 4419 Thom.
1245 4372 1338 4419 Eliens.
1351 4372 1376 4419 io

278 4429 372 4477 Vitas.
386 4432 532 4480 AEdildritae.
545 4434 569 4479 S.
604 4433 835 4494 Betryctesworde,
847 4437 913 4497 qaod
926 4450 995 4483 auae
1008 4451 1027 4482 r.
1041 4434 1222 4483 Eadmuadum
1239 4439 1376 4499 appellant,

277 4493 386 4543 Thomas
398 4496 490 4543 Eliens.
503 4497 528 4543 iu
543 4496 616 4558 Angl.
629 4496 697 4545 Sacr.
709 4497 725 4544 i.
739 4512 762 4559 p.
773 4509 828 4561 595.
