3100 5125
1530 94 1536 351 l

290 371 355 434 282
436 372 441 382 '
615 366 847 433 HISTORIAE
871 366 1048 433 EOOLES.
1352 367 1398 431 V.
1418 388 1465 450 19.
1532 386 1536 541 q

288 522 390 588 traria
407 526 533 606 gerunt,
547 520 727 604 multosque
741 540 851 583 eorum
865 517 919 603 qui
935 516 1192 583 Occidentalibus
1207 516 1392 582 Senonibus

288 606 408 671 subditi
422 612 515 670 erant
530 606 705 681 Brittones,
720 606 763 669 ad
777 604 966 669 catholicam
981 603 1140 667 Dominici
1238 604 1288 667 hae
1308 605 1391 668 cele-
1533 606 1536 737 Ι

287 692 466 757 brationem
488 692 582 775 hujus
595 690 731 754 lectione
743 689 905 776 perduxit.
953 688 1086 773 Scripsit
1101 696 1135 752 et
1171 688 1391 775 evirginitatc

287 778 403 841 librum
421 776 579 851 eximium,
596 798 690 860 quem
709 776 742 839 in
762 774 941 860 exemplum
956 774 1074 839 Sedulii
1095 773 1258 859 geminato
1278 797 1388 859 opere,

289 870 323 927 et
338 862 480 926 versibus
495 861 697 938 hexametris,
714 868 748 926 et
769 882 865 946 prosa
886 860 1073 944 composuit.
1118 860 1252 944 Scripsit
1268 868 1303 924 et
1323 861 1390 925 alia
1402 881 1429 929 ¹5

289 948 447 1022 nonnulla,
470 954 583 1033 utpote
605 946 653 1010 vir
675 948 892 1030 undecumque
918 944 1136 1009 doctissimus:
1166 966 1242 1009 narn
1264 952 1297 1009 et
1323 968 1390 1009 scr-

287 1055 382 1098 mone
395 1032 525 1111 nitidus,
540 1040 574 1097 et
590 1032 835 1117 scripturarum,
854 1038 892 1094 ut
914 1030 990 1107 dixi,
1011 1037 1079 1094 tam
1100 1030 1275 1094 liberalium
1290 1054 1391 1115 quam

127 1118 573 1186 ll·1>·⁷⁰9·ecclesiasticarum
601 1125 672 1183 erat
699 1116 877 1181 eruditione
906 1116 1077 1180 mirandus.
1131 1116 1201 1196 Quo
1227 1116 1390 1193 defuncto,

126 1220 236 1269 uomet
289 1203 528 1290 ''pontificatum
550 1225 609 1305 pro
631 1226 670 1267 eo
689 1202 828 1288 suscepit
847 1201 1008 1279 Fortheri,
1024 1201 1078 1285 qui
1100 1222 1199 1285 usque
1221 1202 1315 1265 hodie
1337 1224 1391 1265 su·

127 1286 243 1334 ”⁰⁰⁰⁶st
289 1297 416 1375 perest;
440 1291 536 1354 viret
550 1312 618 1374 1pse
632 1289 665 1351 in
677 1288 851 1373 Scripturis
865 1287 984 1351 sanctis
999 1287 1132 1351 multum
1148 1286 1299 1351 eruditus.

130 1385 237 1447 [was
246 1384 278 1447 a]
334 1376 456 1456 Quibus
470 1375 686 1460 episcopatum
699 1372 998 1438 administrantibus
1012 1379 1170 1437 statutum
1180 1379 1231 1435 est
1244 1372 1391 1456 synodadi
1402 1388 1465 1449 204

126 1475 211 1523 sum.
223 1462 429 1537 Sudecreto,
449 1468 487 1525 ut
508 1458 669 1545 provincia
690 1459 890 1523 Australium
913 1459 1083 1534 Saxonum,
1100 1480 1170 1542 quae
1192 1464 1325 1523 eatenus
1346 1459 1393 1523 ad

126 1538 263 1599 epuoepus.
290 1546 428 1611 civitatis
443 1546 612 1622 Ventanae,
628 1546 678 1609 cui
692 1552 769 1609 tuno
786 1544 923 1607 Danihel
944 1550 1090 1628 praeerat,
1113 1542 1297 1627 parochiam
1319 1566 1393 1627 per-

290 1632 423 1708 tinebat,
452 1640 488 1696 et
515 1630 586 1716 ipso
614 1632 722 1695 sedem
750 1629 961 1715 episcopalem
989 1652 1028 1693 ao
1061 1628 1224 1713 proprium
1255 1629 1392 1693 haberet

128 1731 257 1780 mcum
289 1716 488 1802 episcopum:
512 1724 776 1800 consecratusque
793 1723 842 1779 est
858 1715 904 1779 eis
923 1713 1043 1799 primus
1065 1714 1200 1778 antistes
1215 1715 1390 1790 Eadberct,

290 1803 344 1887 qui
367 1810 438 1867 erat
459 1803 560 1867 abbas
581 1802 766 1867 monasterii
787 1802 891 1865 beatae
913 1800 1073 1864 memoriae
1089 1799 1218 1863 Vilfn'di
1237 1800 1415 1885 episeopis

127 1902 208 1952 ron».
290 1889 376 1972 quod
390 1888 507 1952 dicitur
517 1889 693 1953 cSelseseu:
718 1909 781 1971 quo
796 1887 954 1961 defuncte,
967 1886 1080 1949 ‘¹Eolla
1094 1886 1235 1970 suscepit
1249 1884 1391 1949 officium

289 1973 503 2059 pontificatus.
548 1974 624 2059 Ipso
638 1980 747 2037 autem
760 1979 837 2036 ante
851 1972 973 2055 aliquot
987 1992 1087 2034 annos
1102 1993 1142 2034 ex
1156 1970 1216 2035 hac
1232 1972 1300 2035 luce
1315 1972 1390 2035 sub-

290 2066 405 2136 tracto,
422 2059 623 2144 episcopatus
638 2080 737 2143 usque
751 2058 846 2122 hodie
861 2056 1005 2121 cessavit.

723 2225 833 2289 OAP.
856 2225 960 2290 XIX.

294 2326 332 2385 Ut
348 2328 464 2385 Coiared
475 2326 653 2392 Merciorum,
670 2337 697 2385 et
718 2328 783 2402 Offa
805 2328 983 2386 Orientalium
1004 2329 1140 2387 Serenum
1162 2339 1228 2385 erer
1247 2330 1275 2385 in
1296 2349 1390 2386 monu-

331 2409 406 2465 cliico
427 2409 519 2466 babitu
541 2410 650 2467 '‘Romae
669 2411 753 2465 citum
769 2411 915 2483 finiet-inm
940 2419 967 2466 et
987 2412 1020 2466 de
1039 2412 1096 2467 vito
1116 2410 1160 2466 cel
1179 2411 1253 2467 obita
1275 2410 1391 2486 Vilfridi
1403 2418 1433 2452 ¹0

331 2508 458 2565 episcopi.

127 2601 268 2663 Α.1).7ο9
346 2593 442 2655 Auno
467 2598 576 2656 autem
598 2591 721 2676 imperii
746 2592 859 2656 Osredi
886 2599 1011 2677 quarto,
1038 2592 1183 2669 Ooinred,
1208 2592 1261 2677 qui
1291 2615 1326 2656 re
1371 2615 1391 2656 o

128 2666 241 2714 ⁰⁰⁵⁰*
292 2677 487 2742 Merciorum
504 2677 696 2741 nobilissime
709 2684 854 2762 tempore
873 2679 1037 2762 aliquanto
1059 2679 1239 2778 praefuerat,
1255 2679 1329 2741 nobi
1344 2678 1391 2741 'us

280 2764 392 2830 multo
413 2763 504 2849 regni
526 2769 677 2847 recepta
699 2763 837 2846 reliquit.
892 2763 975 2827 Nam
1000 2773 1086 2828 vemt
1112 2765 1255 2840 Romam,
1284 2763 1391 2848 ibique

292 2850 457 2927 adtonsus,
483 2849 705 2934 pontificatum
732 2848 871 2913 habente
901 2849 1120 2927 Constantino,
1150 2871 1188 2914 ao
1216 2850 1392 2914 monachus

323 3005 515 3067 hspite-opaeum
526 3003 556 3051 V.
623 3002 731 3050 esem
742 3002 771 3050 V.
847 3005 959 3052 “Cestio
969 3003 1000 3051 V.
1075 3015 1172 3066 ‘reges
1183 3004 1212 3052 V.
1282 3005 1392 3053 rtatim

291 3070 370 3116 odom
382 3067 413 3115 V.
478 3074 603 3130 trreptrc
613 3070 688 3127 regni
698 3067 728 3113 V.

332 3195 369 3244 1⁶.
383 3197 758 3258 Summarum-moratam]
789 3196 835 3244 lle
854 3197 979 3258 scriptura
999 3205 1057 3246 sunt
1074 3198 1117 3260 qui
1137 3205 1257 3246 vocantur
1277 3205 1392 3247 auctores

279 3261 402 3308 ¹classici:
419 3262 483 3310 sicut
493 3264 567 3311 etism
578 3263 635 3310 intr.
649 3276 689 3309 co.
722 3262 771 3308 Sed
782 3269 807 3309 ct
818 3261 892 3318 inira,
905 3275 945 3320 υ,
962 3264 1092 3326 scriptam·
1106 3265 1273 3311 eeclesiastico
1287 3264 1390 3312 diversa

292 3333 349 3373 sunt
361 3340 374 3373 s
387 3327 519 3386 Scripturis
529 3327 613 3375 meris.

214 3445 218 3451 ⁵
327 3389 364 3438 18.
377 3391 503 3452 chltm]
523 3390 700 3452 Subscripsisse
710 3391 811 3450 lingitur
823 3391 1024 3439 Bneesnceldensi
1036 3391 1139 3439 concilio
1151 3407 1190 3440 nn.
1204 3395 1250 3456 798
1262 3395 1354 3444 habito.
1364 3413 1388 3446 x.

263 3461 268 3468 '
292 3454 381 3516 Script.
391 3469 462 3502 2211.
486 3455 748 3516 Spelm.(lon.i.317.
783 3455 822 3502 Er
838 3455 956 3516 appositis
972 3471 1030 3503 vero
1046 3455 1126 3516 hujus,
1143 3457 1264 3516 Danielis,
1277 3466 1303 3508 et
1316 3463 1390 3510 Acce

279 3519 433 3566 ‘nominibus
444 3519 486 3579 qui
497 3520 539 3568 diu
552 3528 608 3567 ante
619 3519 740 3577 obierunt,
752 3526 849 3565 constat
864 3520 915 3567 huc
926 3528 981 3568 scta
992 3535 1045 3568 esse
1055 3521 1145 3580 spurio.
1181 3523 1245 3571 Huic
1258 3524 1389 3574 lioretusld

292 3583 359 3630 misit
369 3584 506 3644 epistolem,
513 3600 566 3646 qus
576 3591 614 3631 est
622 3586 653 3645 58
664 3585 729 3630 inter
738 3584 855 3644 epistolas
867 3586 893 3631 S.
902 3584 1031 3633 Bonifacii.
1058 3585 1105 3632 An.
1114 3597 1159 3648 737
1170 3601 1224 3634 cum
1237 3588 1390 3650 Frithogitbs

291 3647 498 3758 mest-Saxonum
515 3651 602 3710 regino
618 3650 739 3710 profectus
755 3655 794 3695 est
811 3649 924 3696 Romam.
945 3648 1002 3697 Chr.
1015 3651 1071 3698 Sar.
1089 3651 1157 3714 [Sed]
1171 3651 1272 3700 Westm.
1291 3654 1390 3702 sithoc

331 3720 382 3758 tum
395 3727 436 3759 sn.
449 3714 503 3774 738.
521 3713 546 3761 S.

327 3782 485 3824 namtarum
503 3777 549 3838 est]
578 3777 717 3825 Secundum
736 3777 840 3824 Westm.
857 3793 897 3824 cn.
915 3789 959 3839 ⁷¹¹
978 3779 1143 3840 episcopatum
1162 3780 1391 3831 administrantibus

292 3839 439 3888 Dentete‘et
456 3841 580 3901 Fortberi;
597 3855 646 3888 uon
657 3857 723 3901 vero,
736 3849 764 3888 ut
774 3842 865 3902 Spelm.
878 3843 975 3890 ridetur
985 3845 1047 3892 Con.
1058 3844 1075 3891 i.
1089 3857 1144 3905 209,
1156 3845 1300 3896 aldhelmo:
1316 3862 1390 3909 quem

287 3903 340 3964 jam
352 3905 494 3953 defunctum
507 3906 574 3954 Beda
586 3907 631 3953 hoo
644 3907 697 3952 loco
708 3907 800 3953 diserte
810 3913 920 3954 testatur.
939 3908 964 3954 S.
997 3907 1106 3956 Willsins
1116 3909 1132 3954 i.
1147 3923 1170 3970 p.
1184 3919 1222 3972 7ο.

325 3982 348 4029 3.
355 3969 509 4031 pertinebat]
530 3971 613 4031 Qum
625 3971 743 4031 pertinuit
753 3970 818 4028 ride,
830 3970 862 4018 iv.
876 3981 913 4032 15.
932 3972 957 4018 S.

326 4033 480 4095 5.Selaeseu]
505 4034 568 4082 Vide
579 4034 661 4094 ir.i3.
679 4037 704 4082 S.

328 4111 365 4144 11.
383 4098 497 4159 Coinred]
525 4098 641 4146 vulfheri
657 4099 776 4160 filiosqui
792 4100 908 4147 AEdilredi
926 4100 1005 4162 patrui
1023 4103 1161 4163 exemplum
1180 4112 1275 4153 secutus
1293 4105 1345 4166 ipse
1363 4106 1389 4154 in

293 4162 439 4209 monachum
452 4176 478 4209 se
489 4163 575 4210 Ηοωω
591 4165 694 4223 confert,
710 4165 849 4212 miserando
866 4166 951 4212 militis
967 4165 1034 4213 exitu
1052 4167 1160 4216 maxime
1177 4177 1348 4230 compunctus,
1360 4171 1392 4219 de

292 4227 403 4288 quovids
410 4242 435 4274 v.
448 4240 484 4288 13.
495 4227 595 4275 Multus.
604 4229 635 4275 de
643 4228 705 4289 lieg.
713 4229 730 4275 i.
739 4243 763 4283 4.
775 4229 822 4276 An.
832 4229 886 4290 708.
897 4230 964 4278 dedit
975 4245 1040 4278 mon.
1051 4232 1179 4280 Eveshnm.
1194 4234 1311 4281 llamton.
1320 4235 1391 4282 Mon.

294 4291 366 4352 Angl.
377 4291 405 4338 ii.
416 4293 473 4354 852.
512 4292 589 4340 Dedit
598 4293 673 4340 etium
685 4308 705 4340 s.
718 4294 816 4355 Egnino
828 4293 868 4351 84
881 4309 979 4342 mensos
990 4295 1015 4341 in
1029 4296 1120 4344 ambitu
1132 4297 1180 4345 loci
1190 4298 1231 4359 qui
1244 4299 1391 4346 lletheholm

293 4355 355 4402 nlius
367 4357 498 4403 AEtbemue
509 4357 607 4405 dicitnr.
630 4358 679 4405 Lel.
693 4358 795 4406 collect.
807 4359 824 4405 i.
835 4372 891 4422 299.
909 4360 934 4407 S.

328 4432 366 4481 ¹3·
381 4420 550 4482 Constantino]
575 4422 624 4470 liic
641 4421 740 4470 oudone
756 4423 844 4486 Syrus,
856 4424 983 4471 ordinatus
999 4432 1037 4472 est
1053 4425 1092 4472 die
1105 4439 1134 4487 ²5
1149 4427 1239 4475 mensis
1251 4427 1335 4476 Martii
1348 4443 1389 4475 an.

294 4482 351 4610 pop,
368 4490 394 4594 gt
409 4485 536 4533 ecclesiam
556 4487 620 4534 rexit
637 4487 774 4535 Romanum
793 4502 869 4548 usquc
886 4489 998 4559 sddiem
1015 4496 1127 4538 octavam
1146 4491 1236 4540 mensis
1247 4492 1337 4554 Aprilis
1351 4507 1391 4540 an.

312 4561 322 4594 1
342 4579 350 4594 .
388 4581 395 4595 .
