3100 5125
481 322 645 387 GENTIS
668 322 939 387 ANGLORUM.
1199 316 1263 384 9265

163 466 288 556 singula
311 495 445 558 quaeque
470 475 542 538 loca
567 475 738 539 dedicaret.
785 475 849 538 Sed
875 478 909 538 et
934 472 997 538 alia
1022 473 1170 557 perplura
1192 495 1262 558 quac

163 558 248 621 tanti
264 561 371 644 operis
385 561 548 646 negotium
563 562 736 644 quaerebat,
752 561 802 623 vel
817 559 860 623 ibi
875 558 1005 635 discere,
1021 559 1070 624 vel
1091 558 1165 621 inde
1182 559 1263 624 acci-

164 664 241 725 pere
255 645 415 730 cupiebat.
460 645 499 708 In
514 646 628 730 quibus
643 647 789 710 omnibus
803 667 875 709 cum
893 645 942 708 sui
956 644 1022 708 voti
1037 665 1165 729 compos
1180 652 1264 709 esset
1273 653 1342 702 redit
1358 673 1362 689 =

165 728 305 808 effectus,
322 733 364 796 ad
378 732 616 816 praedicandum
630 731 735 795 rediit.

123 835 158 881 ⁴0
210 817 281 898 Quo
302 824 446 902 tempore
469 819 585 882 fratres
600 817 654 901 qui
676 823 769 880 erant
794 817 827 879 iu
849 815 961 880 Fresia
980 815 1068 880 verbi
1089 814 1264 879 ministerio
1274 824 1402 874 Suidberct

165 902 348 987 mancipati,
363 904 528 989 elegerunt
542 925 582 966 ex
596 925 654 966 suo
668 925 800 966 numero
815 901 916 965 virum
929 903 1110 966 modestum
1124 901 1264 966 moribus
1273 891 1408 1002 fflffl·

165 994 200 1052 et
215 995 415 1052 mansuetum
431 989 527 1052 corde
540 989 764 1053 Suidberctum
775 987 828 1072 qui
843 987 889 1050 eis
900 987 1104 1052 ordinaretur
1118 987 1263 1063 antistes,
1333 988 1341 1002 '

166 1096 260 1158 quem
274 1072 467 1138 Brittaniam
489 1073 684 1138 destinatum
705 1074 748 1138 ad
769 1073 956 1158 petitionem
978 1095 1087 1137 eorum
1107 1073 1266 1137 ordinavit

165 1159 437 1224 reverentissimus
449 1159 565 1244 Villrid
579 1159 753 1244 episcopus,
769 1159 824 1244 qui
838 1165 915 1223 tunc
929 1159 1013 1224 forte
1034 1158 1140 1244 patria
1156 1159 1265 1243 pulsus
1275 1172 1295 1217 Α
1304 1171 1409 1221 vtttfido

86 1254 153 1317 194
166 1245 199 1308 in
224 1244 418 1310 Mercioium
440 1245 622 1331 regionibus
645 1246 804 1309 exulabat.
853 1244 926 1307 Non
950 1244 1035 1308 enim
1057 1267 1096 1308 eo
1121 1237 1408 1328 temporeadina‘u·

166 1331 307 1395 habebat
335 1331 517 1416 episcopum
543 1330 668 1408 cantia,
694 1332 844 1395 defuncto
870 1331 997 1415 quidem
1023 1330 1181 1406 Thodoro‚
1209 1330 1265 1393 sed

166 1418 302 1480 necdum
316 1416 508 1481 Beretualdo
523 1438 701 1480 successore
715 1415 850 1501 ejusqui
864 1423 954 1481 trans
968 1437 1056 1480 mare
1071 1414 1264 1480 ordinandus

167 1501 259 1580 ierat,
275 1502 318 1566 ad
332 1502 440 1566 sedem
454 1502 655 1587 episcopatus
669 1502 718 1566 sui
732 1523 868 1566 reverso.

212 1587 274 1668 Qui
297 1588 443 1653 videlicet
466 1587 635 1652 Suidberct
656 1594 790 1672 accepto
815 1586 1012 1672 episcopatu,
1037 1587 1077 1650 de
1104 1584 1266 1651 Brittania
1275 1595 1312 1643 Ad
1324 1594 1407 1643 Boruc

143 1684 340 1760 tregressus
356 1696 420 1736 non
434 1674 534 1737 multo
548 1680 623 1758 post
636 1673 679 1736 ad
695 1680 825 1759 gentem
840 1673 1110 1736 Boructuarorum
1124 1671 1264 1750 secessit,
1275 1666 1357 1774 iffi:
1369 1673 1408 1708 ’θ’

166 1783 207 1824 ac
221 1759 339 1823 multos
352 1780 463 1824 eorum
476 1759 678 1844 praedicando
693 1761 735 1824 ad
750 1759 833 1823 viam
848 1757 991 1822 veritatis
1005 1756 1164 1842 perduxit.
1202 1741 1289 1822 Sedc

167 1845 360 1930 expugnatis
373 1867 437 1908 non
453 1845 507 1908 lon
568 1852 643 1930 post
662 1852 805 1929 tempore
820 1843 1026 1907 Boructuaris
1040 1866 1061 1908 a
1074 1850 1170 1928 gente
1185 1842 1266 1907 auti-

168 1953 304 2015 quorum
320 1931 491 2006 Saxonum,
529 1930 641 2015 ispersi
662 1938 738 1995 sunt
756 1929 897 2015 quolibet
916 1929 950 1991 hi
967 1928 1022 2028 qui
1037 1930 1168 1994 verbum
1182 1951 1266 1993 rece-

167 2014 1267 2186 tdlalt?attunt..·t¹¹³l'¹ttfftdtt¹¹l.tt⁹ltntt

130 2187 220 2251 tonis
236 2124 400 2252 ibeinsula
422 2187 560 2273 quadam
581 2126 694 2264 Rheni,
710 2124 788 2272 ἕψω
810 2187 918 2272 lingua
939 2207 1048 2250 eorum
1070 2197 1202 2250 vocatur
1223 2187 1266 2250 Iu
1316 2173 1318 2177 ¹

168 2274 289 2338 littore:
319 2273 354 2336 in
376 2297 440 2360 qua
462 2273 539 2358 ipse,
562 2278 747 2337 constructo
776 2271 970 2336 monasterio
999 2273 1084 2371 quod
1113 2272 1267 2336 hactenus

169 2359 312 2424 baeredes
337 2361 405 2446 ejus
434 2359 606 2459 possident,
628 2358 812 2457 aliquandiu
841 2357 1146 2424 continentissimam
1168 2358 1268 2443 gessit

170 2444 278 2522 vitam,
293 2445 400 2530 ibique
414 2446 498 2509 diem
512 2443 626 2508 clausit
640 2444 797 2508 ultimum.

294 2632 300 2641 ,
404 2580 603 2643 tenequevo.
746 2577 975 2628 1Btutumaev.

202 2714 243 2759 41.
261 2699 446 2763 Suidbcrctum]
471 2702 612 2750 Secundum
630 2700 910 2750 Pseudo-Marcellinum
930 2707 1002 2748 natus
1017 2706 1054 2747 cst
1070 2699 1225 2748 Suidberctus
1241 2701 1268 2747 iu

169 2765 295 2825 provincie
316 2766 554 2829 Nordenhymbranc
576 2782 606 2814 cx
628 2766 771 2827 parentibus
792 2765 932 2827 Sigebcrcto
952 2765 1039 2811 comite
1060 2765 1220 2825 Nortingrani
1243 2771 1269 2813 et

169 2829 262 2876 Bertbu
273 2830 411 2887 comitium
428 2830 619 2891 quintodecimo
630 2832 710 2879 aetatis
726 2845 791 2878 anno
809 2828 983 2877 monasterium
997 2829 1139 2876 Becrdaneu
1156 2829 1267 2888 intravit,

168 2893 1268 3021 tatuit}:ttattenuebanttttt..¹tt”.:tt:tt“³tirtel?

169 3036 244 3085 suco,
255 3022 379 3083 vitemque
391 3031 489 3072 mortuo
499 3025 683 3081 restituentem
704 3025 746 3072 sed
755 3024 816 3071 fides
825 3024 864 3070 vix
875 3024 1035 3070 videturesse
1045 3022 1182 3070 adhibenda
1192 3023 1278 3071 histo-¹

169 3087 214 3135 rite
224 3095 284 3147 quot
294 3087 376 3145 lineis,
388 3088 438 3137 lere
448 3096 486 3138 tot
496 3089 619 3137 erroribus
630 3089 732 3137 referte.
750 3088 776 3135 S.

204 3166 244 3213 43.
256 3153 393 3213 mutuavit]
421 3153 551 3201 suidberct
561 3154 688 3202 ordinetur
698 3160 737 3201 est
747 3167 813 3200 auno
824 3150 881 3214 693.
894 3150 1024 3199 Beretuuld
1042 3153 1150 3200 noudum
1163 3166 1269 3203 reverso.

169 3217 218 3264 Sed
228 3216 386 3265 Marcellinus
396 3233 452 3265 eum
465 3234 504 3267 un.
514 3216 570 3280 695.
583 3218 723 3265 ordinatum
735 3226 827 3276 narret,
836 3225 862 3264 ct
873 3217 927 3263 ideo
939 3216 975 3263 uit
985 3232 1000 3264 a
1009 3216 1113 3264 vilfrido
1125 3217 1200 3264 fuisse
1211 3231 1269 3264 con-

164 3287 303 3338 secratum,
314 3282 371 3342 quia
382 3282 503 3344 Ecgberct
514 3282 707 3343 archiepiscopus
718 3284 792 3330 Ebor.
805 3281 873 3343 gravi
885 3280 971 3327 morbo
985 3280 1127 3329 laborabam
1148 3281 1269 3329 Batonius

171 3359 229 3393 vero
240 3345 267 3392 iu
278 3345 324 3393 buc
335 3360 362 3392 re
373 3361 423 3393 non
435 3362 538 3407 ecquem
550 3347 721 3395 Marcellinum
733 3360 804 3408 quem
818 3344 947 3393 incaeteris
959 3359 1008 3393 non
1020 3347 1079 3393 satis
1090 3346 1167 3407 perite
1177 3344 1269 3393 execti·

170 3410 216 3463 bit,
229 3410 303 3457 alium
316 3410 434 3458 rationem
448 3413 548 3472 profert,
561 3427 594 3459 sc.
604 3412 662 3472 qnia
673 3411 762 3459 Vilfrid
774 3412 823 3458 fuit
833 3410 972 3471 apostolica
988 3411 1052 3458 sedis
1063 3411 1165 3473 legatus.
1200 3411 1268 3457 Mur·

171 3474 255 3521 cellini
266 3475 363 3535 quidem
377 3476 440 3523 ratio
451 3475 523 3536 plane
533 3476 596 3523 falsa
607 3483 654 3531 cet,
665 3476 723 3537 quia
735 3476 855 3536 Ecgbcrct
866 3482 925 3525 tuuc
939 3487 987 3521 non
1005 3482 1058 3523 erat
1074 3472 1269 3535 archiepiscopus

171 3538 246 3587 Ebot.
259 3548 284 3586 et
295 3539 396 3587 Βατοηίἱ
407 3554 456 3587 non
473 3542 512 3589 cst
527 3540 587 3588 rufis
603 3540 705 3601 liquida,
718 3555 775 3587 uam
788 3540 807 3586 sl
816 3540 907 3588 Centia
918 3546 970 3586 tram
982 3538 1122 3601 episcopum
1134 3538 1268 3595 habuisset,

171 3602 366 3652 eiBerctucldut
382 3605 413 3651 cd
429 3606 510 3653 sedem
524 3613 719 3663 reverentem,
730 3604 783 3662 ille,
796 3612 825 3651 ut
835 3618 866 3651 cx
877 3604 923 3651 boc
934 3603 1005 3650 Beda
1016 3603 1070 3651 loco
1080 3604 1187 3661 videtur,
1197 3603 1269 3651 Suid-

170 3667 281 3715 berctum
294 3677 466 3717 musemeeoet.
484 3671 510 3717 S.

205 3732 229 3780 8.
236 3732 389 3794 Blitluydae]
403 3733 465 3794 Quae
474 3733 504 3782 ab
513 3734 568 3781 eliis
579 3733 728 3781 Plectbrudis
740 3732 777 3780 rel
790 3732 925 3780 plectrudis
933 3737 1041 3779 vocatur.
1061 3730 1116 3778 viu
1126 3730 1267 3781 &nubunt

172 3796 262 3844 Cbrcu.
275 3797 403 3859 Fmdegar.
416 3798 471 3845 Rer.
484 3798 549 3845 Gall.
561 3796 678 3857 Scriptor.
690 3811 713 3844 v.
725 3796 751 3844 it.
764 3798 809 3843 &c

207 3875 244 3908 ιο.
253 3862 416 3922 mommio]
436 3863 509 3924 Quod
518 3862 657 3910 construxit
667 3861 694 3908 iu
705 3860 764 3908 villa
775 3860 828 3921 eiua
838 3859 925 3907 inculte
936 3858 1027 3905 Werdc
1037 3859 1103 3907 dicte
1113 3859 1139 3906 ln
1150 3858 1269 3908 honorem

171 3925 195 3973 b.
207 3924 232 3973 vi
262 3925 377 3973 ‚Marta
395 3927 419 3973 S.

207 3939 327 4037 effrem
338 3991 438 4051 clausit]
463 3989 553 4038 Breues
570 3990 717 4037 Frcuccnrm
736 3986 838 4036 annales
854 3987 885 4035 ab
895 3988 997 4037 Audrea
1009 3986 1049 4035 Du
1061 3986 1268 4039 chesnebrut.

171 4053 281 4101 Francic.
292 4053 441 4115 Scriptorum
454 4054 513 4101 editi
525 4056 556 4102 ad
568 4069 608 4102 an.
620 4063 674 4115 713.
686 4053 733 4101 istc
747 4053 853 4101 habente
870 4051 999 4114 Depositio
1010 4051 1143 4100 Sultberthi
1155 4052 1269 4114 episcopi.

169 4117 438 4166 PseudoMcrcellinus
448 4118 538 4167 obiisse
548 4118 618 4166 illurn
636 4118 710 4165 uadit
721 4132 761 4164 cu.
774 4127 830 4179 717.
842 4116 888 4165 cal.
902 4117 976 4165 Mart.
992 4117 1052 4165 teria
1063 4123 1140 4175 sexte,
1158 4116 1216 4164 bora
1230 4131 1269 4167 rc.

171 4182 262 4230 Verum
275 4183 320 4229 boc
330 4197 406 4243 teque,
418 4198 446 4230 uc
457 4184 572 4245 pleraque
583 4183 632 4229 ulia
648 4189 701 4229 toto
714 4181 757 4229 illc
771 4196 855 4241 opere,
867 4180 1003 4229 infeliciter.
1039 4180 1137 4228 Etenim
1149 4181 1192 4227 illo
1204 4195 1270 4228 anno

170 4246 240 4308 cyclo
253 4246 311 4295 solis
321 4246 362 4305 26,
375 4247 411 4295 lit.
422 4249 488 4295 dom.
502 4248 532 4306 C,
550 4262 599 4295 nou
616 4246 643 4293 in
660 4246 747 4294 feriam
763 4252 868 4301 sexum.
880 4247 922 4293 scd
939 4245 963 4294 iu
982 4245 1113 4293 secundem
1132 4245 1271 4293 inciderunt

170 4311 256 4359 Martii
274 4312 320 4360 cul.
354 4310 388 4360 Et
406 4320 527 4374 repugnat
543 4328 597 4373 qute
614 4311 659 4359 sub
676 4311 776 4358 nomine
796 4324 817 4359 s.
833 4310 939 4371 liudgeri
956 4308 1062 4370 episcopi
1083 4310 1218 4370 composita
1232 4317 1271 4357 eet

169 4375 282 4437 epistola.
316 4377 382 4424 Nem
399 4391 452 4436 cap.
465 4391 484 4425 t.
497 4377 534 4425 cit
550 4391 642 4424 annum
658 4390 673 4422 c
689 4382 740 4423 nat.
752 4376 827 4422 Dcm.
841 4375 896 4435 748.
913 4374 987 4421 fuisse
1004 4374 1153 4422 tricesimum
1168 4374 1270 4422 tertium

169 4450 227 4499 post
236 4440 355 4489 celebrem
366 4442 499 4490 taccitum
510 4440 659 4490 muisdmi
669 4440 784 4488 Suiberti.
807 4440 878 4487 Unde
889 4446 1030 4499 sequeretur
1041 4452 1107 4485 euno
1117 4448 1171 4501 715.
1181 4437 1271 4486 obiisse

168 4505 240 4568 cyclo
251 4505 311 4553 solis
323 4520 364 4565 24,
376 4506 414 4555 lit.
424 4506 492 4555 dom.
503 4506 533 4565 Ρ,
545 4520 574 4555 cc
589 4512 648 4554 tuuc
658 4504 756 4566 quidem
767 4504 815 4553 ccl.
826 4503 912 4553 Martii
923 4503 1024 4552 fuerunt
1034 4496 1095 4552 letis
1106 4504 1129 4553 b.
1153 4506 1201 4553 An.
1213 4504 1270 4563 804.

213 4590 312 4633 BAEDA.
701 4590 727 4630 Μ
741 4590 774 4629 m
