3100 5125
119 323 193 387 -3.
514 309 679 374 enanis
701 310 973 374 ANGLORUM.
1010 371 1012 375 ,
1255 314 1293 375 ll

195 466 265 524 est:
300 464 437 528 secundo
462 464 572 548 praelio
597 486 670 528 cum
694 486 811 550 magno
840 484 969 528 suorum
995 463 1174 529 discrimine
1197 464 1296 530 victor

195 544 362 613 Brittanos
384 548 417 611 in
433 549 542 634 fugam
558 550 674 615 vertit:
699 550 773 615 inde
794 551 837 614 ad
858 550 976 613 flumen
997 548 1171 613 ¹Tamesim
1193 564 1296 635 mpro-

154 644 184 691 35
194 630 306 696 lectus.
351 634 390 697 In
410 634 506 719 hujus
523 636 674 700 ulteriore
692 634 764 720 ripa
780 636 1025 701 Oassobellauno
1040 636 1128 713 duce,
1143 634 1296 701 immensa
1313 693 1316 698 .

193 716 334 781 hostium
362 720 535 784 multitudo
563 722 759 797 consederat,
789 720 954 805 ripamque
981 718 1119 783 fluminis
1144 742 1186 784 ac
1215 742 1296 805 pene

193 808 300 866 totum
323 806 382 868 sub
408 828 493 889 aqua
515 807 632 870 vadum
661 806 852 870 acutissimis
882 806 1012 869 sudibus
1041 812 1292 890 praestruxerat:

194 909 329 970 quarum
356 891 492 976 vestigia
520 892 646 955 sudium
674 891 794 955 ibidem
822 912 922 975 usque
953 891 1047 955 hodie
1076 890 1230 967 visuntur,
1261 900 1295 958 et

192 972 320 1038 videtur
333 975 586 1060 inspectantibus
598 978 683 1061 quod
698 976 828 1062 singulae
841 998 950 1040 earum
964 977 1006 1040 ad
1020 977 1150 1039 modum
1164 977 1294 1041 humani

192 1057 466 1145 femorisgrossae,
483 1070 516 1126 et
538 1062 733 1126 circumfusae
753 1062 883 1147 plumbo
903 1061 1106 1125 immobiliter
1126 1070 1241 1126 nerant
1260 1063 1292 1125 in

139 1150 182 1215 43
192 1145 384 1227 protundum
397 1148 535 1211 fluminis
548 1147 670 1211 infixae:
696 1148 781 1232 quod
796 1148 850 1211 ubi
865 1170 886 1211 a
900 1146 1052 1211 Romanis
1064 1147 1293 1233 deprehensum

191 1251 229 1292 ac
243 1230 381 1295 vitatum
395 1240 453 1309 est,
470 1233 606 1297 Barbari
621 1233 780 1331 legionum
794 1232 947 1317 impetum
966 1255 1029 1296 non
1044 1232 1192 1307 ferentes,
1208 1232 1293 1298 silvis

189 1336 259 1379 sese
273 1317 453 1395 ⁰obdidere,
465 1320 549 1382 unde
559 1320 678 1382 crebris
689 1318 919 1402 irruptionibus
931 1318 1091 1382 Romanos
1103 1318 1244 1403 graviter
1254 1342 1292 1383 ac

189 1422 274 1486 saepe
303 1404 496 1468 lacerabant.
553 1405 681 1468 Interea
711 1404 942 1468 'trinovantum
969 1402 1150 1467 firmissima
1179 1404 1291 1469 civitas

188 1506 261 1549 cum
279 1488 445 1574 Androgio
465 1490 545 1553 duce
562 1489 647 1553 datis
668 1488 881 1573 quadraginta
906 1488 1069 1551 obsidibus
1085 1489 1203 1554 Caesari
1223 1511 1291 1554 sese

188 1572 317 1637 ¹’deditt
334 1576 419 1659 quod
434 1576 612 1659 exemplum
627 1582 744 1639 secutae
760 1575 854 1637 urbes
868 1573 938 1638 aliae
954 1574 1130 1657 complures
1142 1574 1175 1636 in
1186 1575 1291 1643 foedus

164 1656 406 1724 ⁵Romanorum
426 1668 590 1724 venerunt.
636 1660 753 1724 Iisdem
778 1658 1080 1736 demonstrantibus,
1105 1659 1213 1723 Oaesar
1236 1682 1290 1745 op

187 1741 293 1808 ridum
309 1746 545 1812 Oassobellauni
562 1746 647 1810 inter
658 1747 738 1809 duas
752 1745 884 1830 paludes
895 1744 1002 1820 situm,
1015 1745 1150 1812 obtentu
1161 1744 1290 1829 insuper

187 1827 337 1894 silvarum
350 1830 519 1907 munitum,
535 1831 744 1915 omnibusque
757 1832 853 1895 rebus
867 1829 1141 1905 confertissimum,
1157 1831 1288 1895 tandem

186 1914 276 1998 gravi
299 1930 429 2001 upugna
455 1917 549 2002 cepit.
595 1917 680 1979 Exin
705 1917 814 1983 Oaesar
837 1939 858 1981 a
883 1914 1061 1979 rBrittania
1086 1936 1229 1979 reversus
1254 1916 1288 1979 in

188 1998 332 2079 Galliam,
351 2011 521 2087 postquam
541 2002 681 2102 legiones
702 2002 736 2064 in
757 2002 892 2065 hiberna
911 2000 1007 2077 misit,
1029 2000 1202 2085 repentinis
1224 2003 1287 2065 bel-

185 2084 289 2149 lorum
303 2088 493 2153 tumultibus
507 2089 647 2173 undique
661 2088 892 2153 circumventus
908 2093 942 2153 et
956 2085 1158 2152 conflictatus
1173 2093 1232 2152 est.

147 2247 179 2287 ro
638 2222 745 2287 OAP.
769 2222 834 2286 Ill.

189 2308 227 2367 Ut
246 2312 362 2367 eamdem
382 2313 512 2368 mmndas
529 2312 712 2368 Romanorum
729 2311 861 2381 Claudius
878 2312 980 2376 adiens,
998 2310 1122 2367 Orcadas
1142 2310 1223 2365 etium
1245 2310 1287 2366 in·

225 2392 301 2447 sulas
313 2392 436 2448 Romano
450 2394 581 2465 adjecerit
594 2393 715 2467 imperio.
758 2391 859 2447 Sedet
878 2392 1057 2467 Vespasianus
1075 2390 1107 2445 ab
1127 2408 1157 2445 ee
1175 2391 1283 2454 misens,

229 2470 338 2528 Vestam
352 2491 454 2547 quoqne
467 2472 581 2529 insulam
594 2474 726 2529 Romanis
739 2472 897 2529 subdiderit.

225 2548 322 2613 Auno
335 2558 444 2615 autem
463 2552 505 2615 ab
522 2551 614 2615 Urbe
627 2549 757 2615 condita
776 2548 1058 2636 septingentesimo
1077 2548 1282 2634 nonagesimo
1291 2560 1416 2612 claudias.

144 2641 311 2701 ¹5⁸octavo
338 2637 488 2701 Olaudius
517 2637 699 2724 imperator,
730 2637 772 2701 ab
805 2639 951 2722 Augusto
981 2641 1122 2742 quartus,
1153 2635 1282 2719 cupiens

214 2762 377 2810 lTumensim
391 2765 463 2812 MSS.
475 2771 535 2812 vett.
666 2775 690 2805 m
697 2765 827 2827 prefertur
838 2771 882 2822 est,
896 2779 966 2826 quem
979 2779 1028 2810 ann
1040 2770 1139 2810 tantuna
1151 2765 1200 2810 tono
1212 2765 1283 2812 vadis

181 2829 380 2875 transmeabilem
385 2829 479 2890 ferant
490 2829 519 2876 V.
532 2837 557 2877 et
568 2829 679 2877 Orosius.
733 2849 737 2858 ·
785 2840 801 2868 ¹1
812 2831 924 2876 literram
936 2829 996 2876 V.G.
1093 2837 1112 2882 ‚⁰
1123 2828 1239 2875 abdidere
1250 2829 1281 2876 V.

180 2893 297 2939 eredidit
308 2893 337 2941 V.
420 2895 506 2941 atella
518 2897 546 2940 V.
637 2904 649 2932 r
661 2895 817 2949 Brittannis,
828 2895 901 2954 njis,
911 2907 941 2940 ex
953 2892 1134 2940 abbreviatione
1145 2892 1281 2952 primorum

180 2955 291 3004 codicum
304 2957 334 3005 V.
466 2969 478 2998 ε
489 2973 553 3006 neno
563 2959 617 3006 Par.
626 2961 728 3020 septimo
738 2965 821 3006 Antw.
831 2965 857 3006 et
867 2958 921 3006 Col.
933 2958 987 3004 edd.

180 3061 270 3109 tumuli
286 3062 361 3110 etiam
378 3062 459 3110 iocum
476 3064 608 3111 ostendunt
624 3063 655 3110 ad
671 3063 706 3110 nl.
720 3064 795 3110 Stour
807 3062 880 3124 juata
891 3062 1010 3110 Cirillram.
1045 3061 1169 3108 Lelandus
1181 3076 1212 3111 ex
1224 3061 1278 3110 Vct

179 3126 270 3174 Chrou.
290 3128 365 3174 tradit
383 3127 527 3188 Labienum,
545 3127 562 3174 i.
580 3142 602 3175 e.
621 3127 764 3184 Laberium,
784 3129 891 3175 occisum
912 3127 984 3188 juxta
1004 3126 1181 3174 Chcstonwood
1204 3141 1279 3188 prope

178 3191 300 3238 Rhoffam.
314 3193 339 3239 S.
373 3193 449 3239 Error
460 3206 508 3239 non
523 3192 594 3240 Beda
605 3199 651 3248 est,
664 3194 705 3238 sed
719 3192 813 3246 Orosii.
826 3192 867 3254 qui
880 3191 1014 3240 Labienum
1033 3205 1076 3252 pro
1089 3191 1192 3244 Laberio
1203 3191 1279 3252 scrip.

178 3255 218 3303 sit.
252 3257 364 3303 Eundem
376 3271 482 3303 errorem
494 3256 567 3304 habet
578 3257 716 3304 Cbronicon
729 3258 885 3306 Saxonicum.

209 3319 249 3379 36.
259 3320 378 3382 Sadibne]
395 3321 513 3382 Aquibus
524 3322 612 3369 vadum
625 3321 700 3384 Cory
711 3322 794 3368 stakes
802 3322 874 3382 juxta
885 3320 970 3368 Lalam
981 3320 1122 3368 Cambdeno
1133 3319 1276 3380 appellatur.

176 3384 250 3446 Quod
262 3399 319 3431 vero
331 3387 433 3432 Orosius
445 3385 520 3434 tradit
531 3386 632 3433 fluvium
646 3386 701 3434 Une
710 3392 809 3433 tantum
821 3389 870 3433 tono
880 3385 1087 3442 transmeatum,
1096 3384 1122 3430 in
1131 3399 1160 3430 eo
1169 3393 1276 3432 erratum

175 3463 230 3496 esse
241 3456 345 3506 constat,
358 3465 413 3497 cum
431 3457 542 3498 auctores
558 3451 679 3511 indigente
691 3457 728 3498 tot
742 3451 805 3497 rada
818 3449 906 3496 Caesari
919 3448 1064 3509 conjecturis
1076 3449 1126 3496 suis
1138 3449 1276 3508 subpedita.

175 3513 263 3571 verint,
284 3513 475 3573 Brentfordiam,
500 3515 674 3575 Kingstonam,
697 3515 859 3569 chemeium,
882 3513 1094 3575 Weliugfordiam.
1128 3512 1210 3574 Quare
1232 3528 1277 3561 nec

176 3579 296 3638 reperitur
311 3579 362 3626 haec
377 3579 487 3627 clausula
501 3579 526 3626 in
542 3581 615 3626 MSS.
629 3580 708 3627 Beda.
743 3580 790 3627 Sed
801 3580 857 3626 vide
869 3579 963 3626 Aliredi
975 3578 1039 3638 regis
1051 3577 1164 3638 Paraphr.
1176 3578 1233 3627 Sax.
1246 3579 1277 3625 ad

175 3641 240 3689 bunc
256 3643 338 3690 locum
356 3643 449 3691 Orosii.
461 3645 486 3692 S.
521 3644 577 3691 Vid.
595 3644 690 3692 Hasted
708 3644 772 3692 Hist.
792 3643 868 3705 Kent,
885 3659 907 3705 p.
922 3645 971 3690 aiv.
989 3642 1143 3704 Arclraeolog.
1158 3642 1174 3688 i.
1186 3643 1239 3702 184.
1252 3651 1277 3693 et

174 3704 253 3769 (quod
263 3707 345 3754 verius
356 3708 403 3770 est)
419 3709 444 3755 ii.
456 3721 509 3767 141.

207 3782 248 3832 37.
259 3787 367 3833 qnannm
376 3776 491 3833 nesngr'a,
503 3789 580 3834 usque
591 3774 622 3820 ad
633 3772 724 3832 injieoe.
758 3773 818 3820 Hac
830 3772 898 3820 Beda
908 3772 939 3820 de
952 3786 996 3820 suo
1014 3770 1114 3830 addidit,
1130 3769 1192 3816 nihil
1208 3769 1274 3817 enim

174 3835 248 3895 hrrjus
259 3837 325 3883 modi
334 3837 408 3884 habet
418 3837 523 3885 Orosius
533 3856 540 3885 x
559 3839 663 3884 tortasse
679 3852 693 3885 e
710 3837 838 3885 Nothelmi
854 3837 1004 3893 narratione,
1016 3851 1030 3883 a
1041 3849 1089 3896 quo
1103 3833 1169 3880 Beda
1181 3848 1209 3880 ea
1221 3849 1275 3896 qua

174 3900 206 3946 ad
217 3899 260 3946 has
271 3901 370 3962 Anglia
381 3910 463 3962 partes
474 3903 580 3950 attinent
589 3903 690 3962 accepit.

207 3978 231 4025 3.
245 3965 381 4028 Androgio]
396 3966 571 4014 Mandubratio
583 3968 643 4017 Caes.
659 3967 686 4014 B.
695 3969 725 4015 G.
737 3967 811 4014 lib.v.
827 3966 890 4028 [aa]
928 3965 1021 4012 Mandu
1036 3964 1062 4010 in
1077 3961 1161 4011 multis
1172 3962 1274 4011 vocibus

171 4031 302 4088 reperitur,
315 4030 489 4092 Veromandui,
500 4031 697 4091 Cartismandua,
717 4031 933 4084 Manduessedum,
945 4027 1092 4086 Mandubii3
1109 4034 1134 4075 et
1147 4027 1211 4075 forte
1221 4029 1272 4075 An-

172 4093 260 4154 drcgio
270 4104 411 4156 comuptum
424 4111 439 4142 a
451 4096 632 4158 Mandubrogio
642 4096 707 4157 quod
719 4096 817 4156 utrique
829 4094 923 4141 nomini
932 4093 1042 4154 proxime
1054 4091 1154 4140 accedit.
1166 4093 1190 4140 S.
1217 4097 1272 4140 An·

172 4158 287 4218 dragonis
298 4158 402 4206 Orosius
415 4160 576 4220 Havercamp.

206 4236 229 4283 5.
240 4225 355 4284 oppidum
367 4225 558 4286 Cassetellanni]
573 4224 740 4272 Verulamium
753 4224 829 4272 inisse
841 4229 949 4284 putatur,
961 4222 1033 4271 hodie
1044 4223 1068 4269 S.
1078 4221 1178 4269 Albana.
1203 4223 1233 4270 ln
1242 4237 1272 4269 ea

172 4286 273 4347 regione
284 4288 374 4345 Cassii,
387 4303 492 4350 quorum
504 4291 587 4337 Caesar
598 4289 721 4344 meminit,
732 4296 780 4337 eta
791 4289 879 4350 quibus
890 4287 952 4336 sorte
964 4287 1169 4334 Cassobeliannus
1181 4301 1270 4333 nomen

172 4351 274 4412 accepit,
292 4352 360 4400 sedes
377 4368 433 4401 suas
451 4354 596 4402 babuerunt.
629 4354 698 4414 Quas
714 4354 809 4401 fabulas
825 4353 880 4400 huic
897 4352 1088 4400 cassobellauno
1104 4358 1129 4399 et
1145 4352 1271 4413 androgio

172 4415 295 4464 assuerint
305 4425 428 4466 nostrates
437 4418 555 4479 historici,
564 4418 620 4466 vide
631 4418 652 4466 si
663 4417 730 4466 lubet
740 4417 805 4466 Gali.
818 4418 888 4465 Mna.
899 4424 924 4464 et
937 4417 1014 4465 Math.
1025 4417 1128 4466 Westm.
1141 4415 1166 4466 S.

206 4481 280 4528 CAP.
290 4479 325 4528 11
326 4481 357 4544 1.]
374 4483 429 4531 lloc
440 4484 514 4532 etiam
525 4490 599 4544 caput
609 4483 698 4532 Oresio
709 4483 809 4531 debetur
824 4483 876 4544 [rii.
887 4481 921 4543 6.]
937 4483 961 4529 S.

697 4548 749 4608 ca
