3100 5125
467 358 631 424 GENTIS
655 357 927 425 ANeLonUM.
1179 362 1246 431 129

143 509 393 595 provinciaer
409 509 566 576 Hibernia
579 511 723 597 pontifex
738 512 877 596 quidam,
888 511 1016 574 nominc
1028 510 1242 596 Agilberctus

144 596 274 660 natione
293 596 420 680 quidem
440 597 558 674 Gallus,
575 598 630 662 sed
648 604 725 661 tunc
747 598 953 682 legendarum
973 596 1079 682 gratia
1102 597 1243 682 Scriptu-

143 703 253 746 rarum
272 681 305 744 in
325 682 482 746 Hibernia
503 705 567 746 non
588 705 686 768 parvo
700 690 845 767 tempore
859 683 1051 760 demoratus,
1067 682 1245 766 conjunxit·

20 829 25 836 .
102 793 135 842 25
145 790 207 852 que
223 790 256 831 se
271 767 348 853 regi,
365 774 478 852 sponto
495 768 706 832 ministerium
728 768 924 853 praedicandi
943 768 1131 832 adsumens:
1155 769 1244 852 cujus

146 852 357 916 eruditionem
371 861 468 938 atque
483 853 672 919 industriam
682 854 793 918 videns
802 876 869 930 rex,
881 853 1007 939 rogavit
1019 876 1100 930 eum,
1112 860 1246 938 accepta

86 987 89 996 ,
146 939 192 1002 ibi
207 939 281 1003 sedo
295 938 472 1024 episcopali,
486 940 650 1024 suaegenti
661 961 790 1004 manere
801 939 993 1039 pontificem.
1024 939 1085 1020 Qui
1099 939 1248 1024 precibus

147 1025 216 1088 c‘us
227 1025 378 1101 adnuens,
388 1024 496 1088 multis
507 1025 598 1089 annis
609 1025 712 1089 eidem
722 1032 812 1111 genti
822 1025 1012 1090 sacerdotali
1023 1027 1096 1110 jure
1108 1025 1245 1110 praefuit.

149 1047 294 1174 Vandem
307 1133 375 1187 rex,
391 1110 445 1194 qui
461 1111 623 1176 Saxonum
637 1117 765 1176 tantum
780 1111 919 1196 linguam
934 1117 1075 1186 noverat,
1090 1118 1246 1196 pertaesus
1256 1125 1313 1175 vini
1325 1124 1377 1184 ept-

148 1197 295 1262 barbarae
323 1196 465 1280 loquelae,
495 1197 733 1261 subintroduxit
761 1197 794 1259 iu
827 1196 1020 1282 provinciam
1052 1197 1149 1260 ahum
1180 1218 1247 1260 suae
1256 1207 1351 1252 scopus,

106 1281 267 1367 solinguae
293 1281 475 1368 episcopum
498 1283 650 1346 vocabulo
675 1283 761 1358 Vini,
788 1291 822 1347 et
851 1283 954 1366 ipsum
979 1282 1012 1344 in
1037 1283 1140 1347 Gallia
1165 1283 1248 1346 ordi-

151 1374 283 1440 natnm;
317 1367 521 1452 dividensque
546 1368 578 1430 in
600 1369 680 1432 duas
701 1368 870 1452 parochias
892 1367 1096 1452 provinciam,
1119 1367 1192 1431 huic
1216 1369 1249 1430 iu

151 1453 281 1517 civitatc
304 1453 423 1532 Venta,
446 1476 516 1537 quae
538 1476 560 1517 a
584 1461 680 1538 gente
705 1454 867 1518 Saxonum
890 1453 1122 1518 Viutaucaestir
1137 1454 1249 1538 appel-

149 1538 246 1616 latur,
273 1539 380 1603 sedem
408 1538 643 1625 Pepiscopalcm
665 1539 798 1604 tribuit:
831 1539 915 1602 unde
944 1539 1081 1603 offensus
1109 1541 1251 1623 graviter

151 1624 366 1710 Agilherctus,
382 1626 468 1709 quod
482 1624 565 1688 choo
580 1625 649 1709 ipso
663 1624 842 1689 inconsulto
856 1632 967 1710 ageret
981 1647 1047 1701 rex,
1061 1625 1158 1690 rediit
1176 1625 1251 1688 Gal-

151 1710 236 1786 liam,
252 1716 286 1774 et
307 1717 440 1795 accepto
458 1711 642 1796 episcopatu
664 1711 835 1774 Parisiacae
857 1710 1004 1788 civitatis,
1020 1709 1137 1774 ibidem
1155 1733 1251 1774 senex

151 1818 190 1862 ao
211 1796 322 1880 plenus
348 1796 470 1859 dierum
493 1796 581 1860 obiit.
627 1797 699 1860 Non
725 1796 834 1860 multis
857 1803 966 1860 autem
988 1796 1080 1860 aunis
1101 1803 1175 1880 post
1196 1798 1252 1860 ab·

108 1896 140 1946 ³5
153 1901 293 1946 scessum
308 1882 375 1966 ejus
390 1904 410 1946 a
426 1882 587 1946 Brittania
600 1882 784 1958 transactis,
795 1882 904 1966 pulsus
915 1889 965 1945 cst
980 1882 1075 1944 rVini
1085 1885 1127 1946 ab
1141 1882 1252 1946 eodem
1261 1889 1352 1950 pulsus.

153 1968 282 2052 roge'de
298 1967 501 2052 episcopatu;
526 1968 580 2052 qui
595 1969 746 2032 secedens
760 1968 804 2032 ad
817 1989 925 2053 regem
943 1967 1146 2044 Merciorum,
1161 1989 1252 2032 voca-

152 2053 228 2116 bulo
241 2051 400 2130 Vulfheri,
411 2053 490 2117 emit
503 2053 607 2138 pretio
621 2054 787 2117 abeodem
797 2053 905 2116 sedem
917 2053 1092 2116 Luudoniae
1104 2053 1252 2130 civitatis,

154 2139 284 2224 ejusque
302 2138 467 2237 episcopus
487 2161 587 2223 usquc
605 2139 647 2202 ad
661 2139 735 2203 vitae
751 2161 817 2202 suae
830 2137 1002 2202 terminum
1015 2138 1143 2203 mansit.
1188 2139 1254 2202 Sic

154 2247 217 2308 que
241 2224 404 2308 provmcia
430 2224 681 2292 Occidentalium
708 2225 871 2289 Saxonum
892 2229 1037 2308 tempore
1061 2241 1126 2289 uon
1150 2246 1255 2310 pauco

155 2311 276 2393 absque
289 2309 423 2394 praesule
437 2310 509 2375 fuit.

200 2395 271 2475 Quo
285 2395 384 2460 etiam
397 2401 541 2481 tempore
562 2417 619 2458 rex
640 2395 795 2480 praeiatus
814 2395 913 2479 ipsius
930 2395 1044 2480 gentis,
1060 2395 1389 2481 gravissimisssssberct

112 2501 148 2548 4ο
156 2480 246 2567 regni
266 2481 315 2544 sui
335 2481 459 2545 damnis
481 2481 651 2567 saepissimo
672 2482 714 2544 ab
729 2481 875 2544 hostibus
895 2481 1052 2558 adflictus,
1067 2483 1198 2546 tandem
1212 2469 1392 2584 adffi‘gffl‘

155 2567 341 2633 memoriam
354 2568 491 2642 reduxit,
508 2569 609 2651 quod⁸
624 2589 696 2631 enm
710 2568 834 2653 pridem
853 2568 987 2652 perfidia
1001 2590 1099 2653 regno
1114 2568 1253 2653 ‘pulerit

157 2653 260 2717 ufides
284 2653 399 2739 agnita¹
420 2652 539 2717 Christi
567 2653 601 2715 in
628 2675 762 2738 regnum
791 2653 1005 2717 revocaverit:
1037 2653 1256 2738 intellexitque

157 2739 355 2822 quodetiam
376 2745 474 2803 ¹tunc
497 2739 653 2803 destituta
673 2739 825 2823 pontifice
847 2737 1018 2823 provincia,
1033 2745 1122 2803 recte
1135 2740 1258 2824 pariter

158 2823 265 2887 divino
294 2824 391 2888 fuerit
419 2824 576 2889 destituta
604 2824 761 2910 praesidio.
809 2824 901 2887 Misit
929 2846 1006 2909 crgo
1029 2824 1201 2909 legatarios
1223 2825 1257 2887 in

78 2929 139 2973 ιιι
159 2910 295 2975 Galliam
310 2911 352 2974 ad
366 2910 598 2995 Agilberctum,
614 2909 782 2973 summissa
803 2910 892 2972 illum
911 2909 1132 2974 satisfactione
1148 2910 1259 2995 depre-

160 3016 237 3059 cans
252 2996 294 3059 ad
308 2995 526 3081 episcopatum
541 3017 606 3059 suae
620 2995 725 3081 gentis
742 2994 857 3059 redire.
902 2995 951 3058 At
973 2995 1023 3058 illo
1040 3017 1075 3059 se
1095 3017 1257 3070 excusans,

160 3087 195 3145 et
221 3103 258 3145 eo
283 3082 390 3145 venire
416 3103 480 3145 non
503 3103 596 3181 posse
616 3086 801 3145 contestans
821 3080 895 3165 quia
915 3080 1100 3165 episcopatu
1121 3080 1258 3166 propriae

160 3166 301 3231 civitatis
323 3189 360 3230 ac
381 3168 541 3252 parochrae
555 3173 719 3231 teneretur
739 3167 935 3240 adstrictus,
958 3174 1122 3230 notamen
1143 3167 1259 3230 obnixe

159 3252 284 3337 potenti
299 3251 343 3314 nil
357 3253 455 3317 ferret
470 3251 587 3329 auxilii,
599 3251 687 3315 misit
700 3273 760 3336 pro
774 3274 809 3315 se
822 3251 875 3314 illo
889 3253 1110 3336 presbyterum
1123 3252 1260 3316 Leuthe-

160 3337 253 3415 rium,
269 3344 417 3422 nepotem
440 3359 540 3414 suum,
556 3338 610 3421 qui
630 3337 667 3414 ei,
684 3338 712 3401 si
725 3337 828 3413 vellet,
848 3338 1050 3401 ordinaretur
1071 3337 1259 3422 episcopus3

135 3422 268 3497 5dicens
283 3424 369 3506 quod
382 3423 449 3507 ipse
464 3444 537 3487 eum
551 3423 681 3509 dignum
696 3445 764 3487 esse
779 3422 965 3507 episcopatu
976 3422 1144 3506 judicaret.
1189 3423 1261 3503 Quo
1272 3422 1419 3488 [AD-⁶70]

160 3508 333 3571 honorilice
343 3530 364 3573 a
373 3508 491 3593 populo
505 3514 539 3572 et
553 3531 574 3572 a
587 3531 662 3594 rege
677 3514 834 3591 suscepto,
843 3530 881 3570 ro
922 3515 1036 3572 verunt
1047 3508 1259 3585 Theodorum,

160 3599 239 3657 tunc
261 3594 534 3679 archiepiscopum
556 3594 807 3657 Doruvernensis
828 3530 979 3671 accidia,
998 3594 1101 3693 ipsum
1123 3594 1184 3657 sibi
1205 3616 1260 3657 an-

160 3678 300 3752 tistitem
322 3679 520 3743 consecrari:
544 3679 598 3763 qui
620 3684 823 3744 consecratus
844 3678 883 3742 in'
899 3679 969 3764 ipsa
989 3678 1129 3756 clvitate,
1152 3678 1260 3743 multis

160 3764 254 3829 annis
277 3764 495 3849 episcopatum
518 3764 729 3843 Gevissarum,
756 3787 775 3829 e
798 3764 951 3849 synodica
974 3764 1149 3841 sanctione,
1175 3764 1262 3827 solus

161 3850 271 3913 sedulo
285 3848 500 3915 moderamine
513 3850 623 3936 gessit.

195 3987 374 4047 Pepiscoputus
385 3984 417 4035 V.
547 3988 623 4034 nhoec
634 3986 700 4033 V.G.
829 3992 875 4033 ‘et
886 3985 948 4032 Vmi
958 3985 989 4032 V.
1119 3994 1214 4047 tquem
1231 3984 1261 4032 V.

163 4050 175 4087 t
186 4050 309 4111 depulerit
320 4049 350 4097 V.
449 4060 466 4089 11
467 4050 525 4114 fide
535 4050 566 4097 V.
665 4059 680 4089 1
692 4051 768 4098 ctiam
779 4051 845 4113 quod
854 4051 973 4097 destituta
984 4056 1045 4096 tunc
1055 4048 1131 4097 ettam
1143 4048 1173 4096 V.

195 4176 236 4221 33.
247 4163 333 4225 rediit]
346 4164 485 4227 Agilbercti
501 4163 604 4212 reditum
617 4163 643 4210 in
655 4163 761 4212 Gallium
774 4178 824 4210 non
836 4176 902 4225 pono
912 4168 971 4210 autc
981 4177 1003 4210 a.
1011 4161 1070 4220 664,
1081 4162 1146 4223 qnod
1157 4176 1188 4209 eo
1198 4174 1264 4209 anno

163 4229 259 4291 synodo
270 4228 387 4277 Pharensi
397 4229 515 4277 interfuit.
527 4229 563 4275 iii.
575 4238 614 4289 25.
627 4228 653 4275 S.
684 4228 821 4275 chronicon
834 4230 891 4274 Su.
901 4233 926 4275 et
937 4226 1077 4274 Florentius
1086 4228 1117 4273 ad
1130 4228 1160 4273 Α.
1170 4226 1203 4274 D.
1215 4226 1264 4275 ooo

163 4298 267 4357 ponam.
292 4293 382 4343 Matth.
395 4294 499 4341 Wcstm.
511 4294 542 4340 ad
553 4291 610 4340 66ι.
644 4293 715 4340 Conl.
728 4292 785 4339 infr.
798 4292 829 4339 ad
841 4290 880 4338 26.

196 4369 238 4418 35.
259 4356 319 4405 Vini
335 4358 404 4419 anit]
425 4358 497 4405 Unde
513 4365 568 4418 post
584 4364 688 4405 mortem
705 4358 731 4404 in
748 4358 811 4405 serie
827 4356 997 4418 cpiscoporum
1008 4355 1202 4403 Londincnsiunr
1213 4369 1263 4404 non

164 4421 254 4469 memit
264 4422 393 4470 recenseri.
418 4422 454 4470 M.
466 4422 568 4470 Wcstm.
582 4437 604 4469 a.
614 4420 670 4471 666.
683 4422 708 4469 S.

199 4497 221 4547 7.
234 4487 402 4549 cousecratur]
417 4489 448 4534 Α.
458 4486 490 4533 D.
503 4486 558 4549 670.
577 4488 709 4535 secumdum
728 4485 878 4542 chronicon,
894 4487 959 4547 quod
976 4500 1031 4532 cum
1046 4484 1172 4533 Hloddere
1182 4491 1260 4534 vocnt.

197 4550 230 4597 is.
241 4553 268 4598 in
279 4552 334 4613 ipsc
345 4552 457 4613 civitate]
473 4551 535 4599 Vide
547 4552 580 4598 iv.
591 4564 627 4599 12.
640 4552 664 4599 S.

209 4636 308 4677 BAEDA.
709 4637 723 4675 S
