3100 5125
85 357 189 402 -ιο,
507 334 672 400 canals
694 333 966 399 ANGLORUM.
1209 335 1273 408 197

173 502 274 556 annos
293 493 368 574 post
385 487 509 554 obitum
524 487 670 552 Dominae
689 487 723 551 in
740 487 801 552 hac
816 487 883 552 rita
903 486 1078 565 teneretur,
1094 486 1127 550 in
1145 493 1274 552 tantum

175 595 214 638 ea
235 595 331 658 quam
351 573 557 659 praediximus
579 572 765 638 infirmitate
788 574 919 637 decocta
940 578 999 651 est,
1023 578 1061 637 ut
1075 571 1128 637 vix
1151 573 1274 637 ossibus

174 660 322 737 haereret,
345 659 443 724 etad
468 658 625 736 ultimum,
649 681 721 723 oum
746 666 872 744 tempus
891 658 959 744 jam
982 657 1183 723 resolutionis
1206 659 1274 744 ejus

175 744 322 823 instaret,
346 767 411 808 non
434 744 536 808 solum
564 747 781 812 membrorum
805 751 1002 821 caurorum,
1026 745 1083 808 sed
1105 750 1138 809 et
1159 744 1274 830 linguae

134 838 265 899 umocu
286 831 398 895 caruit.
443 831 537 910 Quod
558 831 635 894 dum
655 830 760 895 tribus
782 831 894 895 diebus
915 837 949 894 et
970 829 1106 895 totidem
1127 830 1275 894 noctibus

175 924 334 1002 ageretur,
347 917 454 980 subito
463 916 582 980 visione
597 916 732 1001 spiritali
746 923 900 994 recreata,
913 935 948 980 os
960 922 994 980 et
1005 917 1111 981 oculos
1125 916 1271 1001 aperuit;

175 1003 428 1089 ¹¹aspectansque
449 1002 483 1064 in
505 1003 625 1080 caelum,
641 1002 686 1066 sic
708 1003 751 1067 ad
772 1024 844 1066 eam
866 1023 962 1086 quam
984 1001 1169 1066 intuebatur
1183 1002 1274 1066 risio-
1342 1070 1352 1076 ,

175 1111 258 1167 nem,
284 1088 383 1173 coepit
406 1088 510 1172 loqui:
546 1089 661 1152 Gratus
682 1089 759 1152 utet
781 1099 823 1152 eet
844 1088 971 1151 multam
989 1089 1135 1152 aduectus
1156 1098 1232 1166 tuas,
1248 1097 1275 1152 a

78 1230 81 1244 ,
176 1173 246 1239 teu
259 1175 387 1238 omenti:
410 1182 444 1238 et
458 1175 517 1237 hoc
533 1173 629 1251 dicto,
645 1196 816 1259 parumper
830 1172 967 1251 reticuit,
984 1174 1073 1259 quasi
1089 1195 1275 1258 responsuun

177 1261 245 1344 ejus
266 1282 360 1344 quem
376 1260 515 1337 videbat,
538 1264 572 1323 et
593 1258 644 1322 cui
664 1260 864 1345 loquebatur,
881 1266 1077 1344 exspectans.
1122 1261 1274 1324 Rursum-

134 1363 167 1414 35
177 1368 239 1432 que
262 1347 352 1432 quasi
376 1346 487 1410 leviter
509 1345 677 1430 indignata
700 1345 882 1430 subjunxit:
908 1345 1108 1430 Nequaquam
1129 1346 1183 1410 laec
1204 1345 1275 1410 leta

168 1433 258 1516 ferre
285 1431 399 1517 ¹queo..
434 1432 634 1517 Rursumque
662 1431 822 1494 modicum
847 1430 949 1508 silens,
975 1431 1073 1495 tertio
1100 1430 1201 1495 dixit:
1237 1432 1276 1496 Se·

176 1517 347 1582 uuldamuus
367 1516 453 1581 bodie
466 1518 542 1600 fieri
557 1526 665 1602 potest,
689 1514 802 1580 obsecro
824 1538 860 1580 ue
885 1517 925 1580 se't
948 1516 1065 1602 loupum
1084 1518 1218 1601 spatium
1242 1517 1277 1582 e'u

176 1603 282 1666 medio.
326 1603 470 1678 mDixit;
495 1609 528 1666 et
550 1603 635 1666 siout
655 1609 761 1678 antea,
779 1624 892 1687 parum
915 1601 1019 1678 silens,
1036 1602 1084 1666 ita
1101 1620 1277 1666 sermonem

177 1688 348 1752 conclusit:
366 1689 405 1752 Si
419 1687 595 1751 omnimodis
609 1687 654 1752 c'ta
669 1688 827 1771 defaltum
842 1697 893 1762 est,
909 1709 1000 1772 neque
1013 1688 1091 1752 baua
1104 1687 1279 1752 senteutiam
1349 1707 1352 1714 ·

177 1774 246 1838 licet
259 1775 426 1851 immutari,
442 1772 553 1838 odaeum
567 1795 604 1836 ue
616 1774 750 1859 amplias
763 1792 854 1858 quam
869 1774 931 1836 laceo
945 1773 1124 1838 solummedo
1132 1774 1278 1858 monimo

134 1874 236 1922 40uoe
256 1861 384 1922 iuteree’t.
441 1859 562 1940 Quibus
583 1859 685 1938 dictis,
701 1859 900 1945 interrogata
922 1881 943 1922 a
964 1859 1311 1936 circumsedentibus,-¹

178 1968 250 2010 cum
266 1968 331 2029 qno¹
343 1945 543 2030 loqueretur:
570 1947 646 2008 Oum
660 1945 828 2023 carmumu,
844 1943 957 2044 inquit,
973 1966 1039 2008 meu
1056 1954 1153 2008 matre
1167 1944 1278 2008 AEdil-

178 2030 272 2116 herpo.
318 2031 370 2094 Ex
386 2053 448 2118 quo
470 2031 653 2095 intellexere
669 2032 754 2115 quod
772 2031 843 2116 ipsa
863 2053 892 2094 er
910 2037 1036 2116 tempus
1051 2052 1116 2094 suae
1131 2029 1279 2094 transmi-

177 2116 333 2202 grationis
357 2116 390 2180 in
415 2115 596 2202 proximum
621 2117 771 2180 nunciare
797 2116 944 2180 venisset.
1002 2115 1085 2180 Nam
1112 2122 1144 2180 et
1171 2115 1218 2180 ita
1241 2122 1279 2179 ut

178 2204 324 2288 rogabat,
347 2209 513 2266 transacta
531 2224 596 2266 nna
617 2201 668 2266 die
689 2225 728 2266 ac
751 2208 854 2280 nocte,
871 2202 976 2265 soluta
999 2201 1103 2265 carnis
1127 2200 1220 2265 simul
1245 2208 1279 2266 et

144 2357 149 2362 ,
179 2287 377 2354 infirmitatis
391 2287 532 2365 uncialis,
547 2288 590 2352 ad
604 2294 733 2351 aeternae
746 2287 866 2373 gaudia
881 2287 995 2352 salutis
1010 2286 1151 2352 intravit.

639 2456 747 2522 OAP.
771 2457 818 2521 X.

138 2566 185 2635 4⁵·
223 2563 261 2621 Ut
274 2565 311 2621 ad
323 2564 489 2639 cymiterium
502 2564 618 2637 mandem
631 2564 788 2619 monasterii
802 2581 883 2619 eruas
897 2582 965 2619 coeca
980 2564 1083 2620 atamen
1097 2564 1237 2639 receperit.

246 2658 401 2722 Socorssrr
423 2665 532 2721 autem
557 2658 744 2743 AEdilburgi
773 2658 807 2720 in
833 2656 935 2722 officio
961 2658 1134 2723 abbatissae
1165 2658 1444 2721 devotaHunindaa.

180 2744 251 2808 Deo
272 2744 399 2821 famula,
422 2744 548 2807 nomine
571 2743 715 2821 Hildilid,
737 2743 909 2829 multisque
930 2743 1029 2819 annis,
1051 2743 1085 2806 id
1105 2750 1163 2820 est,
1180 2734 1388 2827 usqueblllffl·

180 2831 223 2895 ad
244 2830 391 2894 ultimam
412 2836 609 2894 senectutem
630 2829 732 2893 eidem
757 2829 953 2893 monasterio
979 2829 1203 2907 strenuissime,
1227 2829 1279 2894 ⁰in

181 2915 384 2981 observantia
406 2915 579 3014 disciplinae
604 2914 769 3001 regularis,
791 2914 879 2979 etin
902 2937 1010 2979 earum
1032 2937 1103 3014 quae
1128 2916 1171 2980 ad
1197 2936 1280 2979 com-

181 3023 292 3065 munes
312 3023 389 3065 usus
410 3008 573 3086 pertmont
595 3023 701 3065 rerum
722 3000 922 3087 providentia
944 3002 1082 3085 praefurt.
1127 3001 1185 3066 Oui
1209 3023 1281 3065 cum

140 3094 313 3172 50propter
326 3087 507 3172 angustiam
521 3087 582 3151 loci
602 3086 713 3172 inquo
735 3086 964 3154 monasterium
986 3093 1205 3187 constructum
1220 3094 1279 3165 est,
1329 3116 1332 3122 ·

181 3173 1280 3337 tlttttttttttutttlttulttltttttclltlette

181 3344 215 3407 in
230 3345 393 3409 ecclesiam
407 3346 512 3409 beatae
522 3345 583 3409 Dei
597 3344 768 3431 genitricis,
779 3368 905 3431 unoque
920 3345 1133 3409 conderentur
1147 3344 1179 3407 in
1193 3345 1278 3409 loco:

107 3431 308 3516 153qu0ties
329 3430 374 3494 ibi
394 3430 522 3495 claritas
544 3431 670 3494 luminis
692 3431 836 3507 celestis,
854 3436 975 3516 quanta
997 3452 1081 3516 saepe
1102 3430 1280 3515 fragrantia

182 3516 318 3579 mirandi
333 3517 517 3601 apparuerit
531 3515 646 3593 odoris,
663 3539 733 3601 quae
747 3516 812 3582 alia
827 3516 892 3580 sint
906 3516 997 3601 signa
1012 3523 1150 3591 ostensa,
1163 3516 1195 3579 in
1211 3516 1279 3600 ipso

182 3601 264 3665 libro
279 3602 397 3685 dequo
412 3603 480 3665 haeo
495 3602 718 3686 excerpsimus,
734 3602 866 3687 quisquc
880 3601 1002 3687 legerit,
1016 3601 1163 3666 inveniet.

228 3688 312 3752 Saue
333 3687 511 3751 nullatenus
533 3688 789 3773 praetereundum
809 3688 949 3753 arbitror
962 3688 1148 3751 miraculum
1163 3686 1440 3752 sanita-Miracutum

181 3772 237 3850 tis,
260 3772 346 3857 quod
370 3773 413 3836 ad
438 3772 542 3857 ipsum
567 3773 765 3857 cymiterium
789 3774 859 3838 Deo
886 3773 1000 3837 dicatae
1027 3769 1396 3872 congregationisircecr·

161 3859 307 3927 sfactum
327 3858 411 3922 idem
431 3858 553 3923 libellus
570 3860 676 3923 refert.
722 3859 805 3939 Erat
820 3859 935 3944 quippe
957 3860 991 3921 in
1012 3880 1156 3944 prommo
1176 3878 1282 3922 comes

185 3944 323 4029 quidam,
339 3944 430 4028 cujus
450 3966 530 4007 uxor
552 3944 719 4030 ingruente
742 3944 840 4008 oculis
862 3944 995 4029 caligine
1017 3944 1132 4022 subita,
1154 3949 1283 4027 tantum

184 4052 243 4116 per
257 4030 324 4095 dies
339 4030 450 4093 eadem
465 4030 610 4093 molestia
625 4031 845 4095 crebrescente
867 4037 1001 4115 gravata
1015 4041 1074 4105 est,
1087 4036 1124 4094 ut
1138 4052 1178 4093 ne
1192 4028 1283 4092 mini-

184 4137 270 4180 mam
280 4115 407 4200 quidcm
421 4115 501 4179 lucis
514 4116 647 4199 alicujus
661 4122 771 4200 posset
785 4115 976 4201 particulam
987 4116 1102 4180 videre.
1134 4114 1192 4179 Oui
1208 4115 1284 4177 dum

183 4201 367 4285 aliquandiu
382 4200 539 4266 caecitatis
553 4202 647 4285 hujus
662 4208 757 4265 nocte
771 4202 879 4266 clausa
893 4208 1046 4279 maneret,
1056 4206 1187 4286 repente
1198 4200 1285 4264 venit

186 4286 219 4349 in
233 4294 382 4365 mentem,
393 4287 467 4372 quia
479 4287 504 4350 si
513 4288 556 4351 ad
571 4287 799 4351 monasterium
814 4287 941 4351 edeam
953 4286 1107 4373 virginum
1117 4285 1284 4351 sanctimo-

218 4458 487 4521 respiciensquevfi.
569 4458 680 4519 lnequeo
692 4457 722 4505 V.
806 4455 1054 4507 mmeramme.
1137 4460 1243 4506 nlacem
1256 4456 1287 4504 V.

187 4523 349 4570 octavu.
448 4523 628 4572 reseruemur
639 4522 669 4569 V.
1229 4548 1234 4554 =·
