3100 5125
88 360 188 420 -14.
492 347 656 414 euuuls
679 349 951 416 ANoLonUM.
1204 354 1267 418 loe

170 508 231 566 est.
276 503 418 591 Cumque
432 529 453 572 a
467 509 601 592 praefato
615 509 766 594 pontifice
780 530 942 574 sacrorum
955 531 1085 574 suorum
1099 521 1265 596 quareret,

129 613 161 664 ⁴5
171 589 242 673 quis
258 611 333 656 aras
348 599 386 656 et
402 593 477 657 fana
498 594 654 660 idolorum
675 617 747 658 oum
769 594 868 680 septis
887 595 1002 680 quibus
1022 604 1115 661 erant
1136 598 1267 662 circum-

171 675 258 754 data,
282 678 402 762 primus
424 679 592 763 profanare
615 681 765 756 deberet3
790 681 840 744 ille
862 681 1047 765 respondit:
1070 685 1146 768 Epo
1193 685 1268 763 Quis

169 761 249 825 euim
271 785 307 827 co
329 785 397 848 quse
414 787 475 848 per
494 766 656 830 stultitiam
677 767 766 844 wlsi,
788 787 870 830 nmio
889 768 935 830 as
952 768 1117 854 aucupium
1134 771 1267 834 omium

169 848 273 930 aptius
297 871 390 934 msam
411 851 476 936 ipse
495 873 555 935 per
579 851 760 936 sopiatticm
787 851 865 915 atti
888 874 910 915 a
931 853 998 915 Deo
1025 875 1095 917 cero
1122 854 1267 919 donatm

169 931 344 998 dammum?
388 936 567 1020 Statimque
584 937 710 1022 abjecta
725 937 951 1022 superstitione
964 938 1126 1016 vanitatis,
1141 942 1266 1025 rogavit

170 1017 231 1081 sibi
245 1042 353 1105 regem
367 1043 458 1086 anna
473 1023 549 1086 dare
564 1029 597 1086 ot
615 1044 730 1106 equum
745 1022 950 1100 emissarium,
966 1046 1059 1107 quem
1081 1027 1264 1104 ascendens,

129 1105 213 1166 seed
227 1105 312 1170 idola
327 1107 520 1184 destruenda
534 1108 685 1172 yveniree.
730 1109 804 1171 Non
822 1108 907 1172 enim
928 1108 1062 1174 licuerat
1082 1111 1265 1194 pontificem
1355 1146 1359 1152 ·

169 1209 332 1254 sacrorum
346 1193 394 1256 vel
416 1215 507 1256 arma
523 1194 614 1271 ferre,
630 1195 679 1258 vel
695 1200 832 1278 zpreater
852 1195 886 1256 in
905 1216 987 1278 equa
1003 1195 1156 1280 equitare.
1201 1198 1265 1261 Ac-

168 1275 291 1340 cinetus
317 1299 392 1362 ergo
417 1279 523 1364 gladio
545 1279 667 1364 aceepit
691 1280 835 1343 lanceam
856 1279 890 1342 in
911 1301 1016 1357 manu,
1037 1288 1071 1346 et
1092 1284 1265 1347 ascendens

167 1361 367 1426 emissarium
381 1364 473 1449 regis,
489 1366 644 1450 pergebat
665 1366 707 1428 ad
726 1365 820 1429 idola.
865 1365 959 1444 Quod
974 1366 1129 1450 aspiciens
1143 1369 1263 1454 vulgus,

115 1466 158 1531 95
167 1447 351 1513 aestimabat
365 1471 438 1513 eum
452 1449 600 1515 insanire.
637 1451 704 1514 Nec
718 1450 844 1514 distulit
858 1451 918 1527 ille,
933 1472 1008 1514 mou
1023 1458 1061 1516 ut
1076 1473 1089 1502 ³
1094 1454 1264 1537 propiabat

166 1533 211 1595 ad
225 1533 342 1611 fanum,
358 1535 526 1619 profanare
541 1537 626 1613 illud,
642 1537 760 1620 injecta
774 1536 808 1598 in
822 1557 860 1598 eo
877 1537 987 1601 lancea
1001 1559 1097 1621 quam
1111 1540 1261 1603 tenebat:

166 1618 363 1704 multumque
382 1621 508 1705 gavisus
523 1622 563 1684 de
580 1623 741 1708 agnitione
756 1622 821 1684 veri
841 1622 904 1685 Dei
924 1622 1037 1699 cultus,
1057 1622 1153 1707 jussit
1171 1625 1263 1688 sociis

166 1703 331 1770 destruere
363 1729 400 1770 ac
430 1709 618 1772 succendere
647 1708 756 1772 fanum
784 1729 857 1770 cum
885 1708 1030 1771 omnibus
1059 1709 1159 1793 septis
1187 1710 1262 1774 suis.
1338 1730 1340 1733 ·

167 1789 357 1855 Ostenditur
375 1799 484 1856 autem
505 1793 593 1858 loeus
612 1793 664 1857 ille
678 1793 839 1876 quondam
858 1792 1013 1856 idolorum
1030 1815 1094 1856 non
1110 1795 1203 1880 longe
1219 1797 1263 1859 ab

167 1875 317 1940 Eburaco
342 1877 385 1941 ad
408 1878 581 1954 Orientem,
608 1879 692 1942 ultra
716 1900 842 1943 amnem
864 1878 1143 1955 Doruventionem,
1158 1887 1193 1944 et
1209 1903 1261 1944 vo·

142 1967 259 2024 suatur
274 1962 367 2027 hodie
385 1963 737 2049 Godmunddingaham,
758 1965 814 2028 ubi
835 1964 978 2048 pontifex
1000 1964 1067 2048 ipse
1088 1965 1263 2049 inspirante

166 2045 238 2110 Deo
252 2069 326 2112 vero
341 2049 455 2134 polluit
468 2071 506 2114 ae
522 2049 681 2115 destruxit
694 2071 750 2114 eas
765 2071 845 2134 quas
857 2050 926 2134 ipse
940 2057 1123 2114 sacraverat
1135 2073 1218 2116 aras.

632 2203 708 2268 ΑΡ.
732 2201 832 2266 XIV.

215 2304 252 2361 ut
265 2306 334 2362 sua
348 2306 464 2364 mesas
477 2203 961 2444 ammoqhaufinaasaaa,
981 2317 1008 2364 e
1021 2307 1067 2364 uu
1081 2308 1214 2365 rasum
1259 2283 1262 2287 ’

636 2389 806 2444 statuerit.

123 2495 157 2532 ιο
211 2478 321 2541 Ianus
341 2479 464 2565 aceepit
484 2501 542 2544 rex
563 2407 700 2543 AEduini
722 2502 793 2544 oum
815 2466 938 2544 cunetis
958 2481 1064 2567 gentis
1085 2503 1150 2549 suae
1172 2483 1261 2546 nobi-

163 2564 256 2642 libus,
272 2587 309 2629 ae
323 2566 415 2651 plebe
428 2567 620 2651 perplurima
629 2568 726 2631 fidem
740 2573 774 2631 et
787 2568 947 2631 lavacrum
961 2576 1080 2632 sanetas
1094 2590 1260 2654 regenera-

162 2649 270 2727 tionis,
294 2672 379 2715 anno
407 2654 496 2737 regni
526 2653 574 2715 sui
602 2653 776 2729 unissime,
802 2653 856 2737 qui
881 2660 931 2717 est
958 2675 1061 2717 annus
1085 2654 1259 2719 Dominicae

162 2734 392 2801 incantationis
414 2738 659 2801 sexcentesimus
680 2738 845 2801 vicesimus
870 2738 1031 2823 septimus,
1055 2740 1097 2802 ab
1120 2739 1259 2803 adventu

161 2842 237 2885 vero
252 2823 430 2908 Anglorum
445 2823 479 2885 in
494 2822 687 2887 Brittaniam
704 2846 807 2887 annus
825 2823 951 2887 circiter
969 2824 1158 2887 centesimus
1172 2832 1258 2889 octo·

160 2906 309 2991 gesimus.
353 2908 540 2993 Baptizatus
561 2916 613 2973 est
633 2915 742 2973 autem
757 2908 896 2974 Eburaci
918 2909 970 2973 die
988 2916 1101 2973 sancto
1121 2911 1256 2993 paseha
1297 2926 1299 2930 '

121 3008 152 3057 ¹5
161 2992 264 3075 pridie
279 2994 389 3056 iduum
403 2994 572 3078 Aprilium,
588 2994 621 3057 in
636 2995 766 3058 eeclesia
781 2994 885 3058 sancti
901 2994 991 3057 Petri
1005 2995 1150 3079 apostoli,
1162 3018 1258 3079 quam
1269 3004 1372 3065 spritu.
1382 3019 1420 3057 n.

161 3078 282 3141 ibidem
303 3080 370 3163 ipso
390 3080 429 3143 do
450 3080 537 3165 ligno
556 3101 628 3144 eum
647 3080 899 3143 catechizaretm
917 3087 1014 3164 atque
1028 3081 1071 3143 ad
1084 3080 1258 3166 percipien-
1274 3068 1340 3120 ΑΒ·
1352 3069 1408 3133 ⁶²⁷·

160 3164 238 3228 dum
259 3166 419 3248 baptisma
439 3165 643 3242 imbueretur,
666 3165 766 3230 citato
788 3187 884 3249 opere
902 3166 1090 3229 construxit.
1136 3166 1174 3229 In
1194 3190 1258 3249 qua

160 3249 260 3313 otiam
279 3250 408 3314 civitate
425 3250 493 3335 ipse
513 3251 636 3314 doctori
657 3258 755 3334 atque
772 3251 910 3314 antistiti
928 3272 986 3314 suo
1001 3250 1136 3314 Paulino
1151 3253 1258 3315 sedem

159 3335 361 3419 episcopatus
376 3336 514 3400 donavit.
553 3337 633 3399 Mox
648 3344 756 3399 autem
770 3343 808 3400 ut
821 3336 986 3420 baptisma
995 3343 1182 3400 consecutus
1197 3345 1255 3415 est,

159 3421 292 3498 curavit,
318 3421 453 3485 docente
482 3422 593 3485 eodem
619 3421 762 3499 Paulino,
786 3421 938 3504 majorem
967 3421 1036 3506 ipso
1064 3421 1097 3485 in
1125 3421 1194 3485 loeo
1223 3429 1257 3486 et
1376 3420 1381 3426 ’

159 3506 376 3590 augustiorem
402 3506 442 3569 do
469 3506 575 3592 lapide
597 3506 753 3570 fabricare
782 3507 954 3583 basilicam,
978 3506 1012 3569 in
1037 3508 1127 3590 eujus
1151 3508 1257 3571 medio

117 3589 264 3673 seipsum
279 3592 363 3675 quod
377 3591 466 3675 prius
479 3594 607 3669 fecerat,
619 3592 793 3655 oratorium
808 3592 1029 3656 includeretur.
1060 3592 1370 3677 praeparasse-eus

157 3697 236 3761 ergo
251 3677 466 3741 fundamentis
486 3679 519 3740 in
538 3699 616 3763 gyro
633 3677 747 3761 prioris
767 3677 899 3741 oratorii
915 3699 973 3761 per
988 3678 1144 3761 quadrum
1158 3678 1256 3763 eoepit
1266 3671 1378 3721 mursa

155 3762 317 3825 aedificare
338 3762 509 3826 basilicam.
569 3762 633 3826 Sed
654 3763 838 3847 priusquam
858 3762 996 3827 altitudo
1017 3763 1149 3847 parietis
1169 3770 1255 3827 esset

156 3856 386 3925 consummata,
402 3870 459 3911 rex
474 3849 541 3933 ipse
555 3848 652 3933 impia
666 3870 742 3913 nece
756 3848 878 3911 occisus
892 3870 971 3933 opus
985 3848 1069 3911 idem
1083 3848 1317 3968 successoria?
1328 3859 1394 3906 ocei-

190 4018 285 4065 saeuit
297 4017 327 4064 V.
415 4022 604 4077 zproelerquam
617 4015 646 4061 V.
729 4017 925 4078 &appropiabat
936 4017 1149 4079 appropinquatur
1160 4017 1221 4065 V.G.

189 4168 211 4203 2.
223 4156 370 4203 moenam
376 4156 471 4217 sunum
483 4169 540 4203 cum
550 4155 660 4201 omuibus
671 4154 754 4216 septis]
770 4153 836 4201 ilinc
846 4153 927 4215 colligi
939 4161 1018 4213 potest
1029 4154 1120 4215 templs
1129 4162 1182 4203 tum
1190 4155 1256 4203 tens

152 4219 508 4346 “zediffinssagasem
528 4284 608 4331 Hodie
624 4284 697 4331 etiam
716 4297 805 4330 nornen
823 4282 913 4330 retinet
927 4281 1125 4342 Godmundtnm,
1137 4283 1154 4328 i.
1163 4298 1184 4332 e.
1195 4284 1254 4331 deo

154 4364 210 4397 rum
228 4354 332 4409 septum.
366 4348 447 4397 Loom
466 4348 567 4395 celebris
588 4362 636 4394 non
656 4347 734 4394 solum
753 4347 891 4405 Saxonicis,
908 4345 1041 4393 sedetiam
1059 4348 1187 4408 Maianis,
1203 4348 1254 4395 imo

155 4413 301 4463 Brittanicis
312 4412 465 4461 idololatriis.
498 4413 577 4461 Juxta
588 4412 661 4460 situm
674 4418 712 4460 est
722 4412 906 4471 Delgovtts'um,
915 4412 979 4471 quod
991 4411 1146 4459 Csinbdeuus
1157 4414 1254 4461 deducit

155 4492 171 4525 s
187 4477 324 4525 Brittanico
335 4478 451 4537 Detgwe,
462 4479 526 4539 quod
544 4477 606 4537 apud
624 4478 692 4525 illum
706 4479 807 4524 deorum
822 4484 915 4524 statuas
931 4476 1040 4533 denotet,
1055 4476 1126 4525 hodie
1139 4476 1253 4539 ngton,

154 4542 205 4655 ⁵⁴⁰⁶·
217 4541 747 4670 ‘ttttttttttttattiuhits
759 4540 1012 4668 &maesse
