<?xml version="1.0" encoding="UTF-8"?>
<!DOCTYPE html PUBLIC "-//W3C//DTD XHTML 1.0 Transitional//EN"
    "http://www.w3.org/TR/xhtml1/DTD/xhtml1-transitional.dtd">
<html xmlns="http://www.w3.org/1999/xhtml" xml:lang="en" lang="en">
 <head>
  <title>
</title>
<meta http-equiv="Content-Type" content="text/html;charset=utf-8" />
  <meta name='ocr-system' content='tesseract 3.04.00' />
  <meta name='ocr-capabilities' content='ocr_page ocr_carea ocr_par ocr_line ocrx_word'/>
</head>
<body>
  <div class='ocr_page' id='page_1' title='image "./historiaecclesi00hussgoog_0036.png"; bbox 0 0 3100 5125; ppageno 0'>
   <div class='ocr_carea' id='block_1_1' title="bbox 485 310 1271 433">
    <p class='ocr_par' dir='ltr' id='par_1_1' title="bbox 485 310 1271 433">
     <span class='ocr_line' id='line_1_1' title="bbox 485 310 1271 433; baseline 0.004 -40"><span class='ocrx_word' id='word_1_1' title='bbox 485 328 650 395; x_wconf 83' lang='lat' dir='ltr'>unums</span> <span class='ocrx_word' id='word_1_2' title='bbox 674 310 957 395; x_wconf 72' lang='lat' dir='ltr'>arenosum</span> <span class='ocrx_word' id='word_1_3' title='bbox 1051 430 1052 433; x_wconf 4' lang='grc' dir='ltr'><strong><em>Ν</em></strong></span> <span class='ocrx_word' id='word_1_4' title='bbox 1230 334 1271 398; x_wconf 79' lang='lat'>17</span> 
     </span>
    </p>
   </div>
   <div class='ocr_carea' id='block_1_2' title="bbox 170 478 1272 566">
    <p class='ocr_par' dir='ltr' id='par_1_2' title="bbox 170 478 1272 566">
     <span class='ocr_line' id='line_1_2' title="bbox 170 478 1272 566; baseline 0.003 -24"><span class='ocrx_word' id='word_1_5' title='bbox 170 478 293 543; x_wconf 85' lang='lat' dir='ltr'>crimini</span> <span class='ocrx_word' id='word_1_6' title='bbox 315 480 392 544; x_wconf 87' lang='lat' dir='ltr'>dare</span> <span class='ocrx_word' id='word_1_7' title='bbox 413 480 674 565; x_wconf 70' lang='lat' dir='ltr'>praesumpsisset,</span> <span class='ocrx_word' id='word_1_8' title='bbox 697 482 740 545; x_wconf 91' lang='lat' dir='ltr'>ad</span> <span class='ocrx_word' id='word_1_9' title='bbox 761 480 928 545; x_wconf 83' lang='lat' dir='ltr'>simulacra</span> <span class='ocrx_word' id='word_1_10' title='bbox 954 481 1132 545; x_wconf 80' lang='lat' dir='ltr'>daemonum</span> <span class='ocrx_word' id='word_1_11' title='bbox 1158 482 1272 566; x_wconf 88' lang='lat' dir='ltr'>quibus</span> 
     </span>
    </p>
   </div>
   <div class='ocr_carea' id='block_1_3' title="bbox 16 566 1271 667">
    <p class='ocr_par' dir='ltr' id='par_1_3' title="bbox 16 566 1271 667">
     <span class='ocr_line' id='line_1_3' title="bbox 16 566 1271 667; baseline 0.002 -38"><span class='ocrx_word' id='word_1_12' title='bbox 16 632 29 649; x_wconf 61' lang='lat'>‚</span> <span class='ocrx_word' id='word_1_13' title='bbox 145 588 147 592; x_wconf 73' lang='grc'>’</span> <span class='ocrx_word' id='word_1_14' title='bbox 171 566 350 630; x_wconf 72' lang='lat' dir='ltr'><strong>adsistebat</strong></span> <span class='ocrx_word' id='word_1_15' title='bbox 373 567 448 629; x_wconf 73' lang='lat' dir='ltr'>eum&#39;</span> <span class='ocrx_word' id='word_1_16' title='bbox 466 566 564 651; x_wconf 84' lang='lat' dir='ltr'>jussit</span> <span class='ocrx_word' id='word_1_17' title='bbox 584 566 745 651; x_wconf 79' lang='lat' dir='ltr'>pertrahi:</span> <span class='ocrx_word' id='word_1_18' title='bbox 770 566 853 647; x_wconf 74' lang='lat' dir='ltr'>Quia</span> <span class='ocrx_word' id='word_1_19' title='bbox 874 566 1031 642; x_wconf 81' lang='lat' dir='ltr'>rebellem,</span> <span class='ocrx_word' id='word_1_20' title='bbox 1054 567 1206 667; x_wconf 74' lang='lat' dir='ltr'>inquiens,</span> <span class='ocrx_word' id='word_1_21' title='bbox 1233 590 1271 632; x_wconf 90' lang='lat' dir='ltr'>ac</span> 
     </span>
    </p>
   </div>
   <div class='ocr_carea' id='block_1_4' title="bbox 132 651 1273 4170">
    <p class='ocr_par' dir='ltr' id='par_1_4' title="bbox 132 651 1273 4170">
     <span class='ocr_line' id='line_1_4' title="bbox 172 651 1270 752; baseline 0.002 -37"><span class='ocrx_word' id='word_1_22' title='bbox 172 651 360 737; x_wconf 88' lang='lat' dir='ltr'>sacrilegum</span> <span class='ocrx_word' id='word_1_23' title='bbox 383 652 485 716; x_wconf 90' lang='lat' dir='ltr'>celare</span> <span class='ocrx_word' id='word_1_24' title='bbox 509 674 604 752; x_wconf 88' lang='lat' dir='ltr'>quam</span> <span class='ocrx_word' id='word_1_25' title='bbox 628 652 782 716; x_wconf 75' lang='lat' dir='ltr'>militibus</span> <span class='ocrx_word' id='word_1_26' title='bbox 806 652 939 716; x_wconf 87' lang='lat' dir='ltr'>reddere</span> <span class='ocrx_word' id='word_1_27' title='bbox 967 653 1115 731; x_wconf 73' lang='lat' dir='ltr'>maluisti,</span> <span class='ocrx_word' id='word_1_28' title='bbox 1139 661 1176 719; x_wconf 89' lang='lat' dir='ltr'>ut</span> <span class='ocrx_word' id='word_1_29' title='bbox 1198 676 1270 717; x_wconf 93' lang='lat' dir='ltr'>con-</span> 
     </span>
     <span class='ocr_line' id='line_1_5' title="bbox 174 738 1271 824; baseline 0.005 -24"><span class='ocrx_word' id='word_1_30' title='bbox 174 743 315 822; x_wconf 88' lang='lat' dir='ltr'>temptor</span> <span class='ocrx_word' id='word_1_31' title='bbox 329 738 436 803; x_wconf 88' lang='lat' dir='ltr'>divum</span> <span class='ocrx_word' id='word_1_32' title='bbox 452 745 600 804; x_wconf 87' lang='lat' dir='ltr'>mentam</span> <span class='ocrx_word' id='word_1_33' title='bbox 614 738 818 824; x_wconf 67' lang='lat' dir='ltr'>blasphemiae</span> <span class='ocrx_word' id='word_1_34' title='bbox 834 760 898 802; x_wconf 85' lang='lat' dir='ltr'>suae</span> <span class='ocrx_word' id='word_1_35' title='bbox 918 760 1047 823; x_wconf 78' lang='lat' dir='ltr'>poenam</span> <span class='ocrx_word' id='word_1_36' title='bbox 1060 740 1171 817; x_wconf 90' lang='lat' dir='ltr'>lueret,</span> <span class='ocrx_word' id='word_1_37' title='bbox 1188 762 1271 824; x_wconf 84' lang='lat' dir='ltr'>quae-</span> 
     </span>
     <span class='ocr_line' id='line_1_6' title="bbox 150 823 1271 909; baseline 0.004 -23"><span class='ocrx_word' id='word_1_38' title='bbox 150 839 308 907; x_wconf 82' lang='lat' dir='ltr'>scumque</span> <span class='ocrx_word' id='word_1_39' title='bbox 327 823 371 889; x_wconf 94' lang='lat' dir='ltr'>illi</span> <span class='ocrx_word' id='word_1_40' title='bbox 390 824 590 888; x_wconf 78' lang='lat' dir='ltr'>debebantur</span> <span class='ocrx_word' id='word_1_41' title='bbox 610 824 763 909; x_wconf 87' lang='lat' dir='ltr'>supplicia</span> <span class='ocrx_word' id='word_1_42' title='bbox 781 830 819 888; x_wconf 88' lang='lat' dir='ltr'>tu</span> <span class='ocrx_word' id='word_1_43' title='bbox 841 824 960 887; x_wconf 89' lang='lat' dir='ltr'>solvere</span> <span class='ocrx_word' id='word_1_44' title='bbox 981 824 1089 903; x_wconf 89' lang='lat' dir='ltr'>habes,</span> <span class='ocrx_word' id='word_1_45' title='bbox 1108 826 1134 889; x_wconf 90' lang='lat' dir='ltr'>si</span> <span class='ocrx_word' id='word_1_46' title='bbox 1149 849 1169 890; x_wconf 92' lang='lat' dir='ltr'>a</span> <span class='ocrx_word' id='word_1_47' title='bbox 1184 826 1271 891; x_wconf 90' lang='lat' dir='ltr'>cultu</span> 
     </span>
     <span class='ocr_line' id='line_1_7' title="bbox 173 908 1271 997; baseline 0.004 -26"><span class='ocrx_word' id='word_1_48' title='bbox 173 916 292 973; x_wconf 87' lang='lat' dir='ltr'>nostrae</span> <span class='ocrx_word' id='word_1_49' title='bbox 313 909 473 995; x_wconf 83' lang='lat' dir='ltr'>religionis</span> <span class='ocrx_word' id='word_1_50' title='bbox 494 908 655 974; x_wconf 78' lang='lat' dir='ltr'>discedere</span> <span class='ocrx_word' id='word_1_51' title='bbox 677 916 795 974; x_wconf 87' lang='lat' dir='ltr'>tentas.</span> <span class='ocrx_word' id='word_1_52' title='bbox 839 909 888 973; x_wconf 90' lang='lat' dir='ltr'>At</span> <span class='ocrx_word' id='word_1_53' title='bbox 908 915 1037 974; x_wconf 90' lang='lat' dir='ltr'>sanctus</span> <span class='ocrx_word' id='word_1_54' title='bbox 1052 911 1197 975; x_wconf 86' lang='lat' dir='ltr'>Albanus</span> <span class='ocrx_word' id='word_1_55' title='bbox 1217 912 1271 997; x_wconf 89' lang='lat' dir='ltr'>qui</span> 
     </span>
     <span class='ocr_line' id='line_1_8' title="bbox 171 994 1271 1081; baseline 0.001 -22"><span class='ocrx_word' id='word_1_56' title='bbox 171 1016 206 1059; x_wconf 91' lang='lat' dir='ltr'>se</span> <span class='ocrx_word' id='word_1_57' title='bbox 220 995 306 1059; x_wconf 89' lang='lat' dir='ltr'>ultro</span> <span class='ocrx_word' id='word_1_58' title='bbox 320 995 575 1080; x_wconf 72' lang='lat' dir='ltr'>persecutoribus</span> <span class='ocrx_word' id='word_1_59' title='bbox 596 995 671 1059; x_wconf 89' lang='lat' dir='ltr'>fidei</span> <span class='ocrx_word' id='word_1_60' title='bbox 686 994 901 1060; x_wconf 75' lang='lat' dir='ltr'>Christianum</span> <span class='ocrx_word' id='word_1_61' title='bbox 922 1016 989 1059; x_wconf 89' lang='lat' dir='ltr'>esse</span> <span class='ocrx_word' id='word_1_62' title='bbox 1008 997 1203 1081; x_wconf 90' lang='lat' dir='ltr'>prodiderat,</span> <span class='ocrx_word' id='word_1_63' title='bbox 1218 1020 1271 1061; x_wconf 81' lang='lat' dir='ltr'>ne</span> 
     </span>
     <span class='ocr_line' id='line_1_9' title="bbox 171 1079 1271 1167; baseline 0.004 -23"><span class='ocrx_word' id='word_1_64' title='bbox 171 1104 331 1165; x_wconf 88' lang='lat' dir='ltr'>quaquam</span> <span class='ocrx_word' id='word_1_65' title='bbox 345 1081 448 1147; x_wconf 91' lang='lat' dir='ltr'>minas</span> <span class='ocrx_word' id='word_1_66' title='bbox 462 1081 613 1167; x_wconf 90' lang='lat' dir='ltr'>principis</span> <span class='ocrx_word' id='word_1_67' title='bbox 631 1079 767 1155; x_wconf 81' lang='lat' dir='ltr'>metuit3</span> <span class='ocrx_word' id='word_1_68' title='bbox 793 1082 849 1145; x_wconf 90' lang='lat' dir='ltr'>sed</span> <span class='ocrx_word' id='word_1_69' title='bbox 863 1081 1024 1145; x_wconf 88' lang='lat' dir='ltr'>accinctus</span> <span class='ocrx_word' id='word_1_70' title='bbox 1039 1083 1136 1148; x_wconf 88' lang='lat' dir='ltr'>armis</span> <span class='ocrx_word' id='word_1_71' title='bbox 1150 1084 1271 1148; x_wconf 84' lang='lat' dir='ltr'>militiae</span> 
     </span>
     <span class='ocr_line' id='line_1_10' title="bbox 171 1166 1272 1253; baseline 0.002 -22"><span class='ocrx_word' id='word_1_72' title='bbox 171 1166 354 1252; x_wconf 73' lang='lat' dir='ltr'>l‘spiritalis</span> <span class='ocrx_word' id='word_1_73' title='bbox 369 1168 475 1252; x_wconf 85' lang='lat' dir='ltr'>palam</span> <span class='ocrx_word' id='word_1_74' title='bbox 485 1168 583 1253; x_wconf 88' lang='lat' dir='ltr'>jussis</span> <span class='ocrx_word' id='word_1_75' title='bbox 597 1166 678 1230; x_wconf 90' lang='lat' dir='ltr'>illius</span> <span class='ocrx_word' id='word_1_76' title='bbox 692 1172 804 1251; x_wconf 84' lang='lat' dir='ltr'>parere</span> <span class='ocrx_word' id='word_1_77' title='bbox 820 1167 902 1231; x_wconf 90' lang='lat' dir='ltr'>nolle</span> <span class='ocrx_word' id='word_1_78' title='bbox 916 1168 1155 1250; x_wconf 88' lang='lat' dir='ltr'>pronunciabat.</span> <span class='ocrx_word' id='word_1_79' title='bbox 1190 1170 1272 1233; x_wconf 84' lang='lat' dir='ltr'>Tum</span> 
     </span>
     <span class='ocr_line' id='line_1_11' title="bbox 167 1251 1272 1340; baseline 0.001 -23"><span class='ocrx_word' id='word_1_80' title='bbox 167 1254 284 1338; x_wconf 83' lang='lat' dir='ltr'>juder:</span> <span class='ocrx_word' id='word_1_81' title='bbox 310 1254 417 1338; x_wconf 76' lang='lat' dir='ltr'>Cujus,</span> <span class='ocrx_word' id='word_1_82' title='bbox 433 1254 545 1338; x_wconf 90' lang='lat' dir='ltr'>inquit,</span> <span class='ocrx_word' id='word_1_83' title='bbox 557 1251 683 1317; x_wconf 80' lang='lat' dir='ltr'>familiae</span> <span class='ocrx_word' id='word_1_84' title='bbox 693 1253 744 1315; x_wconf 88' lang='lat' dir='ltr'>vel</span> <span class='ocrx_word' id='word_1_85' title='bbox 756 1252 881 1338; x_wconf 85' lang='lat' dir='ltr'>generis</span> <span class='ocrx_word' id='word_1_86' title='bbox 895 1254 951 1316; x_wconf 71' lang='lat' dir='ltr'>esi</span> <span class='ocrx_word' id='word_1_87' title='bbox 972 1254 1117 1319; x_wconf 87' lang='lat' dir='ltr'>Albanus</span> <span class='ocrx_word' id='word_1_88' title='bbox 1132 1254 1272 1340; x_wconf 85' lang='lat' dir='ltr'>lrespon-</span> 
     </span>
     <span class='ocr_line' id='line_1_12' title="bbox 172 1338 1272 1425; baseline 0.003 -22"><span class='ocrx_word' id='word_1_89' title='bbox 172 1340 234 1405; x_wconf 89' lang='lat' dir='ltr'>dit:</span> <span class='ocrx_word' id='word_1_90' title='bbox 255 1339 582 1425; x_wconf 74' lang='lat' dir='ltr'>deadtepertiuet</span> <span class='ocrx_word' id='word_1_91' title='bbox 593 1361 657 1423; x_wconf 90' lang='lat' dir='ltr'>qua</span> <span class='ocrx_word' id='word_1_92' title='bbox 665 1338 725 1401; x_wconf 91' lang='lat' dir='ltr'>sim</span> <span class='ocrx_word' id='word_1_93' title='bbox 736 1338 835 1423; x_wconf 85' lang='lat' dir='ltr'>stirpe</span> <span class='ocrx_word' id='word_1_94' title='bbox 843 1338 985 1424; x_wconf 64' lang='lat' dir='ltr'>genitus?</span> <span class='ocrx_word' id='word_1_95' title='bbox 1003 1341 1060 1404; x_wconf 90' lang='lat' dir='ltr'>sed</span> <span class='ocrx_word' id='word_1_96' title='bbox 1069 1339 1095 1403; x_wconf 89' lang='lat' dir='ltr'>si</span> <span class='ocrx_word' id='word_1_97' title='bbox 1104 1341 1272 1406; x_wconf 90' lang='lat' dir='ltr'>veritatem</span> 
     </span>
     <span class='ocr_line' id='line_1_13' title="bbox 134 1424 1272 1511; baseline 0.005 -26"><span class='ocrx_word' id='word_1_98' title='bbox 134 1425 330 1511; x_wconf 78' lang='lat' dir='ltr'>roreligiouis</span> <span class='ocrx_word' id='word_1_99' title='bbox 348 1426 459 1490; x_wconf 87' lang='lat' dir='ltr'>audire</span> <span class='ocrx_word' id='word_1_100' title='bbox 481 1425 651 1503; x_wconf 84' lang='lat' dir='ltr'>desideras,</span> <span class='ocrx_word' id='word_1_101' title='bbox 667 1424 883 1489; x_wconf 81' lang='lat' dir='ltr'>Ohn&#39;stianum</span> <span class='ocrx_word' id='word_1_102' title='bbox 899 1425 967 1508; x_wconf 90' lang='lat' dir='ltr'>jam</span> <span class='ocrx_word' id='word_1_103' title='bbox 981 1447 1124 1504; x_wconf 78' lang='lat' dir='ltr'>maesse,</span> <span class='ocrx_word' id='word_1_104' title='bbox 1141 1427 1272 1491; x_wconf 85' lang='lat' dir='ltr'>Ohristi-</span> 
     </span>
     <span class='ocr_line' id='line_1_14' title="bbox 171 1509 1272 1597; baseline -0.001 -21"><span class='ocrx_word' id='word_1_105' title='bbox 171 1512 303 1597; x_wconf 90' lang='lat' dir='ltr'>anisque</span> <span class='ocrx_word' id='word_1_106' title='bbox 324 1511 434 1575; x_wconf 88' lang='lat' dir='ltr'>officiis</span> <span class='ocrx_word' id='word_1_107' title='bbox 456 1533 569 1576; x_wconf 83' lang='lat' dir='ltr'>vacare</span> <span class='ocrx_word' id='word_1_108' title='bbox 595 1532 758 1595; x_wconf 87' lang='lat' dir='ltr'>cognosce.</span> <span class='ocrx_word' id='word_1_109' title='bbox 803 1509 864 1574; x_wconf 87' lang='lat' dir='ltr'>Ait</span> <span class='ocrx_word' id='word_1_110' title='bbox 882 1511 999 1595; x_wconf 87' lang='lat' dir='ltr'>judex:</span> <span class='ocrx_word' id='word_1_111' title='bbox 1031 1511 1155 1575; x_wconf 88' lang='lat' dir='ltr'>Nomen</span> <span class='ocrx_word' id='word_1_112' title='bbox 1180 1520 1272 1577; x_wconf 90' lang='lat' dir='ltr'>tuum</span> 
     </span>
     <span class='ocr_line' id='line_1_15' title="bbox 171 1596 1269 1682; baseline 0.002 -21"><span class='ocrx_word' id='word_1_113' title='bbox 171 1620 289 1682; x_wconf 82' lang='lat' dir='ltr'>quaero,</span> <span class='ocrx_word' id='word_1_114' title='bbox 299 1598 384 1682; x_wconf 89' lang='lat' dir='ltr'>quod</span> <span class='ocrx_word' id='word_1_115' title='bbox 398 1597 466 1661; x_wconf 91' lang='lat' dir='ltr'>sine</span> <span class='ocrx_word' id='word_1_116' title='bbox 481 1620 573 1661; x_wconf 91' lang='lat' dir='ltr'>mora</span> <span class='ocrx_word' id='word_1_117' title='bbox 586 1596 664 1660; x_wconf 92' lang='lat' dir='ltr'>mihi</span> <span class='ocrx_word' id='word_1_118' title='bbox 679 1596 813 1659; x_wconf 89' lang='lat' dir='ltr'>insinua.</span> <span class='ocrx_word' id='word_1_119' title='bbox 844 1596 890 1660; x_wconf 88' lang='lat' dir='ltr'>Et</span> <span class='ocrx_word' id='word_1_120' title='bbox 901 1596 970 1659; x_wconf 89' lang='lat' dir='ltr'>ille:</span> <span class='ocrx_word' id='word_1_121' title='bbox 992 1596 1147 1674; x_wconf 88' lang='lat' dir='ltr'>Albanus,</span> <span class='ocrx_word' id='word_1_122' title='bbox 1157 1598 1269 1682; x_wconf 84' lang='lat' dir='ltr'>inquit,</span> 
     </span>
     <span class='ocr_line' id='line_1_16' title="bbox 170 1681 1271 1769; baseline 0.001 -22"><span class='ocrx_word' id='word_1_123' title='bbox 170 1707 192 1747; x_wconf 89' lang='lat' dir='ltr'>a</span> <span class='ocrx_word' id='word_1_124' title='bbox 213 1683 399 1769; x_wconf 88' lang='lat' dir='ltr'>parentibus</span> <span class='ocrx_word' id='word_1_125' title='bbox 420 1705 523 1761; x_wconf 83' lang='lat' dir='ltr'>vocor,</span> <span class='ocrx_word' id='word_1_126' title='bbox 546 1690 581 1747; x_wconf 92' lang='lat' dir='ltr'>et</span> <span class='ocrx_word' id='word_1_127' title='bbox 603 1683 707 1746; x_wconf 89' lang='lat' dir='ltr'>Deum</span> <span class='ocrx_word' id='word_1_128' title='bbox 729 1704 838 1746; x_wconf 89' lang='lat' dir='ltr'>verum</span> <span class='ocrx_word' id='word_1_129' title='bbox 862 1704 900 1745; x_wconf 89' lang='lat' dir='ltr'>ac</span> <span class='ocrx_word' id='word_1_130' title='bbox 922 1681 1027 1746; x_wconf 89' lang='lat' dir='ltr'>vivum</span> <span class='ocrx_word' id='word_1_131' title='bbox 1049 1683 1103 1767; x_wconf 91' lang='lat' dir='ltr'>qui</span> <span class='ocrx_word' id='word_1_132' title='bbox 1125 1685 1271 1749; x_wconf 85' lang='lat' dir='ltr'>universa</span> 
     </span>
     <span class='ocr_line' id='line_1_17' title="bbox 171 1768 1271 1854; baseline 0.003 -22"><span class='ocrx_word' id='word_1_133' title='bbox 171 1769 292 1834; x_wconf 89' lang='lat' dir='ltr'>creavit</span> <span class='ocrx_word' id='word_1_134' title='bbox 305 1770 405 1833; x_wconf 84' lang='lat' dir='ltr'>adoro</span> <span class='ocrx_word' id='word_1_135' title='bbox 419 1790 545 1854; x_wconf 90' lang='lat' dir='ltr'>semper</span> <span class='ocrx_word' id='word_1_136' title='bbox 558 1776 592 1833; x_wconf 88' lang='lat' dir='ltr'>et</span> <span class='ocrx_word' id='word_1_137' title='bbox 607 1768 685 1832; x_wconf 90' lang='lat' dir='ltr'>colo.</span> <span class='ocrx_word' id='word_1_138' title='bbox 730 1768 813 1830; x_wconf 84' lang='lat' dir='ltr'>Tum</span> <span class='ocrx_word' id='word_1_139' title='bbox 829 1768 928 1853; x_wconf 87' lang='lat' dir='ltr'>judex</span> <span class='ocrx_word' id='word_1_140' title='bbox 948 1770 1087 1853; x_wconf 86' lang='lat' dir='ltr'>repletus</span> <span class='ocrx_word' id='word_1_141' title='bbox 1107 1769 1271 1835; x_wconf 79' lang='lat' dir='ltr'>iracundia</span> 
     </span>
     <span class='ocr_line' id='line_1_18' title="bbox 172 1853 1269 1941; baseline 0 -22"><span class='ocrx_word' id='word_1_142' title='bbox 172 1856 273 1920; x_wconf 83' lang='lat' dir='ltr'>dixit:</span> <span class='ocrx_word' id='word_1_143' title='bbox 298 1854 333 1921; x_wconf 87' lang='lat' dir='ltr'>si</span> <span class='ocrx_word' id='word_1_144' title='bbox 343 1854 390 1919; x_wconf 82' lang='lat' dir='ltr'>vis</span> <span class='ocrx_word' id='word_1_145' title='bbox 405 1854 552 1939; x_wconf 88' lang='lat' dir='ltr'>perennis</span> <span class='ocrx_word' id='word_1_146' title='bbox 567 1854 641 1919; x_wconf 86' lang='lat' dir='ltr'>vitae</span> <span class='ocrx_word' id='word_1_147' title='bbox 655 1853 809 1918; x_wconf 85' lang='lat' dir='ltr'>felicitate</span> <span class='ocrx_word' id='word_1_148' title='bbox 823 1853 951 1939; x_wconf 84' lang='lat' dir='ltr'>perfrui,</span> <span class='ocrx_word' id='word_1_149' title='bbox 962 1854 1022 1925; x_wconf 91' lang='lat' dir='ltr'>diis</span> <span class='ocrx_word' id='word_1_150' title='bbox 1037 1856 1159 1941; x_wconf 83' lang='lat' dir='ltr'>magnis</span> <span class='ocrx_word' id='word_1_151' title='bbox 1175 1856 1269 1919; x_wconf 88' lang='lat' dir='ltr'>sacri-</span> 
     </span>
     <span class='ocr_line' id='line_1_19' title="bbox 134 1939 1269 2025; baseline -0.002 -16"><span class='ocrx_word' id='word_1_152' title='bbox 134 1942 268 2009; x_wconf 84' lang='lat' dir='ltr'>1⁵ficare</span> <span class='ocrx_word' id='word_1_153' title='bbox 282 1963 323 2006; x_wconf 90' lang='lat' dir='ltr'>ne</span> <span class='ocrx_word' id='word_1_154' title='bbox 338 1940 474 2005; x_wconf 79' lang='lat' dir='ltr'>differas.</span> <span class='ocrx_word' id='word_1_155' title='bbox 518 1940 665 2005; x_wconf 83' lang='lat' dir='ltr'>Albanus</span> <span class='ocrx_word' id='word_1_156' title='bbox 686 1940 869 2025; x_wconf 89' lang='lat' dir='ltr'>respondit:</span> <span class='ocrx_word' id='word_1_157' title='bbox 896 1939 1058 2005; x_wconf 89' lang='lat' dir='ltr'>Sacrificia</span> <span class='ocrx_word' id='word_1_158' title='bbox 1076 1942 1144 2005; x_wconf 84' lang='lat' dir='ltr'>haec</span> <span class='ocrx_word' id='word_1_159' title='bbox 1164 1964 1234 2025; x_wconf 86' lang='lat' dir='ltr'>quae</span> <span class='ocrx_word' id='word_1_160' title='bbox 1249 1966 1269 2007; x_wconf 91' lang='lat' dir='ltr'>a</span> 
     </span>
     <span class='ocr_line' id='line_1_20' title="bbox 171 2024 1269 2111; baseline 0.001 -20"><span class='ocrx_word' id='word_1_161' title='bbox 171 2028 262 2091; x_wconf 90' lang='lat' dir='ltr'>vobis</span> <span class='ocrx_word' id='word_1_162' title='bbox 283 2026 460 2091; x_wconf 87' lang='lat' dir='ltr'>redduntur</span> <span class='ocrx_word' id='word_1_163' title='bbox 481 2026 686 2101; x_wconf 83' lang='lat' dir='ltr'>daemonibus,</span> <span class='ocrx_word' id='word_1_164' title='bbox 707 2048 765 2089; x_wconf 91' lang='lat' dir='ltr'>nec</span> <span class='ocrx_word' id='word_1_165' title='bbox 785 2024 932 2089; x_wconf 86' lang='lat' dir='ltr'>auxiliari</span> <span class='ocrx_word' id='word_1_166' title='bbox 954 2027 1104 2111; x_wconf 89' lang='lat' dir='ltr'>subjectis</span> <span class='ocrx_word' id='word_1_167' title='bbox 1126 2034 1269 2111; x_wconf 89' lang='lat' dir='ltr'>possunt,</span> 
     </span>
     <span class='ocr_line' id='line_1_21' title="bbox 171 2110 1270 2198; baseline 0 -21"><span class='ocrx_word' id='word_1_168' title='bbox 171 2136 230 2177; x_wconf 89' lang='lat' dir='ltr'>nec</span> <span class='ocrx_word' id='word_1_169' title='bbox 245 2112 490 2198; x_wconf 78' lang='lat' dir='ltr'>supplicantium</span> <span class='ocrx_word' id='word_1_170' title='bbox 504 2112 564 2175; x_wconf 92' lang='lat' dir='ltr'>sibi</span> <span class='ocrx_word' id='word_1_171' title='bbox 579 2110 735 2175; x_wconf 83' lang='lat' dir='ltr'>desideria</span> <span class='ocrx_word' id='word_1_172' title='bbox 746 2112 795 2176; x_wconf 88' lang='lat' dir='ltr'>vel</span> <span class='ocrx_word' id='word_1_173' title='bbox 806 2118 882 2175; x_wconf 87' lang='lat' dir='ltr'>vota</span> <span class='ocrx_word' id='word_1_174' title='bbox 892 2111 1058 2197; x_wconf 90' lang='lat' dir='ltr'>complere.</span> <span class='ocrx_word' id='word_1_175' title='bbox 1090 2112 1270 2193; x_wconf 75' lang='lat' dir='ltr'>Quinimmo</span> 
     </span>
     <span class='ocr_line' id='line_1_22' title="bbox 172 2196 1270 2285; baseline 0.001 -23"><span class='ocrx_word' id='word_1_176' title='bbox 172 2198 361 2285; x_wconf 89' lang='lat' dir='ltr'>quicumque</span> <span class='ocrx_word' id='word_1_177' title='bbox 382 2198 432 2261; x_wconf 89' lang='lat' dir='ltr'>his</span> <span class='ocrx_word' id='word_1_178' title='bbox 454 2197 609 2263; x_wconf 90' lang='lat' dir='ltr'>sacrificia</span> <span class='ocrx_word' id='word_1_179' title='bbox 629 2196 804 2261; x_wconf 83' lang='lat' dir='ltr'>simulacris</span> <span class='ocrx_word' id='word_1_180' title='bbox 826 2198 986 2275; x_wconf 88' lang='lat' dir='ltr'>obtulerit,</span> <span class='ocrx_word' id='word_1_181' title='bbox 1002 2204 1140 2263; x_wconf 84' lang='lat' dir='ltr'>aeternas</span> <span class='ocrx_word' id='word_1_182' title='bbox 1157 2199 1270 2263; x_wconf 86' lang='lat' dir='ltr'>inferni</span> 
     </span>
     <span class='ocr_line' id='line_1_23' title="bbox 171 2282 1270 2370; baseline 0.002 -23"><span class='ocrx_word' id='word_1_183' title='bbox 171 2307 283 2369; x_wconf 86' lang='lat' dir='ltr'>poenas</span> <span class='ocrx_word' id='word_1_184' title='bbox 297 2307 356 2370; x_wconf 90' lang='lat' dir='ltr'>pro</span> <span class='ocrx_word' id='word_1_185' title='bbox 370 2286 514 2349; x_wconf 88' lang='lat' dir='ltr'>mercede</span> <span class='ocrx_word' id='word_1_186' title='bbox 534 2283 674 2368; x_wconf 89' lang='lat' dir='ltr'>recipiet.</span> <span class='ocrx_word' id='word_1_187' title='bbox 719 2283 782 2345; x_wconf 91' lang='lat' dir='ltr'>His</span> <span class='ocrx_word' id='word_1_188' title='bbox 802 2282 919 2347; x_wconf 89' lang='lat' dir='ltr'>auditis</span> <span class='ocrx_word' id='word_1_189' title='bbox 935 2284 1034 2367; x_wconf 86' lang='lat' dir='ltr'>judex</span> <span class='ocrx_word' id='word_1_190' title='bbox 1053 2285 1150 2347; x_wconf 91' lang='lat' dir='ltr'>nimio</span> <span class='ocrx_word' id='word_1_191' title='bbox 1164 2285 1270 2349; x_wconf 87' lang='lat' dir='ltr'>furore</span> 
     </span>
     <span class='ocr_line' id='line_1_24' title="bbox 172 2367 1269 2455; baseline 0.001 -21"><span class='ocrx_word' id='word_1_192' title='bbox 172 2378 358 2449; x_wconf 87' lang='lat' dir='ltr'>commotus,</span> <span class='ocrx_word' id='word_1_193' title='bbox 374 2370 453 2435; x_wconf 86' lang='lat' dir='ltr'>caedi</span> <span class='ocrx_word' id='word_1_194' title='bbox 475 2377 621 2434; x_wconf 88' lang='lat' dir='ltr'>sanctum</span> <span class='ocrx_word' id='word_1_195' title='bbox 642 2367 703 2432; x_wconf 92' lang='lat' dir='ltr'>Dei</span> <span class='ocrx_word' id='word_1_196' title='bbox 726 2368 936 2433; x_wconf 86' lang='lat' dir='ltr'>confessorem</span> <span class='ocrx_word' id='word_1_197' title='bbox 955 2391 976 2433; x_wconf 91' lang='lat' dir='ltr'>a</span> <span class='ocrx_word' id='word_1_198' title='bbox 993 2370 1269 2455; x_wconf 77' lang='lat' dir='ltr'>tortoribus,prae-</span> 
     </span>
     <span class='ocr_line' id='line_1_25' title="bbox 173 2454 1270 2542; baseline -0.001 -22"><span class='ocrx_word' id='word_1_199' title='bbox 173 2456 266 2542; x_wconf 90' lang='lat' dir='ltr'>cepit,</span> <span class='ocrx_word' id='word_1_200' title='bbox 282 2464 452 2520; x_wconf 87' lang='lat' dir='ltr'>autumans</span> <span class='ocrx_word' id='word_1_201' title='bbox 467 2479 500 2520; x_wconf 93' lang='lat' dir='ltr'>se</span> <span class='ocrx_word' id='word_1_202' title='bbox 515 2454 706 2532; x_wconf 84' lang='lat' dir='ltr'>verberibus,</span> <span class='ocrx_word' id='word_1_203' title='bbox 717 2477 813 2539; x_wconf 92' lang='lat' dir='ltr'>quam</span> <span class='ocrx_word' id='word_1_204' title='bbox 824 2454 927 2517; x_wconf 89' lang='lat' dir='ltr'>verbis</span> <span class='ocrx_word' id='word_1_205' title='bbox 942 2477 1005 2518; x_wconf 93' lang='lat' dir='ltr'>non</span> <span class='ocrx_word' id='word_1_206' title='bbox 1019 2463 1156 2540; x_wconf 88' lang='lat' dir='ltr'>poterat,</span> <span class='ocrx_word' id='word_1_207' title='bbox 1167 2456 1270 2520; x_wconf 88' lang='lat' dir='ltr'>cordis</span> 
     </span>
     <span class='ocr_line' id='line_1_26' title="bbox 132 2540 1272 2628; baseline 0.004 -26"><span class='ocrx_word' id='word_1_208' title='bbox 132 2543 241 2628; x_wconf 83' lang='lat' dir='ltr'>20ejus</span> <span class='ocrx_word' id='word_1_209' title='bbox 263 2542 434 2606; x_wconf 85' lang='lat' dir='ltr'>memollire</span> <span class='ocrx_word' id='word_1_210' title='bbox 457 2541 679 2606; x_wconf 89' lang='lat' dir='ltr'>constantiam.</span> <span class='ocrx_word' id='word_1_211' title='bbox 724 2540 785 2620; x_wconf 77' lang='lat' dir='ltr'>Qui</span> <span class='ocrx_word' id='word_1_212' title='bbox 808 2563 879 2604; x_wconf 88' lang='lat' dir='ltr'>eum</span> <span class='ocrx_word' id='word_1_213' title='bbox 901 2542 1069 2606; x_wconf 89' lang='lat' dir='ltr'>tormentis</span> <span class='ocrx_word' id='word_1_214' title='bbox 1092 2542 1272 2607; x_wconf 87' lang='lat' dir='ltr'>afficeretur</span> 
     </span>
     <span class='ocr_line' id='line_1_27' title="bbox 172 2627 1270 2712; baseline 0 -20"><span class='ocrx_word' id='word_1_215' title='bbox 172 2629 344 2705; x_wconf 87' lang='lat' dir='ltr'>acerrimis,</span> <span class='ocrx_word' id='word_1_216' title='bbox 355 2628 515 2712; x_wconf 85' lang='lat' dir='ltr'>patienter</span> <span class='ocrx_word' id='word_1_217' title='bbox 529 2629 597 2692; x_wconf 81' lang='lat' dir='ltr'>haec</span> <span class='ocrx_word' id='word_1_218' title='bbox 608 2650 666 2712; x_wconf 92' lang='lat' dir='ltr'>pro</span> <span class='ocrx_word' id='word_1_219' title='bbox 678 2627 824 2703; x_wconf 89' lang='lat' dir='ltr'>Domino,</span> <span class='ocrx_word' id='word_1_220' title='bbox 837 2627 933 2691; x_wconf 91' lang='lat' dir='ltr'>immo</span> <span class='ocrx_word' id='word_1_221' title='bbox 947 2628 1124 2712; x_wconf 84' lang='lat' dir='ltr'>gaudenter</span> <span class='ocrx_word' id='word_1_222' title='bbox 1138 2629 1270 2693; x_wconf 85' lang='lat' dir='ltr'>ferebat.</span> 
     </span>
     <span class='ocr_line' id='line_1_28' title="bbox 173 2712 1269 2800; baseline -0.002 -20"><span class='ocrx_word' id='word_1_223' title='bbox 173 2716 224 2780; x_wconf 81' lang='lat' dir='ltr'>At</span> <span class='ocrx_word' id='word_1_224' title='bbox 239 2715 293 2779; x_wconf 92' lang='lat' dir='ltr'>ubi</span> <span class='ocrx_word' id='word_1_225' title='bbox 304 2716 403 2800; x_wconf 87' lang='lat' dir='ltr'>judex</span> <span class='ocrx_word' id='word_1_226' title='bbox 422 2713 592 2778; x_wconf 88' lang='lat' dir='ltr'>tormentis</span> <span class='ocrx_word' id='word_1_227' title='bbox 609 2714 696 2776; x_wconf 92' lang='lat' dir='ltr'>illum</span> <span class='ocrx_word' id='word_1_228' title='bbox 716 2713 859 2796; x_wconf 87' lang='lat' dir='ltr'>superari</span> <span class='ocrx_word' id='word_1_229' title='bbox 874 2713 921 2775; x_wconf 93' lang='lat' dir='ltr'>vel</span> <span class='ocrx_word' id='word_1_230' title='bbox 936 2735 957 2776; x_wconf 90' lang='lat' dir='ltr'>a</span> <span class='ocrx_word' id='word_1_231' title='bbox 971 2712 1058 2776; x_wconf 91' lang='lat' dir='ltr'>cultu</span> <span class='ocrx_word' id='word_1_232' title='bbox 1080 2713 1269 2778; x_wconf 76' lang='lat' dir='ltr'>Christianae</span> 
     </span>
     <span class='ocr_line' id='line_1_29' title="bbox 172 2797 1269 2886; baseline -0.003 -20"><span class='ocrx_word' id='word_1_233' title='bbox 172 2801 331 2886; x_wconf 90' lang='lat' dir='ltr'>religionis</span> <span class='ocrx_word' id='word_1_234' title='bbox 345 2801 485 2864; x_wconf 87' lang='lat' dir='ltr'>revocari</span> <span class='ocrx_word' id='word_1_235' title='bbox 499 2821 563 2862; x_wconf 89' lang='lat' dir='ltr'>non</span> <span class='ocrx_word' id='word_1_236' title='bbox 577 2820 669 2883; x_wconf 90' lang='lat' dir='ltr'>posse</span> <span class='ocrx_word' id='word_1_237' title='bbox 683 2797 850 2884; x_wconf 83' lang='lat' dir='ltr'>persensit,</span> <span class='ocrx_word' id='word_1_238' title='bbox 859 2797 964 2884; x_wconf 88' lang='lat' dir='ltr'>capite</span> <span class='ocrx_word' id='word_1_239' title='bbox 975 2819 1047 2861; x_wconf 91' lang='lat' dir='ltr'>eum</span> <span class='ocrx_word' id='word_1_240' title='bbox 1058 2798 1152 2883; x_wconf 90' lang='lat' dir='ltr'>plecti</span> <span class='ocrx_word' id='word_1_241' title='bbox 1163 2799 1269 2884; x_wconf 89' lang='lat' dir='ltr'>jussit.</span> 
     </span>
     <span class='ocr_line' id='line_1_30' title="bbox 217 2883 1270 2970; baseline -0.003 -19"><span class='ocrx_word' id='word_1_242' title='bbox 217 2888 359 2970; x_wconf 75' lang='lat' dir='ltr'>Oumque</span> <span class='ocrx_word' id='word_1_243' title='bbox 380 2887 423 2950; x_wconf 84' lang='lat' dir='ltr'>ad</span> <span class='ocrx_word' id='word_1_244' title='bbox 442 2892 580 2949; x_wconf 84' lang='lat' dir='ltr'>mortem</span> <span class='ocrx_word' id='word_1_245' title='bbox 605 2886 783 2960; x_wconf 87' lang='lat' dir='ltr'>duceretur,</span> <span class='ocrx_word' id='word_1_246' title='bbox 809 2883 953 2968; x_wconf 83' lang='lat' dir='ltr'>pervenit</span> <span class='ocrx_word' id='word_1_247' title='bbox 977 2883 1020 2948; x_wconf 91' lang='lat' dir='ltr'>ad</span> <span class='ocrx_word' id='word_1_248' title='bbox 1042 2885 1159 2948; x_wconf 87' lang='lat' dir='ltr'>flumen</span> <span class='ocrx_word' id='word_1_249' title='bbox 1185 2886 1270 2969; x_wconf 93' lang='lat' dir='ltr'>quod</span> 
     </span>
     <span class='ocr_line' id='line_1_31' title="bbox 174 2969 1270 3054; baseline -0.002 -18"><span class='ocrx_word' id='word_1_250' title='bbox 174 2995 266 3036; x_wconf 89' lang='lat' dir='ltr'>muro</span> <span class='ocrx_word' id='word_1_251' title='bbox 279 2977 314 3035; x_wconf 92' lang='lat' dir='ltr'>et</span> <span class='ocrx_word' id='word_1_252' title='bbox 324 2973 466 3036; x_wconf 80' lang='lat' dir='ltr'>1¹harena</span> <span class='ocrx_word' id='word_1_253' title='bbox 479 2971 534 3035; x_wconf 90' lang='lat' dir='ltr'>ubi</span> <span class='ocrx_word' id='word_1_254' title='bbox 548 2970 707 3034; x_wconf 86' lang='lat' dir='ltr'>feriendus</span> <span class='ocrx_word' id='word_1_255' title='bbox 721 2975 802 3046; x_wconf 87' lang='lat' dir='ltr'>erat,</span> <span class='ocrx_word' id='word_1_256' title='bbox 818 2975 925 3033; x_wconf 88' lang='lat' dir='ltr'>meatu</span> <span class='ocrx_word' id='word_1_257' title='bbox 940 2969 1139 3054; x_wconf 90' lang='lat' dir='ltr'>rapidissimo</span> <span class='ocrx_word' id='word_1_258' title='bbox 1154 2970 1270 3034; x_wconf 90' lang='lat' dir='ltr'>divide-</span> 
     </span>
     <span class='ocr_line' id='line_1_32' title="bbox 132 3054 1271 3142; baseline -0.004 -19"><span class='ocrx_word' id='word_1_259' title='bbox 132 3080 164 3130; x_wconf 76' lang='lat'>25</span> <span class='ocrx_word' id='word_1_260' title='bbox 174 3060 288 3123; x_wconf 89' lang='lat' dir='ltr'>batur:</span> <span class='ocrx_word' id='word_1_261' title='bbox 308 3057 448 3142; x_wconf 84' lang='lat' dir='ltr'>viditque</span> <span class='ocrx_word' id='word_1_262' title='bbox 458 3057 501 3120; x_wconf 93' lang='lat' dir='ltr'>ibi</span> <span class='ocrx_word' id='word_1_263' title='bbox 513 3079 577 3120; x_wconf 91' lang='lat' dir='ltr'>non</span> <span class='ocrx_word' id='word_1_264' title='bbox 591 3077 722 3140; x_wconf 85' lang='lat' dir='ltr'>parvam</span> <span class='ocrx_word' id='word_1_265' title='bbox 734 3054 899 3118; x_wconf 88' lang='lat' dir='ltr'>hominum</span> <span class='ocrx_word' id='word_1_266' title='bbox 909 3055 1144 3119; x_wconf 89' lang='lat' dir='ltr'>multitudinem</span> <span class='ocrx_word' id='word_1_267' title='bbox 1155 3055 1271 3120; x_wconf 86' lang='lat' dir='ltr'>utrius-</span> 
     </span>
     <span class='ocr_line' id='line_1_33' title="bbox 175 3140 1271 3228; baseline -0.001 -22"><span class='ocrx_word' id='word_1_268' title='bbox 175 3167 237 3228; x_wconf 91' lang='lat' dir='ltr'>que</span> <span class='ocrx_word' id='word_1_269' title='bbox 248 3166 351 3220; x_wconf 82' lang='lat' dir='ltr'>sexus,</span> <span class='ocrx_word' id='word_1_270' title='bbox 367 3141 559 3207; x_wconf 80' lang='lat' dir='ltr'>conditionis</span> <span class='ocrx_word' id='word_1_271' title='bbox 573 3141 715 3219; x_wconf 87' lang='lat' dir='ltr'>diversae,</span> <span class='ocrx_word' id='word_1_272' title='bbox 726 3141 887 3217; x_wconf 88' lang='lat' dir='ltr'>etaetatis,</span> <span class='ocrx_word' id='word_1_273' title='bbox 900 3163 969 3225; x_wconf 83' lang='lat' dir='ltr'>quae</span> <span class='ocrx_word' id='word_1_274' title='bbox 985 3140 1052 3204; x_wconf 90' lang='lat' dir='ltr'>sine</span> <span class='ocrx_word' id='word_1_275' title='bbox 1067 3141 1172 3219; x_wconf 86' lang='lat' dir='ltr'>dubio,</span> <span class='ocrx_word' id='word_1_276' title='bbox 1185 3141 1271 3205; x_wconf 88' lang='lat' dir='ltr'>Divi-</span> 
     </span>
     <span class='ocr_line' id='line_1_34' title="bbox 174 3225 1271 3311; baseline -0.005 -16"><span class='ocrx_word' id='word_1_277' title='bbox 174 3230 287 3295; x_wconf 90' lang='lat' dir='ltr'>nitatis</span> <span class='ocrx_word' id='word_1_278' title='bbox 306 3229 458 3293; x_wconf 89' lang='lat' dir='ltr'>instinctu</span> <span class='ocrx_word' id='word_1_279' title='bbox 472 3230 513 3293; x_wconf 92' lang='lat' dir='ltr'>ad</span> <span class='ocrx_word' id='word_1_280' title='bbox 529 3227 714 3311; x_wconf 90' lang='lat' dir='ltr'>obsequium</span> <span class='ocrx_word' id='word_1_281' title='bbox 733 3225 907 3290; x_wconf 91' lang='lat' dir='ltr'>beatissimi</span> <span class='ocrx_word' id='word_1_282' title='bbox 928 3226 1114 3290; x_wconf 88' lang='lat' dir='ltr'>confessoris</span> <span class='ocrx_word' id='word_1_283' title='bbox 1133 3249 1171 3290; x_wconf 85' lang='lat' dir='ltr'>ac</span> <span class='ocrx_word' id='word_1_284' title='bbox 1188 3249 1271 3292; x_wconf 90' lang='lat' dir='ltr'>mar-</span> 
     </span>
     <span class='ocr_line' id='line_1_35' title="bbox 173 3312 1273 3400; baseline -0.001 -21"><span class='ocrx_word' id='word_1_285' title='bbox 173 3315 254 3400; x_wconf 86' lang='lat' dir='ltr'>tyris</span> <span class='ocrx_word' id='word_1_286' title='bbox 275 3316 457 3392; x_wconf 88' lang='lat' dir='ltr'>vocabatur,</span> <span class='ocrx_word' id='word_1_287' title='bbox 481 3320 515 3378; x_wconf 90' lang='lat' dir='ltr'>et</span> <span class='ocrx_word' id='word_1_288' title='bbox 536 3313 583 3376; x_wconf 89' lang='lat' dir='ltr'>ita</span> <span class='ocrx_word' id='word_1_289' title='bbox 603 3313 741 3377; x_wconf 90' lang='lat' dir='ltr'>fluminis</span> <span class='ocrx_word' id='word_1_290' title='bbox 761 3312 860 3396; x_wconf 89' lang='lat' dir='ltr'>ipsius</span> <span class='ocrx_word' id='word_1_291' title='bbox 883 3313 1058 3397; x_wconf 87' lang='lat' dir='ltr'>occupabat</span> <span class='ocrx_word' id='word_1_292' title='bbox 1083 3318 1214 3396; x_wconf 90' lang='lat' dir='ltr'>pontem</span> <span class='ocrx_word' id='word_1_293' title='bbox 1235 3320 1273 3378; x_wconf 92' lang='lat' dir='ltr'>ut</span> 
     </span>
     <span class='ocr_line' id='line_1_36' title="bbox 174 3397 1272 3485; baseline -0.001 -20"><span class='ocrx_word' id='word_1_294' title='bbox 174 3401 261 3465; x_wconf 87' lang='lat' dir='ltr'>iutra</span> <span class='ocrx_word' id='word_1_295' title='bbox 284 3423 448 3485; x_wconf 90' lang='lat' dir='ltr'>vesperam</span> <span class='ocrx_word' id='word_1_296' title='bbox 472 3399 611 3464; x_wconf 90' lang='lat' dir='ltr'>transire</span> <span class='ocrx_word' id='word_1_297' title='bbox 634 3399 686 3463; x_wconf 87' lang='lat' dir='ltr'>vix</span> <span class='ocrx_word' id='word_1_298' title='bbox 708 3403 827 3482; x_wconf 88' lang='lat' dir='ltr'>posset.</span> <span class='ocrx_word' id='word_1_299' title='bbox 872 3397 1017 3481; x_wconf 91' lang='lat' dir='ltr'>Denique</span> <span class='ocrx_word' id='word_1_300' title='bbox 1045 3397 1167 3463; x_wconf 90' lang='lat' dir='ltr'>cunctis</span> <span class='ocrx_word' id='word_1_301' title='bbox 1192 3421 1272 3483; x_wconf 89' lang='lat' dir='ltr'>pene</span> 
     </span>
     <span class='ocr_line' id='line_1_37' title="bbox 174 3482 1273 3572; baseline -0.003 -22"><span class='ocrx_word' id='word_1_302' title='bbox 174 3487 316 3572; x_wconf 88' lang='lat' dir='ltr'>egressis,</span> <span class='ocrx_word' id='word_1_303' title='bbox 336 3487 436 3570; x_wconf 88' lang='lat' dir='ltr'>judex</span> <span class='ocrx_word' id='word_1_304' title='bbox 458 3485 524 3548; x_wconf 90' lang='lat' dir='ltr'>sine</span> <span class='ocrx_word' id='word_1_305' title='bbox 546 3484 697 3568; x_wconf 91' lang='lat' dir='ltr'>obsequio</span> <span class='ocrx_word' id='word_1_306' title='bbox 719 3483 752 3546; x_wconf 92' lang='lat' dir='ltr'>in</span> <span class='ocrx_word' id='word_1_307' title='bbox 773 3482 903 3547; x_wconf 87' lang='lat' dir='ltr'>civitate</span> <span class='ocrx_word' id='word_1_308' title='bbox 925 3483 1123 3548; x_wconf 87' lang='lat' dir='ltr'>substiterat.</span> <span class='ocrx_word' id='word_1_309' title='bbox 1169 3484 1273 3569; x_wconf 84' lang='lat' dir='ltr'>Igitur</span> 
     </span>
     <span class='ocr_line' id='line_1_38' title="bbox 175 3569 1272 3654; baseline -0.001 -18"><span class='ocrx_word' id='word_1_310' title='bbox 175 3580 303 3636; x_wconf 88' lang='lat' dir='ltr'>sauctus</span> <span class='ocrx_word' id='word_1_311' title='bbox 313 3573 458 3636; x_wconf 89' lang='lat' dir='ltr'>Albanus</span> <span class='ocrx_word' id='word_1_312' title='bbox 468 3570 519 3634; x_wconf 92' lang='lat' dir='ltr'>cui</span> <span class='ocrx_word' id='word_1_313' title='bbox 529 3572 645 3634; x_wconf 91' lang='lat' dir='ltr'>ardens</span> <span class='ocrx_word' id='word_1_314' title='bbox 655 3569 759 3633; x_wconf 89' lang='lat' dir='ltr'>inerat</span> <span class='ocrx_word' id='word_1_315' title='bbox 768 3569 894 3632; x_wconf 92' lang='lat' dir='ltr'>devotio</span> <span class='ocrx_word' id='word_1_316' title='bbox 905 3569 1272 3654; x_wconf 86' lang='lat' dir='ltr'>mentisadmartyrium</span> 
     </span>
     <span class='ocr_line' id='line_1_39' title="bbox 133 3653 1271 3742; baseline -0.007 -18"><span class='ocrx_word' id='word_1_317' title='bbox 133 3689 167 3738; x_wconf 74' lang='lat'>³0</span> <span class='ocrx_word' id='word_1_318' title='bbox 175 3657 261 3722; x_wconf 90' lang='lat' dir='ltr'>ocius</span> <span class='ocrx_word' id='word_1_319' title='bbox 283 3657 454 3742; x_wconf 89' lang='lat' dir='ltr'>pervenire,</span> <span class='ocrx_word' id='word_1_320' title='bbox 470 3656 604 3720; x_wconf 85' lang='lat' dir='ltr'>accessit</span> <span class='ocrx_word' id='word_1_321' title='bbox 623 3657 666 3720; x_wconf 92' lang='lat' dir='ltr'>ad</span> <span class='ocrx_word' id='word_1_322' title='bbox 684 3661 871 3732; x_wconf 85' lang='lat' dir='ltr'>torrentem,</span> <span class='ocrx_word' id='word_1_323' title='bbox 891 3659 925 3718; x_wconf 90' lang='lat' dir='ltr'>et</span> <span class='ocrx_word' id='word_1_324' title='bbox 943 3653 1081 3739; x_wconf 85' lang='lat' dir='ltr'>dirigens</span> <span class='ocrx_word' id='word_1_325' title='bbox 1099 3655 1141 3718; x_wconf 88' lang='lat' dir='ltr'>ad</span> <span class='ocrx_word' id='word_1_326' title='bbox 1161 3655 1271 3717; x_wconf 84' lang='lat' dir='ltr'>caelum</span> 
     </span>
     <span class='ocr_line' id='line_1_40' title="bbox 174 3739 1272 3820; baseline -0.004 -14"><span class='ocrx_word' id='word_1_327' title='bbox 174 3743 291 3820; x_wconf 85' lang='lat' dir='ltr'>oculos,</span> <span class='ocrx_word' id='word_1_328' title='bbox 306 3743 388 3806; x_wconf 87' lang='lat' dir='ltr'>illico</span> <span class='ocrx_word' id='word_1_329' title='bbox 410 3743 528 3807; x_wconf 88' lang='lat' dir='ltr'>siccato</span> <span class='ocrx_word' id='word_1_330' title='bbox 550 3743 648 3819; x_wconf 83' lang='lat' dir='ltr'>alveo,</span> <span class='ocrx_word' id='word_1_331' title='bbox 664 3740 743 3805; x_wconf 89' lang='lat' dir='ltr'>vidit</span> <span class='ocrx_word' id='word_1_332' title='bbox 761 3741 881 3804; x_wconf 91' lang='lat' dir='ltr'>undam</span> <span class='ocrx_word' id='word_1_333' title='bbox 901 3740 965 3802; x_wconf 78' lang='lat' dir='ltr'>suis</span> <span class='ocrx_word' id='word_1_334' title='bbox 984 3739 1114 3803; x_wconf 87' lang='lat' dir='ltr'>cessisse</span> <span class='ocrx_word' id='word_1_335' title='bbox 1133 3761 1170 3802; x_wconf 89' lang='lat' dir='ltr'>ac</span> <span class='ocrx_word' id='word_1_336' title='bbox 1188 3739 1272 3803; x_wconf 85' lang='lat' dir='ltr'>viam</span> 
     </span>
     <span class='ocr_line' id='line_1_41' title="bbox 174 3824 1271 3914; baseline -0.005 -22"><span class='ocrx_word' id='word_1_337' title='bbox 174 3828 298 3892; x_wconf 89' lang='lat' dir='ltr'>dedisse</span> <span class='ocrx_word' id='word_1_338' title='bbox 318 3828 467 3914; x_wconf 89' lang='lat' dir='ltr'>vestigiis.</span> <span class='ocrx_word' id='word_1_339' title='bbox 513 3828 606 3908; x_wconf 74' lang='lat' dir='ltr'>Quod</span> <span class='ocrx_word' id='word_1_340' title='bbox 627 3849 699 3890; x_wconf 90' lang='lat' dir='ltr'>cum</span> <span class='ocrx_word' id='word_1_341' title='bbox 720 3825 805 3891; x_wconf 90' lang='lat' dir='ltr'>inter</span> <span class='ocrx_word' id='word_1_342' title='bbox 826 3825 904 3890; x_wconf 85' lang='lat' dir='ltr'>ahos</span> <span class='ocrx_word' id='word_1_343' title='bbox 926 3825 1022 3888; x_wconf 86' lang='lat' dir='ltr'>etiam</span> <span class='ocrx_word' id='word_1_344' title='bbox 1042 3825 1109 3908; x_wconf 90' lang='lat' dir='ltr'>ipse</span> <span class='ocrx_word' id='word_1_345' title='bbox 1131 3824 1271 3888; x_wconf 89' lang='lat' dir='ltr'>carnifex</span> 
     </span>
     <span class='ocr_line' id='line_1_42' title="bbox 174 3909 1271 3999; baseline -0.004 -22"><span class='ocrx_word' id='word_1_346' title='bbox 174 3914 228 3998; x_wconf 93' lang='lat' dir='ltr'>qui</span> <span class='ocrx_word' id='word_1_347' title='bbox 248 3937 320 3978; x_wconf 91' lang='lat' dir='ltr'>eum</span> <span class='ocrx_word' id='word_1_348' title='bbox 339 3934 543 3999; x_wconf 89' lang='lat' dir='ltr'>percussurus</span> <span class='ocrx_word' id='word_1_349' title='bbox 563 3919 643 3989; x_wconf 89' lang='lat' dir='ltr'>erat,</span> <span class='ocrx_word' id='word_1_350' title='bbox 658 3911 798 3990; x_wconf 91' lang='lat' dir='ltr'>vidisset,</span> <span class='ocrx_word' id='word_1_351' title='bbox 814 3910 975 3975; x_wconf 89' lang='lat' dir='ltr'>festinavit</span> <span class='ocrx_word' id='word_1_352' title='bbox 991 3910 1019 3974; x_wconf 87' lang='lat' dir='ltr'>ei</span> <span class='ocrx_word' id='word_1_353' title='bbox 1034 3909 1088 3973; x_wconf 92' lang='lat' dir='ltr'>ubi</span> <span class='ocrx_word' id='word_1_354' title='bbox 1108 3910 1150 3974; x_wconf 92' lang='lat' dir='ltr'>ad</span> <span class='ocrx_word' id='word_1_355' title='bbox 1167 3911 1271 3973; x_wconf 88' lang='lat' dir='ltr'>locum</span> 
     </span>
     <span class='ocr_line' id='line_1_43' title="bbox 174 3995 1270 4064; baseline -0.004 -2"><span class='ocrx_word' id='word_1_356' title='bbox 174 4000 368 4064; x_wconf 88' lang='lat' dir='ltr'>destinatum</span> <span class='ocrx_word' id='word_1_357' title='bbox 388 3999 484 4064; x_wconf 88' lang='lat' dir='ltr'>morti</span> <span class='ocrx_word' id='word_1_358' title='bbox 502 4006 632 4063; x_wconf 88' lang='lat' dir='ltr'>venerat</span> <span class='ocrx_word' id='word_1_359' title='bbox 652 4020 838 4062; x_wconf 88' lang='lat' dir='ltr'>occurrere:</span> <span class='ocrx_word' id='word_1_360' title='bbox 863 3995 977 4060; x_wconf 91' lang='lat' dir='ltr'>Divino</span> <span class='ocrx_word' id='word_1_361' title='bbox 995 3995 1143 4058; x_wconf 88' lang='lat' dir='ltr'>nimirum</span> <span class='ocrx_word' id='word_1_362' title='bbox 1162 3996 1270 4059; x_wconf 92' lang='lat' dir='ltr'>admo-</span> 
     </span>
     <span class='ocr_line' id='line_1_44' title="bbox 172 4081 1269 4170; baseline -0.002 -22"><span class='ocrx_word' id='word_1_363' title='bbox 172 4085 259 4150; x_wconf 90' lang='lat' dir='ltr'>nitus</span> <span class='ocrx_word' id='word_1_364' title='bbox 288 4085 449 4162; x_wconf 91' lang='lat' dir='ltr'>instinctu,</span> <span class='ocrx_word' id='word_1_365' title='bbox 479 4085 682 4170; x_wconf 90' lang='lat' dir='ltr'>projectoque</span> <span class='ocrx_word' id='word_1_366' title='bbox 711 4105 785 4147; x_wconf 91' lang='lat' dir='ltr'>ense</span> <span class='ocrx_word' id='word_1_367' title='bbox 815 4104 908 4166; x_wconf 90' lang='lat' dir='ltr'>quem</span> <span class='ocrx_word' id='word_1_368' title='bbox 937 4081 1083 4146; x_wconf 88' lang='lat' dir='ltr'>strictum</span> <span class='ocrx_word' id='word_1_369' title='bbox 1111 4087 1269 4158; x_wconf 87' lang='lat' dir='ltr'>tenuerat,</span> 
     </span>
    </p>
   </div>
   <div class='ocr_carea' id='block_1_5' title="bbox 173 4261 1270 4378">
    <p class='ocr_par' dir='ltr' id='par_1_5' title="bbox 173 4261 1270 4378">
     <span class='ocr_line' id='line_1_45' title="bbox 173 4261 1270 4376; baseline 0 -66"><span class='ocrx_word' id='word_1_370' title='bbox 173 4265 223 4376; x_wconf 56' lang='lat' dir='ltr'>mk</span> <span class='ocrx_word' id='word_1_371' title='bbox 239 4265 472 4376; x_wconf 48' lang='lat' dir='ltr'>mariammes</span> <span class='ocrx_word' id='word_1_372' title='bbox 482 4277 508 4310; x_wconf 79' lang='lat' dir='ltr'>se</span> <span class='ocrx_word' id='word_1_373' title='bbox 520 4264 551 4309; x_wconf 88' lang='lat' dir='ltr'>G.</span> <span class='ocrx_word' id='word_1_374' title='bbox 606 4261 711 4324; x_wconf 82' lang='lat' dir='ltr'>lrefert</span> <span class='ocrx_word' id='word_1_375' title='bbox 722 4262 752 4309; x_wconf 86' lang='lat' dir='ltr'>V.</span> <span class='ocrx_word' id='word_1_376' title='bbox 816 4271 839 4301; x_wconf 80' lang='lat' dir='ltr'>m</span> <span class='ocrx_word' id='word_1_377' title='bbox 857 4261 961 4308; x_wconf 80' lang='lat' dir='ltr'>emolliri</span> <span class='ocrx_word' id='word_1_378' title='bbox 972 4262 1002 4308; x_wconf 89' lang='lat' dir='ltr'>V.</span> <span class='ocrx_word' id='word_1_379' title='bbox 1074 4266 1182 4310; x_wconf 72' lang='lat' dir='ltr'>”crena</span> <span class='ocrx_word' id='word_1_380' title='bbox 1194 4263 1230 4310; x_wconf 86' lang='lat' dir='ltr'>St.</span> <span class='ocrx_word' id='word_1_381' title='bbox 1239 4261 1270 4310; x_wconf 88' lang='lat' dir='ltr'>G.</span> 
     </span>
     <span class='ocr_line' id='line_1_46' title="bbox 200 4343 1176 4378; baseline 0.002 0"><span class='ocrx_word' id='word_1_382' title='bbox 200 4343 239 4378; x_wconf 87' lang='lat' dir='ltr'>ce</span> <span class='ocrx_word' id='word_1_383' title='bbox 285 4344 327 4376; x_wconf 84' lang='grc' dir='ltr'>ιι.</span> <span class='ocrx_word' id='word_1_384' title='bbox 1174 4355 1176 4360; x_wconf 38' lang='lat' dir='ltr'>v</span> 
     </span>
    </p>
   </div>
   <div class='ocr_carea' id='block_1_6' title="bbox 172 4455 1271 4586">
    <p class='ocr_par' dir='ltr' id='par_1_6' title="bbox 172 4455 1271 4586">
     <span class='ocr_line' id='line_1_47' title="bbox 207 4455 1271 4522; baseline -0.004 -14"><span class='ocrx_word' id='word_1_385' title='bbox 207 4473 247 4522; x_wconf 77' lang='lat'>32·</span> <span class='ocrx_word' id='word_1_386' title='bbox 264 4462 343 4507; x_wconf 73' lang='lat' dir='ltr'>barm</span> <span class='ocrx_word' id='word_1_387' title='bbox 358 4459 520 4520; x_wconf 75' lang='lat' dir='ltr'>destinatam]</span> <span class='ocrx_word' id='word_1_388' title='bbox 540 4458 607 4507; x_wconf 84' lang='lat' dir='ltr'>Olim</span> <span class='ocrx_word' id='word_1_389' title='bbox 625 4457 772 4507; x_wconf 84' lang='lat' dir='ltr'>Holmburst</span> <span class='ocrx_word' id='word_1_390' title='bbox 788 4464 815 4504; x_wconf 86' lang='lat' dir='ltr'>ut</span> <span class='ocrx_word' id='word_1_391' title='bbox 833 4455 907 4516; x_wconf 78' lang='lat' dir='ltr'>vulgo</span> <span class='ocrx_word' id='word_1_392' title='bbox 927 4455 1024 4516; x_wconf 77' lang='lat' dir='ltr'>legitur,</span> <span class='ocrx_word' id='word_1_393' title='bbox 1036 4457 1078 4504; x_wconf 87' lang='lat' dir='ltr'>sed</span> <span class='ocrx_word' id='word_1_394' title='bbox 1093 4464 1121 4504; x_wconf 89' lang='lat' dir='ltr'>ut</span> <span class='ocrx_word' id='word_1_395' title='bbox 1134 4457 1159 4504; x_wconf 88' lang='lat' dir='ltr'>in</span> <span class='ocrx_word' id='word_1_396' title='bbox 1177 4457 1271 4518; x_wconf 89' lang='lat' dir='ltr'>optimo</span> 
     </span>
     <span class='ocr_line' id='line_1_48' title="bbox 172 4520 1252 4586; baseline -0.006 -13"><span class='ocrx_word' id='word_1_397' title='bbox 172 4524 308 4586; x_wconf 80' lang='lat' dir='ltr'>exemplari</span> <span class='ocrx_word' id='word_1_398' title='bbox 319 4524 441 4573; x_wconf 81' lang='lat' dir='ltr'>Johannis</span> <span class='ocrx_word' id='word_1_399' title='bbox 451 4524 572 4573; x_wconf 83' lang='lat' dir='ltr'>Tinmuth</span> <span class='ocrx_word' id='word_1_400' title='bbox 583 4525 609 4572; x_wconf 89' lang='lat' dir='ltr'>in</span> <span class='ocrx_word' id='word_1_401' title='bbox 620 4522 771 4572; x_wconf 80' lang='lat' dir='ltr'>Bibliotheca</span> <span class='ocrx_word' id='word_1_402' title='bbox 783 4521 957 4581; x_wconf 83' lang='lat' dir='ltr'>Lambethana,</span> <span class='ocrx_word' id='word_1_403' title='bbox 970 4520 1124 4584; x_wconf 81' lang='lat' dir='ltr'>Holyuhirst.</span> <span class='ocrx_word' id='word_1_404' title='bbox 1136 4522 1159 4569; x_wconf 84' lang='lat' dir='ltr'>S.</span> <span class='ocrx_word' id='word_1_405' title='bbox 1250 4539 1252 4542; x_wconf 95' lang='lat'>·</span> 
     </span>
    </p>
   </div>
   <div class='ocr_carea' id='block_1_7' title="bbox 217 4609 735 4652">
    <p class='ocr_par' dir='ltr' id='par_1_7' title="bbox 217 4609 735 4652">
     <span class='ocr_line' id='line_1_49' title="bbox 217 4609 735 4652; baseline -0.006 -2"><span class='ocrx_word' id='word_1_406' title='bbox 217 4611 315 4652; x_wconf 65' lang='grc' dir='ltr'>ΒΜΔ,</span> <span class='ocrx_word' id='word_1_407' title='bbox 715 4609 735 4647; x_wconf 91' lang='lat' dir='ltr'>D</span> 
     </span>
    </p>
   </div>
   <div class='ocr_carea' id='block_1_8' title="bbox 0 0 1554 5125">
    <p class='ocr_par' dir='ltr' id='par_1_8' title="bbox 0 0 1554 5125">
     <span class='ocr_line' id='line_1_50' title="bbox 0 0 1554 5125; baseline 0 0"><span class='ocrx_word' id='word_1_408' title='bbox 0 0 1554 5125; x_wconf 95' lang='lat' dir='ltr'> </span> 
     </span>
    </p>
   </div>
  </div>
 </body>
</html>
