3100 5125
81 341 177 384 -ιο,
476 317 641 385 GENTIS
663 318 939 385 ANGLORUM.
1218 321 1257 383 921

160 470 305 537 videlieet
329 472 417 537 intra
437 494 545 537 muros
568 472 734 557 Aquileiae,
757 480 874 559 ²capto
899 478 997 558 atque
1022 470 1125 537 occiso
1148 472 1190 536 ab
1216 469 1261 535 eis

162 558 306 622 Maximo
320 564 466 642 tyranno.

616 663 727 728 OAP.
757 663 804 727 Χ.

204 766 242 824 Ut
255 768 376 823 Arcadio
395 776 532 843 reparate,
546 766 678 843 Pelagius
689 767 782 824 Britto
797 774 891 824 contra
903 766 1023 843 gratiam
1037 766 1093 823 Dei
1105 767 1220 842 superba

166 864 169 869 ·
594 848 664 905 bella
676 852 831 923 susceperit.

207 944 302 1005 Auro
331 944 373 1007 ab
401 942 618 1007 incarnatione
644 942 774 1005 Domini
803 941 1026 1007 trecentesimo
1055 942 1260 1027 nonagesimo

121 1036 298 1112 20⁸quarto
313 1028 472 1092 Arcadius
492 1029 576 1092 filius
598 1027 768 1092 Theodosii
789 1051 861 1091 cnm
883 1028 982 1091 fratre
1005 1026 1160 1105 Honorio,
1185 1051 1260 1113 qua-

162 1114 358 1199 dragesimus
372 1114 487 1179 tertius
496 1116 538 1178 ab
547 1115 696 1199 Augusto
711 1135 845 1199 regnum
856 1112 1035 1197 suscipiens,
1046 1113 1150 1178 tenuit
1161 1135 1261 1177 annos
1271 1121 1398 1171 amenius.

162 1200 323 1263 tredecim.
358 1201 456 1285 Cujus
470 1202 666 1285 temporibus
682 1200 831 1285 Pelagius
842 1199 969 1262 bBritto
984 1206 1096 1263 contra
1111 1199 1261 1263 auxilinm

161 1285 275 1369 gratiae
298 1308 441 1370 supernae
456 1308 576 1350 venena
597 1308 663 1349 suae
684 1286 824 1369 perfidiae
847 1286 939 1370 longe
958 1284 1084 1369 lateque
1103 1285 1260 1370 dispersit,
1272 1296 1379 1345 Heresis

163 1377 256 1435 utens
276 1378 481 1456 cooperatore
501 1374 524 1435 J
527 1372 632 1435 uliano
646 1373 687 1435 de
702 1370 885 1455 Campania,
903 1391 996 1454 quem
1016 1371 1135 1434 dudum
1154 1371 1263 1435 amissi
1271 1362 1370 1423 Pelagii.

163 1456 364 1542 episcopatus
386 1458 601 1543 intemperans
626 1457 740 1542 cupido
766 1456 970 1542 exagitabat:
999 1456 1113 1539 quibus
1135 1463 1264 1521 sanctus

123 1573 154 1621 25
164 1543 365 1629 Augustinus
386 1543 468 1608 siout
494 1551 528 1609 et
549 1544 656 1608 caeteri
677 1549 787 1628 patres
809 1542 980 1606 orthodoxi
1005 1542 1113 1607 multis
1139 1550 1263 1607 senten-

162 1628 282 1693 tiarum
303 1629 530 1694 catholicarum
546 1630 683 1693 millibus
697 1629 938 1713 responderunt,
953 1649 1011 1691 neo
1031 1649 1141 1691 eorum
1154 1634 1264 1692 tamen

164 1714 357 1779 dementiam
371 1716 528 1801 corrigere
536 1715 703 1779 valebant:
728 1715 794 1791 sed,
808 1715 892 1797 quod
906 1714 1033 1798 gravius
1048 1720 1106 1790 est,
1117 1720 1265 1799 correpta

163 1822 273 1864 eorum
287 1801 415 1865 vesania
436 1802 538 1887 magis
559 1822 727 1887 augescere
749 1798 996 1864 contradicendo
1015 1821 1110 1883 quam
1130 1800 1263 1863 favendo

163 1887 291 1951 veritati
305 1886 406 1951 voluit
419 1887 622 1951 cemundari:
646 1886 732 1970 quod
748 1885 857 1970 pulcre
871 1884 1013 1948 versibus
1034 1884 1169 1949 heroicis
1184 1884 1263 1948 Pro-

164 1993 238 2057 sper
252 1972 376 2037 Rhetor
389 1972 540 2050 insinuat,
556 1995 628 2035 cum
642 1972 690 2035 ait
702 1995 710 2033 ε

295 2077 409 2139 Ooctrc
423 2074 630 2160 Acpmtiaum
644 2084 795 2137 rmrrotar
809 2094 924 2157 serpere
938 2073 1064 2157 quidam

122 2187 156 2232 30
337 2161 486 2245 Scm'pator,
502 2182 588 2246 quem
603 2160 718 2223 dudum
734 2160 812 2223 licor
826 2158 933 2222 adurit
947 2158 1033 2221 edam

1192 2245 1266 2325 Quis

196 2399 251 2439 zet
261 2399 331 2455 capte
340 2392 370 2440 V.
436 2392 557 2453 anaia,
569 2393 666 2452 Bretto,
679 2392 762 2441 Bruto
773 2392 805 2439 V.
871 2389 994 2453 bseptimo
1006 2391 1036 2440 V.
1103 2391 1265 2449 emendari,

164 2470 250 2505 omnes
261 2465 361 2519 excepto
374 2456 440 2505 Mori
452 2458 506 2505 MS.

199 2589 237 2639 16.
253 2592 323 2638 intra
334 2604 418 2637 muros
427 2590 557 2652 Aquileia]
581 2588 655 2638 Oros.
666 2588 707 2636 vii.
720 2602 760 2650 35.
788 2586 874 2636 Tertio
889 2587 1044 2648 ab‘hqnileia
1061 2587 1149 2649 lapide,
1165 2587 1267 2646 Prosper
1341 2597 1342 2602 ¹

165 2657 197 2703 ad
208 2671 229 2703 s.
241 2655 300 2717 389.
316 2656 341 2702 8.
377 2655 503 2702 Maximus
518 2655 657 2702 Theodosio
672 2654 776 2701 traditus
793 2653 841 2700 fuit
852 2667 867 2699 a
878 2653 929 2700 suis
945 2653 1050 2701 adventu
1068 2653 1129 2714 regii
1144 2651 1266 2698 exereitus

165 2719 309 2780 perterritis,
320 2726 346 2767 et
354 2718 424 2780 jussu
436 2719 575 2766 Theodosio
586 2719 680 2766 occisus
690 2717 797 2780 Augusti
808 2719 833 2764 d.
845 2729 886 2778 27.
897 2719 926 2764 Α.
936 2717 968 2764 D.
982 2716 1038 2778 388.
1054 2715 1192 2764 Theodosio
1203 2715 1228 2762 ii.
1241 2721 1266 2762 et

165 2785 277 2848 Cynegia
288 2785 356 2832 Coss.
387 2784 444 2837 vid.
456 2785 550 2832 Socrat.
564 2784 628 2831 Hist.
640 2799 665 2829 v.
677 2795 713 2841 14.

199 2863 237 2896 az.
252 2846 329 2910 eujus
336 2849 492 2910 tenporibus]
508 2848 615 2896 Heresis
622 2848 754 2908 Pelagiana
763 2846 884 2908 originem
896 2846 965 2892 ducit
976 2861 989 2891 a
1001 2844 1150 2906 temporibus
1160 2844 1267 2906 Arcadii,

165 2915 207 2962 sed
219 2915 306 2961 diffusa
317 2922 356 2962 est
366 2914 485 2973 precipue
501 2912 652 2974 temporibus
665 2911 771 2958 Honorii
782 2917 807 2958 et
817 2911 948 2958 Tbeodosii
965 2910 1075 2970 minoris,
1087 2909 1144 2957 vide
1156 2911 1267 2969 Prosper.

165 2981 196 3026 ad
208 2993 231 3025 a.
242 2993 299 3038 4¹4·
332 2978 424 3025 Seriem
442 2992 561 3025 annorum
578 2976 680 3039 digessit
695 2991 726 3024 ex
741 2976 852 3037 professo
864 2975 998 3024 Garnerius
1009 2975 1039 3022 ad
1052 2973 1159 3022 Marium
1172 2975 1267 3022 Merca-

165 3051 243 3092 torem
256 3059 271 3090 a
297 3057 336 3103 ag.
347 3056 375 3088 12
395 3077 401 3087 .
418 3043 444 3090 S.

198 3107 234 3155 lb.
248 3059 345 3167 Bdittc]
367 3054 402 3154 tit
413 3107 444 3154 ab
455 3106 498 3153 illo
505 3106 697 3168 distingueretur
705 3103 747 3166 qui
754 3103 869 3166 Pelagius
877 3103 1028 3152 Tarentinus
1039 3103 1128 3150 dicitnr
1136 3102 1266 3164 Angustia.

165 3173 211 3232 Ep.
223 3172 262 3219 ad.
274 3171 371 3219 Paulin.
383 3170 438 3231 106,
450 3179 522 3232 atque
532 3171 607 3219 etiam
616 3175 644 3216 ut
653 3185 668 3217 a
676 3169 776 3231 Pelagio
787 3169 874 3231 quovis
884 3168 965 3226 Galle,
974 3169 1089 3216 Scottove
1100 3167 1267 3216 commentitio

166 3237 241 3284 distin
267 3243 339 3284 ratur.
355 3237 383 3283 S.

199 3251 360 3361 “dilutione
370 3301 401 3348 de
415 3299 562 3362 Campania]
583 3299 613 3346 lu
624 3299 767 3360 prefatione
777 3297 852 3346 Bedae
864 3298 894 3344 ad
906 3296 1008 3344 Cantica
1024 3296 1144 3344 editiones
1153 3295 1268 3357 vulgares

165 3367 231 3414 lmnc
241 3365 370 3413 Julianum
384 3365 543 3412 Celanensem
555 3365 585 3411 de
596 3363 732 3424 Campanis
741 3369 846 3410 vocant:
865 3363 890 3408 in
901 3360 966 3408 Petri
978 3361 1052 3409 Diae.
1062 3361 1090 3408 Ι..
1101 3361 1130 3408 de
1142 3361 1267 3408 incarnat.

166 3430 381 3484 Edsuensem,sed
394 3431 420 3476 in
432 3430 542 3490 Prosperi
554 3427 676 3477 Chronico
687 3435 752 3476 recte
769 3427 913 3476 Eclanensis
924 3425 1019 3474 dieitur.
1044 3427 1090 3474 Est
1101 3433 1182 3474 autem
1196 3425 1267 3473 Ecla·

57 3525 62 3533 -
166 3510 225 3542 num
238 3495 297 3543 urbs
309 3493 470 3555 Hirpinorum
483 3495 508 3541 in
520 3492 658 3541 confinibus
669 3493 810 3553 Campania
821 3499 845 3540 et
857 3490 961 3552 Apulia,
973 3491 1069 3552 utrique
1081 3489 1212 3551 provinciae
1223 3504 1267 3550 pro

166 3560 241 3608 variis
251 3558 348 3620 imperii
359 3559 520 3606 divisionibus
531 3559 652 3619 deputata.
682 3557 776 3604 Eclano
787 3557 917 3617 destructo,
930 3555 998 3602 sedes
1008 3555 1183 3618 Frequeatum,
1192 3555 1268 3616 vulgo

103 3629 115 3659 ‘·
166 3625 301 3686 Fregenis,
311 3624 456 3672 translatum
469 3623 522 3670 fuit.
547 3623 691 3670 Holstenlns
700 3622 725 3668 in
733 3621 841 3670 Cluverii
853 3620 960 3669 ltaliam.
973 3621 999 3668 S.
1022 3621 1094 3668 Conf.
1107 3619 1190 3667 Neris.
1199 3619 1265 3667 llist.

122 3680 133 3703 Χ
167 3689 250 3752 Pelag.
262 3689 279 3737 i.
294 3688 332 3736 18.
351 3688 453 3736 Gamer.
466 3689 497 3736 sd
509 3688 572 3735 Mar.
587 3687 664 3734 Mero.
677 3687 743 3735 Dies.
756 3688 772 3734 i.
785 3685 808 3748 6,
820 3687 866 3733 &a
1274 3715 1276 3720 .

201 3754 238 3802 lb.
254 3755 341 3800 amma
352 3753 513 3814 epbccpanm]
536 3753 594 3800 llaec
606 3758 664 3798 snm
678 3751 753 3798 verba
769 3750 880 3810 Prosperi
893 3751 922 3796 ad
935 3765 957 3798 a.
968 3763 1025 3810 440.
1047 3746 1196 3810 [Theodosio
1208 3746 1267 3794 xvii.

167 3826 193 3867 et
203 3819 275 3866 Festo
287 3818 356 3867 Coss.
368 3819 401 3865 A.
407 3818 439 3864 D.
448 3831 504 3878 439.
522 3817 603 3878 Prosp.
617 3816 674 3864 Chr.
686 3817 712 3862 in
724 3814 891 3870 CanisThes.
903 3814 920 3862 i.
933 3830 955 3876 p.
967 3814 1035 3876 303]
1057 3813 1183 3860 lulianum
1197 3826 1268 3872 porro

166 3891 193 3932 et
206 3883 375 3939 Pleromatis
388 3897 445 3930 enm
461 3882 565 3930 Orontio
575 3889 601 3930 et
612 3880 686 3928 Fabio
701 3888 726 3928 et
741 3880 798 3928 aliis
813 3880 921 3941 ejusdem
937 3887 1015 3940 sectae,
1027 3876 1204 3939 episcopatibus
1219 3877 1269 3924 suis

166 3948 236 3996 exuit
246 3947 392 3996 Calamus
403 3962 473 4008 papa.
489 3948 514 3994 8.

202 4012 240 4060 28.
253 4013 363 4060 matur
373 4012 488 4074 taciem]
508 4010 623 4058 Carmine
631 4008 725 4056 seilicet
733 4009 758 4056 in
766 4009 962 4057 obtrectatorem
969 4005 1111 4068 Augustini,
1121 4005 1270 4066 ealestium,

167 4084 196 4126 nt
207 4078 392 4139 videtur,·quen1
402 4076 520 4124 allusione
531 4074 627 4135 poetica
634 4074 750 4135 AEqcerei
758 4073 882 4130 Britanni,
892 4071 908 4118 i.
919 4087 941 4120 e.
953 4071 1074 4132 Pelagius,
1083 4077 1108 4118 et
1116 4070 1271 4131 Campanum

168 4157 280 4203 maren,
292 4142 309 4190 i.
318 4157 340 4190 e.
356 4142 479 4200 Julianus,
490 4140 567 4186 livore
580 4138 750 4198 impleverunt.
766 4138 791 4184 S.
827 4136 956 4198 Elegiacos
973 4151 1058 4184 versus
1073 4135 1141 4182 Beda
1162 4135 1272 4184 heroicos

167 4214 241 4255 voest
250 4207 317 4254 infra
327 4223 351 4254 v.
362 4205 378 4252 8
390 4225 396 4252 2
415 4205 457 4252 sed
469 4205 586 4267 hymnum
604 4217 675 4250 suum
688 4204 718 4249 de
729 4200 887 4264 AEdiltbryda
899 4203 1008 4261 elegiace
1019 4207 1097 4249 mairo
1109 4200 1271 4262 compositum

168 4273 244 4320 inisse
256 4271 291 4318 ait
303 4272 336 4318 iv.
351 4285 398 4318 ao:
417 4270 521 4330 deniqne
532 4268 623 4315 librum
639 4282 711 4314 suum
726 4267 938 4328 Epigrammatum
956 4267 1051 4314 basico
1065 4271 1143 4312 metro
1160 4267 1211 4314 sive
1227 4267 1273 4312 ele·

166 4338 241 4397 giaco
253 4352 275 4383 v.
289 4349 328 4394 ²4·
341 4335 383 4381 lin.
412 4334 484 4382 Coni.
498 4332 653 4381 aldhelmum
665 4332 804 4392 loquentem
817 4330 847 4377 de
858 4330 958 4391 Sednlii,
970 4330 1097 4392 Mellficis
1108 4329 1273 4378 Hercicmasm

166 4401 288 4454 cadim,
302 4400 367 4447 inter
377 4398 498 4446 Bonifatii
511 4397 589 4458 Epist.
601 4396 661 4444 lxix.
674 4412 697 4457 p.
707 4398 746 4459 87.
760 4398 838 4444 Serae.

202 4465 240 4512 lb.
250 4464 356 4526 Rhetor]
371 4463 473 4512 Vossius
482 4462 547 4510 llist.
557 4462 612 4510 Lat.
622 4462 647 4509 ii.
664 4461 727 4523 [17.]
744 4459 845 4520 conjicit
853 4459 901 4522 legi
910 4460 949 4508 hic
959 4459 1046 4508 debere
1058 4458 1210 4522 Rhegiensb,
1218 4471 1275 4519 eup-

168 4543 263 4592 ponens
275 4529 419 4589 Prospermn
430 4528 570 4590 episcopum
586 4527 750 4589 Rhegicnsem
767 4525 850 4587 finisse,
862 4539 918 4574 eum
930 4531 1014 4574 tamen
1030 4523 1073 4573 ille
1090 4537 1210 4586 nusquam
1225 4521 1276 4584 epi·

167 4609 257 4657 scopus
269 4594 323 4641 init.
335 4593 363 4642 8.
