3100 5125
491 346 655 412 cruris
677 348 1000 422 russonum..
1093 315 1095 318 ’
1202 355 1267 422 me

131 494 223 580 ioqui
238 502 316 560 tunc
330 498 414 562 forte
428 498 468 562 de
482 507 578 584 gente
597 522 655 564 sua
669 500 893 584 superveniens
905 500 1027 578 aderat,
1042 503 1195 570 utendam
1209 525 1268 591 pro

169 581 307 646 Domino
322 582 461 648 offerret.
506 584 568 649 Est
581 592 690 649 autem
711 607 860 651 mensura
879 586 1021 670 ejusdem
1041 587 1161 664 insulae,
1173 589 1269 672 juxta

167 667 413 734 aestimationem
430 668 616 755 Anglorum,
627 670 713 736 mille
727 673 937 736 ducentarum
951 672 1159 737 familiarum:
1183 675 1267 738 unde

169 753 257 820 data
273 761 323 819 est
346 754 494 839 episcopo
522 756 680 840 possessio
705 764 801 821 terrae
825 764 1043 821 trecentarum
1065 758 1266 823 familiarum.

152 915 155 919 .
169 838 218 902 At
232 839 301 924 ipse
315 846 440 923 partem
455 841 697 990 (fflmmpit'
710 843 943 912 commendavit
954 843 1079 908 cuidam
1094 843 1134 910 de
1148 845 1268 908 clericis

169 925 244 1000 suis,
260 924 311 988 cui
331 947 446 989 nomen
508 927 622 1004 rnuini,
638 935 672 992 et
694 936 764 993 erat
786 928 869 991 filius
891 928 1008 992 sororis
1030 929 1107 1013 ejus,
1123 931 1203 994 dans
1224 930 1268 994 illi
1280 945 1404 995 Bernuini.

169 1011 389 1094 presbyterum
409 1012 535 1076 nomine
551 1013 691 1090 Hiddila‚
707 1015 761 1098 qui
776 1014 923 1077 omnibus
938 1014 991 1099 qui
1014 1015 1127 1080 salvari
1142 1015 1267 1093 vellent,
1278 1035 1386 1085 uiduis.

133 1097 299 1166 r5verbum
314 1119 352 1160 ac
366 1098 527 1162 lavacrum
541 1098 615 1163 vitae
629 1099 834 1166 ministraret.

213 1181 281 1245 Ubi
303 1181 429 1247 silentio
450 1185 706 1267 praetereundum
727 1207 792 1248 non
814 1207 883 1249 esse
903 1206 984 1262 reor,
1001 1185 1085 1269 quod
1100 1185 1133 1252 in
1148 1183 1431 1270 lprimi-imcum

169 1266 232 1331 tias
254 1289 363 1331 eorum
385 1269 439 1354 qui
461 1270 634 1334 decadem
657 1270 760 1336 insula
781 1271 940 1335 eredendo
964 1269 1077 1334 salvati
1101 1278 1186 1346 sunt,
1205 1271 1407 1335 duommlm·

168 1352 248 1438 regii
277 1355 367 1437 pueri
391 1357 517 1434 fratres,
541 1355 686 1421 videlicet
716 1355 851 1420 Arualdi
877 1355 961 1440 regis
992 1355 1111 1433 insulse,
1142 1357 1269 1440 speciali

170 1446 246 1503 sunt
255 1439 316 1502 Dei
330 1440 437 1525 gratia
451 1442 613 1505 coronati:
637 1442 792 1526 siquidem
813 1440 1049 1505 imminentibus
1070 1441 1180 1506 insulae
1197 1443 1269 1506 hos·

173 1524 268 1600 tibus,
291 1525 367 1611 iuga
388 1527 469 1612 lapsi
490 1533 566 1591 sunt
587 1529 627 1592 de
649 1528 760 1606 insula,
775 1535 811 1592 et
833 1526 866 1594 in
878 1527 1066 1612 proximam
1084 1527 1140 1590 mJ
1141 1534 1269 1591 uterum

111 1610 365 1695 ·soprovinoiam
386 1613 553 1688 translati:
579 1615 633 1678 ubi
653 1636 726 1678 eum
740 1613 860 1680 ndelati
882 1613 914 1676 in
936 1613 1039 1676 locum
1061 1612 1114 1698 qui
1137 1619 1270 1680 vocatur

173 1697 231 1759 Ad
244 1697 401 1782 lapidem,
417 1699 604 1764 occidendos
626 1721 660 1763 se
678 1723 699 1764 a
717 1700 797 1764 faeie
810 1698 895 1784 regis
909 1697 1037 1763 victoris
1052 1698 1268 1774 credidissent,
1280 1715 1400 1778 adnept-

173 1781 292 1865 proditi
313 1791 398 1861 sunt,
418 1791 516 1870 atque
538 1785 641 1849 occidi
661 1785 751 1869 jussi.
796 1785 889 1865 Quod
911 1805 983 1847 cum
1004 1783 1146 1849 audisset
1169 1785 1270 1848 abbas
1278 1782 1344 1829 ‘¹0¹⁰-

172 1867 302 1952 quidam
323 1877 357 1934 et
378 1872 555 1955 presbyter,
571 1872 723 1935 voeabula
745 1871 925 1956 (lyniberct
947 1870 1068 1934 habens
1091 1893 1155 1933 non
1177 1870 1419 1955 longeCyniberct

172 1953 214 2016 ab
238 1953 311 2018 inde
334 1956 562 2022 monasterium
584 1956 616 2018 in
640 1957 709 2020 loco
732 1957 786 2040 qui
800 1962 933 2022 vocatur
948 1955 1136 2030 Hreutfcrd,
1155 1955 1188 2020 id
1209 1962 1422 2033 asturensem.

180 2038 301 2102 Vadam
315 2040 508 2117 ismaelitis,
524 2041 611 2106 venit
631 2042 674 2106 ad
695 2065 812 2127 regem,
828 2041 882 2125 qui
897 2047 974 2105 tunc
989 2041 1128 2104 ⁰eisdem
1148 2041 1181 2104 in
1198 2063 1270 2126 par-

133 2139 163 2192 ¹⁵
173 2124 260 2187 tibus
280 2127 423 2190 occultus
442 2128 616 2191 curabatur
629 2150 651 2191 a
664 2128 846 2192 vulneribus
861 2149 931 2212 quae
953 2127 981 2190 oi
1004 2126 1125 2190 inflicta
1144 2126 1271 2191 fucrant

172 2209 330 2296 praelianti
352 2210 385 2274 in
407 2213 509 2276 insula
525 2213 649 2277 Vecta:
672 2212 907 2298 postulavitque
922 2213 964 2276 ab
978 2233 1025 2288 eo,
1042 2220 1080 2276 ut
1097 2212 1124 2274 si
1143 2233 1271 2275 neeesse

171 2302 256 2361 esset
271 2319 385 2381 pueros
399 2298 543 2376 interfici,
560 2299 647 2383 prius
662 2321 717 2362 eos
731 2299 864 2362 ulceret
877 2297 951 2361 fidei
964 2297 1152 2363 Christianae
1167 2319 1271 2361 sacra

170 2381 287 2446 mentis
312 2383 420 2448 imbui.
465 2384 629 2448 Gonoessit
651 2407 718 2462 rex,
738 2384 860 2468 etipse
882 2384 1055 2448 instructos
1077 2384 1173 2446 verbo
1192 2384 1269 2447 veri-

170 2467 258 2543 tatis,
274 2490 313 2532 ac
332 2469 421 2533 fonte
439 2470 634 2534 aSalvatoris
657 2471 793 2547 ablutos,
817 2471 857 2532 de
880 2469 1022 2554 ingressu
1045 2468 1134 2554 regni
1157 2468 1270 2532 aeterni

171 2560 277 2618 certos
291 2554 440 2620 reddidit.
487 2557 629 2641 Moxque
650 2556 693 2620 illi
715 2556 857 2621 instante
879 2554 1033 2631 carnifice,
1049 2560 1184 2618 mortem
1204 2553 1270 2619 laeti

172 2640 296 2704 subiere
311 2643 517 2725 temporalem
532 2665 589 2726 per
603 2664 699 2727 quam
716 2665 751 2706 se
771 2644 815 2706 ad
832 2642 930 2705 vitam
953 2640 1066 2705 animae
1084 2647 1271 2724 perpetuam

132 2747 237 2795 3onon
252 2726 444 2791 dubitabant
458 2749 527 2792 esse
541 2730 742 2792 transituras.
789 2728 861 2791 Hoc
876 2748 952 2811 ergo
967 2725 1086 2802 ordine,
1101 2732 1271 2810 postquam

173 2833 283 2875 omnes
298 2812 530 2877 Brittaniarum
544 2814 713 2898 provinciae
727 2814 823 2876 fidem
839 2811 958 2877 Ohristi
973 2818 1188 2895 susceperant,
1204 2832 1271 2875 sus-

233 2897 240 2911 ’
334 2898 342 2912 '
585 2899 593 2914 ⁰
807 2909 810 2917 ¹
1115 2910 1125 2941 l'

172 2900 832 3070 §itatiltttlsimtmqttttl
843 2899 1271 3067 ..tltttfttptttt

173 3068 370 3148 Danihelem
387 3070 440 3156 qui
460 3092 543 3133 nuno
559 3070 810 3135 Occidentalium
832 3071 1012 3133 ⁵Saxonum
1027 3075 1077 3133 est
1096 3069 1270 3155 episeopus,
1280 3084 1394 3134 Danihel.

172 3155 304 3237 aooepit.

229 3239 301 3304 Sita
325 3248 376 3305 est
400 3248 509 3305 autem
537 3242 606 3305 haec
635 3240 738 3305 insula
766 3247 880 3305 contra
908 3239 1046 3303 medium
1073 3239 1272 3304 Australium
1281 3254 1408 3305 Vectem-

130 3341 163 3393 ss
175 3324 337 3424 Saxonum
352 3334 386 3391 et
402 3327 615 3404 Geuissorum,
634 3326 822 3425 interposito
844 3324 955 3425 pelago
975 3325 1153 3390 latitudinis
1173 3326 1273 3425 trium
1281 3331 1328 3371 ‘¹³⁸-

173 3410 305 3474 mrlhum
325 3414 410 3496 quod
432 3419 564 3477 vocatur
586 3412 752 3476 Solvente:
777 3434 810 3474 m
826 3434 888 3496 quo
902 3411 1048 3474 videlicet
1072 3412 1184 3497 pelago
1205 3412 1403 3476 brnideenta

171 3503 271 3561 aestus
293 3498 402 3562 oceani
418 3498 472 3582 qui
489 3498 605 3562 circum
629 3497 824 3564 Brittaniam
846 3519 886 3561 ex
908 3495 1032 3561 infinito
1054 3519 1172 3562 oceano
1187 3505 1271 3582 tsepe

206 3705 339 3766 lpn'ms‘tia
350 3705 381 3753 V.
474 3714 492 3739 ¹
505 3705 618 3752 Vstomm
629 3704 659 3752 V.
745 3715 760 3743 n
775 3704 812 3751 lta
823 3706 877 3753 cod.
890 3704 954 3752 Mor.
969 3707 1046 3753 delati
1057 3712 1135 3753 essent
1147 3718 1272 3763 perperam

174 3770 201 3817 S.
212 3784 284 3831 quem
296 3777 432 3829 sequnntur
443 3770 480 3818 St.
490 3775 516 3817 et
526 3770 556 3816 G.
634 3779 648 3807 ⁰
660 3770 744 3817 iisdem
752 3771 783 3817 V·
868 3771 978 3819 placeres
988 3785 1026 3817 aas
1035 3770 1063 3817 V.
1142 3771 1274 3817 aemulari

174 3834 237 3881 V.G.
303 3836 367 3882 rlta
376 3836 429 3883 cod.
442 3836 507 3881 Mor.
518 3840 616 3882 stem
627 3848 753 3894 perperam
766 3835 791 3881 S.
802 3834 839 3881 St.
847 3833 878 3881 G.
956 3844 968 3873 ε
981 3834 1110 3881 Saxonum
1121 3839 1145 3880 et
1160 3832 1273 3881 Gesac-

174 3913 230 3947 rssss
242 3905 280 3947 sss
288 3897 317 3945 V.
406 3901 417 3938 t
427 3900 629 3961 Septentriones
640 3896 669 3946 V.

208 4090 248 4127 πο.
259 4076 301 4125 Aa
311 4076 447 4141 Lapidem]
478 4078 545 4127 later
556 4076 661 4124 Ventum
672 4083 697 4123 et
709 4075 852 4123 Hautonam
864 4074 960 4123 viculus
971 4084 1009 4125 est
1020 4074 1162 4133 Sionelram,
1173 4072 1215 4135 qui
1228 4087 1271 4119 uc·

175 4139 242 4191 mine
252 4157 298 4188 suo
310 4142 374 4189 hunc
384 4143 466 4189 locum
480 4142 600 4191 vendicat.
619 4140 644 4188 S.
680 4139 804 4187 cambden
817 4156 841 4199 p.
855 4142 907 4200 138.

208 4220 248 4268 23.
262 4206 415 4269 Hreugsord]
448 4206 529 4255 Hodie
547 4206 694 4265 Redbridge,
712 4212 787 4265 ponte
804 4205 893 4252 ibidem
912 4205 967 4251 loro
978 4203 1041 4252 Vcdi
1059 4210 1206 4251 constructo.
1243 4202 1271 4249 ln

175 4270 323 4321 calendario
338 4273 455 4319 Drsnelm.
467 4271 614 4320 wilhelmus
632 4269 699 4331 prior
715 4269 746 4316 de
764 4270 900 4318 Redetosda
918 4269 1060 4317 memoriam
1078 4267 1163 4315 imbuit
1179 4267 1196 4314 ii
1216 4267 1270 4315 Kal.

175 4340 196 4384 Α
215 4335 279 4383 riles.
299 4336 324 4383 S.

199 4352 248 4463 ἒς.
262 4399 387 4463 misena]
408 4400 534 4448 Wormios
545 4399 569 4447 in
583 4399 676 4447 Musaeo
687 4413 732 4446 suo
744 4413 799 4459 pag.
811 4412 835 4457 4.
848 4396 964 4459 reliquias
981 4398 1051 4459 liujus
1069 4396 1175 4444 nominis
1190 4396 1273 4444 obser-

175 4464 243 4515 varit
254 4464 279 4511 in
292 4472 368 4522 creta,
380 4480 423 4513 seu
439 4472 505 4512 terra
520 4464 650 4524 saponaria
661 4479 675 4511 e
686 4463 861 4524 promontoriis
873 4462 946 4525 hujus
956 4462 1012 4517 freti
1023 4469 1103 4521 eruta,
1114 4476 1169 4523 quas
1180 4462 1212 4511 ab
1223 4463 1273 4510 dn·

175 4529 224 4592 glis
235 4542 319 4577 sorar
330 4542 385 4577 nro
396 4529 514 4593 appellari
525 4528 658 4577 conmerit.
677 4529 704 4576 S.

217 4615 317 4661 ΗΒΑ.
705 4613 756 4655 ΕΘ
