3100 5125
89 330 189 391 -2a
491 312 656 401 cauus
678 331 950 397 ancnoauu.
1226 334 1267 397 aa

583 579 691 644 cAP.
717 578 855 643 XXVI.

176 676 214 737 Ut
228 682 298 738 idem
311 683 339 738 ia
355 680 453 739 Contio
461 683 610 757 primitive
621 684 739 741 eoeleste
752 693 779 740 et
793 685 942 740 dacianum
956 686 993 741 sit
1006 685 1128 741 imitatus
1137 693 1164 742 et
1177 685 1269 750 citum,

133 782 166 832 30
359 770 439 837 atque
452 764 480 819 ia
494 763 562 820 urbe
575 765 649 838 regis
661 766 749 820 aedua
763 766 931 840 episcopatus
943 766 1085 841 euomuit.
1174 840 1178 853 ἱ

218 854 343 918 Arabi
362 855 473 919 datam
492 856 552 920 sibi
570 856 765 920 mansionem
785 857 992 934 intraverant,
1009 864 1175 941 coeperunt
1196 879 1271 942 apo

172 938 317 1003 stolicam
338 940 506 1024 primitivae
528 942 666 1006 eoelesiae
684 942 785 1006 vitam
805 942 946 1016 imitari;
971 942 1168 1007 orationibus
1187 942 1271 1006 vide·

172 1024 248 1088 licet
275 1025 419 1098 assiduis,
451 1026 574 1111 vigiliis,
604 1050 642 1090 ao
672 1026 801 1111 jejuniis
830 1026 1007 1103 serviendo,
1038 1028 1168 1091 verbum
1197 1027 1307 1091 vita*

173 1110 288 1193 quibus
302 1118 454 1194 poterant
468 1112 681 1195 praedicando,
697 1120 813 1175 cuncta
826 1112 920 1195 hujus
939 1112 1048 1175 mundi
1064 1112 1150 1175 velut
1168 1112 1273 1176 alicua

173 1196 361 1278 spernendo,
377 1218 416 1259 ea
429 1203 557 1260 tantum
572 1219 642 1281 quae
658 1196 755 1268 victui
770 1196 946 1260 necessaria
962 1197 1158 1272 videbantur,
1171 1198 1212 1261 ab
1228 1197 1272 1261 eis

48 1284 51 1289 ’
132 1304 164 1355 3⁵
174 1301 254 1363 quos
269 1281 435 1355 docebant,
448 1280 640 1365 accipiendo,
653 1282 825 1346 secundum
840 1304 878 1345 ea
887 1304 957 1365 quae
970 1281 1128 1345 docebant
1142 1282 1201 1365 ipsi
1216 1304 1273 1366 per

174 1364 281 1427 omnia
302 1365 444 1440 vivendo,
469 1373 503 1429 et
527 1374 676 1450 paratum
698 1368 742 1430 ad
764 1366 950 1451 patiendum
973 1367 1106 1430 adversa
1129 1388 1285 1450 quaeque,¹

173 1449 222 1511 vel
243 1450 341 1514 etiam
362 1450 405 1514 ad
425 1450 622 1514 moriendum
644 1473 702 1535 pro
724 1474 763 1515 ea
777 1472 873 1536 quam
890 1451 1108 1535 praedicabant
1128 1451 1271 1528 veritate,

173 1533 314 1597 animum
329 1534 485 1598 babendo.
530 1536 614 1616 Quid
627 1538 737 1600 morat
758 1536 961 1600 crediderunt
978 1536 1129 1609 nonnulli,
1146 1542 1180 1599 et
1194 1537 1271 1621 bap-

174 1618 368 1695 tizabantur,
387 1620 540 1684 mirantes
559 1621 794 1705 simplicitatem
816 1620 992 1684 innocentis
1009 1620 1094 1696 vitae,
1114 1643 1152 1684 ac
1170 1621 1272 1684 dulce·

175 1703 281 1766 dinem
305 1704 456 1768 doctrinae
482 1726 591 1769 eorum
616 1706 759 1769 caelestis.
805 1704 887 1769 Erat
916 1712 1025 1769 autem
1048 1728 1146 1790 prope
1170 1704 1272 1790 ipsam

133 1787 336 1864 4ocivitatem
361 1790 404 1853 ad
429 1789 584 1854 orientem
607 1790 739 1854 ecclesia
762 1788 795 1852 in
824 1790 976 1853 honorem
1005 1790 1106 1853 sancti
1137 1790 1273 1854 Martini

174 1873 351 1957 antiquitus
362 1875 456 1938 facta.
470 1875 545 1937 dum
559 1876 663 1939 adhuc
679 1874 816 1939 Romani
832 1875 1025 1939 Brittaniam
1040 1874 1224 1949 incolerent,
1239 1875 1273 1938 in

175 1981 238 2043 qua
257 1958 379 2044 regina,
394 1981 489 2043 quam
504 1959 719 2024 Christianam
738 1960 834 2023 fuisse
856 1959 1071 2044 praediximus,
1088 1981 1180 2024 orare
1200 1982 1273 2023 con-

174 2051 330 2107 sueverat.
375 2043 415 2105 In
444 2045 504 2107 hac
533 2067 609 2130 ergo
639 2054 673 2109 et
701 2044 762 2129 ipsi
791 2046 893 2128 prim'o
923 2046 1098 2120 convenire,
1128 2045 1272 2129 psallere,

175 2150 278 2204 orare,
293 2129 405 2192 missas
419 2130 532 2203 iacere,
548 2129 721 2214 praedicare
736 2137 770 2193 et
786 2130 949 2213 baptizare
964 2136 1148 2214 coeperunt3
1174 2129 1273 2191 donec

175 2235 250 2299 nege
275 2214 318 2277 ad
341 2214 437 2277 fidem
458 2236 618 2289 converso,
641 2216 794 2298 majorem
815 2214 1008 2298 praedicandi
1029 2236 1088 2313 per
1108 2213 1226 2290 omnia,
1240 2220 1274 2277 et

176 2298 322 2362 ecclesias
336 2298 510 2362 fabricandi
525 2299 573 2363 vel
586 2300 788 2363 restaurandi
803 2300 961 2363 licentiam
976 2305 1165 2383 accrperent.

135 2406 168 2454 45
221 2386 273 2445 Ar
298 2383 353 2446 ubi
374 2383 440 2468 ipse
462 2383 559 2447 etiam
580 2384 664 2448 inter
685 2384 763 2447 alios
787 2385 961 2448 delectatus
981 2384 1048 2447 vita
1069 2382 1274 2448 mundissima
1282 2403 1424 2453 AEditberett

177 2476 368 2543 sanctorum,
384 2476 419 2533 et
437 2468 598 2552 promissis
617 2490 726 2533 eorum
745 2468 945 2544 suavissimis,
961 2490 1032 2553 quae
1048 2490 1122 2533 vera
1136 2490 1205 2532 esse
1219 2468 1426 2531 mtbapumus.

127 2552 357 2623 62raculorum
377 2576 502 2638 quoque
525 2554 697 2619 multorum
716 2554 897 2620 ostensione
914 2554 1127 2630 finnaverant,
1143 2553 1275 2617 credens

178 2638 361 2722 baptizatus
384 2645 443 2714 est,
468 2660 592 2723 coepere
618 2640 741 2725 splures
765 2641 807 2703 ad
833 2639 1025 2703 audiendum
1046 2640 1177 2702 verbum
1203 2660 1275 2701 oon-

177 2723 285 2800 fluere,
307 2746 345 2787 ac
369 2723 480 2787 relicto
504 2725 695 2808 gentilitatis
718 2726 793 2800 ritu,
816 2724 934 2788 unitati
957 2745 991 2787 se
1013 2731 1131 2786 sanctae
1155 2723 1274 2787 christi

179 2807 328 2872 Ecclesiae
351 2808 509 2872 credendo
530 2809 660 2872 sociare.
706 2810 848 2889 Quorum
865 2809 939 2871 fidei
962 2816 995 2873 et
1015 2808 1209 2871 conversioni
1227 2807 1275 2871 ita

177 2893 1276 3051 tssttlltllttttttcttttattttlntfflttttt?

154 3062 322 3139 sleotione,
354 3062 443 3147 quasi
472 3063 615 3126 concives
645 3064 705 3127 sibi
733 3064 824 3149 regni
853 3064 996 3140 caelestis,
1020 3062 1275 3146 amplecteretur.

179 3146 345 3211 Didicerat
367 3146 451 3210 enim
465 3171 485 3211 a
500 3148 684 3212 doctoribus
701 3149 948 3232 auctoribusque
963 3170 1028 3211 suae
1043 3147 1165 3220 salutis,
1182 3147 1276 3210 servi-

177 3233 260 3296 tium
282 3232 400 3296 (lhristi
422 3232 642 3310 voluntarium,
659 3255 723 3297 non
744 3233 930 3297 coactitium
951 3255 1020 3296 esse
1040 3234 1164 3295 debere.
1209 3231 1276 3295 Neo

177 3316 312 3392 distulit,
335 3316 532 3401 quinetiam
554 3317 631 3402 ipsis
646 3319 830 3383 doctoribus
852 3319 917 3380 suis
939 3319 1043 3381 locum
1064 3316 1147 3380 sedis
1167 3338 1277 3378 eorum

177 3402 291 3486 gradui
311 3424 496 3500 congruum,
512 3402 545 3465 in
559 3403 755 3466 tDoruverni
769 3402 938 3487 metropoli
954 3425 1011 3466 sua
1025 3403 1168 3478 donaret,
1184 3401 1277 3464 simul

178 3493 213 3550 et
228 3508 424 3551 necessarias
439 3486 472 3549 in
487 3487 619 3552 diversis
634 3489 798 3574 speciebus
812 3488 1025 3574 possessiones
1041 3487 1210 3550 conferret.

319 3606 542 3667 aplos-erquerico
553 3605 615 3653 V.G.
928 3607 1106 3653 tDorovemia
1116 3605 1146 3653 V.

210 3717 251 3761 40.
263 3703 290 3749 S.
301 3700 422 3761 Moram]
444 3702 472 3748 ln
490 3702 535 3750 bac
550 3701 651 3750 scalena
666 3701 794 3763 episcopus
808 3709 891 3762 postea
902 3701 995 3762 positus
1006 3702 1046 3763 qui
1059 3700 1238 3762 archiepiscopo
1249 3700 1275 3748 in

76 3811 87 3828 ‚
178 3766 282 3826 publicis
292 3765 357 3827 regis
368 3773 393 3813 et
403 3766 510 3813 ecclesia
521 3766 626 3827 negotiis
637 3774 756 3826 occupato
767 3766 889 3827 suppetias
897 3767 974 3826 daret,
983 3767 1012 3814 ud
1022 3765 1227 3821 confimationes,
1237 3778 1276 3810 or-

178 3829 324 3887 dinationes,
337 3829 432 3891 aliaque
449 3829 586 3877 ministeria
601 3830 648 3877 sibi
663 3830 818 3891 demandata,
830 3831 907 3878 deu'ec
919 3830 1051 3878 Luniranci
1063 3828 1213 3889 temporibus
1223 3828 1275 3888 epi·

178 3908 252 3953 stopo
264 3893 383 3942 moriente
394 3893 516 3940 nemiuem
529 3894 650 3954 surrogari
663 3894 761 3954 placuit,
772 3904 799 3941 et
814 3895 850 3941 sic
863 3893 896 3941 ibi
909 3894 1014 3942 cessavit
1026 3893 1133 3954 episcopi
1143 3899 1169 3940 et
1185 3905 1274 3939 nomeu

177 3957 334 4069 gbofficium.
348 3958 384 4015 8.,
400 3972 415 4005 e
429 3957 568 4004 Monostirc
584 3957 729 4019 anglicano,
740 3973 764 4018 p.
778 3956 817 4006 26.
828 3958 866 4005 ed.
879 3957 947 4006 1682.
981 3957 1028 4004 Sed
1044 3957 1075 4004 de
1091 3957 1136 4003 bac
1152 3970 1178 4003 ra
1194 3963 1276 4004 tarem

217 4022 308 4068 runica.

215 4100 235 4131 r.
246 4085 397 4147 baptizabor]
414 4084 470 4132 Hoc
482 4085 572 4132 factum
584 4085 624 4133 dia
634 4091 786 4146 pentecostes
797 4092 825 4133 ut
836 4085 882 4132 lert
894 4083 1001 4132 auditio.
1034 4084 1066 4132 Et
1077 4083 1175 4145 quidem
1186 4097 1207 4130 a.
1218 4093 1275 4147 597,

178 4155 309 4210 aquuam
322 4149 475 4210 Augustinus
484 4149 510 4195 in
523 4148 616 4197 Gallias
627 4148 779 4197 ordinandus
790 4147 912 4208 mussitet,
923 4148 948 4194 id
960 4147 1025 4196 euim
1037 4156 1062 4195 et
1075 4148 1190 4208 narratio,
1201 4153 1226 4194 et
1237 4161 1275 4194 res

177 4212 232 4272 ipss
242 4212 351 4274 requirit
363 4213 389 4259 S.
423 4213 478 4279 Hoc
494 4212 579 4260 eodem
597 4227 663 4260 anuo
674 4213 765 4260 laruam
782 4227 835 4261 esse
851 4225 898 4273 quo
915 4211 1014 4260 advenit
1028 4211 1181 4273 Augustinus
1193 4211 1275 4272 colligi

178 4276 474 4401 pogestfflgffieu
483 4276 804 4404 ffiibgrbfbrblllesgolbium
816 4339 969 4402 demigravit,
979 4339 1061 4401 ibique
1073 4353 1161 4387 uorum
1174 4339 1219 4387 sibi
1232 4353 1275 4401 pa·

176 4401 263 4452 latium
275 4404 391 4452 condidit.
404 4403 440 4461 S..
452 4419 466 4451 e
479 4405 617 4452 Monastioo
627 4405 703 4466 Augl.
714 4421 738 4467 p.
747 4416 787 4466 25.

211 4468 243 4516 lb.
254 4469 387 4530 meatur]
403 4467 571 4517 Possessiones
582 4469 613 4516 ab
626 4469 777 4517 AEdilbsrato
788 4468 892 4516 donatus
902 4468 958 4518 vide
970 4468 1039 4517 Mon.
1051 4467 1153 4529 Angli.
1166 4467 1195 4514 de
1205 4467 1274 4514 Mon.
