3100 5125
480 350 645 415 GENTIS
668 351 938 418 ANGLORUM.
1193 359 1259 425 atu

158 514 241 565 mam
254 497 332 562 mtto·
345 501 517 566 sedatam
536 514 632 568 certas
646 527 719 589 prce
733 504 827 569 ocutis
842 504 939 570 tuta.
986 507 1030 569 Et
1043 507 1126 590 qaid,
1143 505 1255 591 inquit,

158 581 211 646 troo
224 587 290 648 est?
319 587 423 651 Paeo
444 599 522 666 aete,
536 589 650 673 inquit,
665 591 856 655 intrauerunt
873 591 992 655 dmum
1010 591 1089 655 idae
1109 593 1168 655 dito
1182 593 1256 678 pat-

116 688 147 736 rs
158 666 300 733 etenim
310 671 446 754 ymera,
460 684 488 737 et
502 675 672 738 resederant
685 675 769 738 a'rea
787 697 842 752 rue,
858 698 935 740 naus
956 677 1001 740 ad
1017 686 1116 760 eaput,
1131 687 1158 740 et
1179 699 1258 742 anos

156 753 203 815 ad
211 755 322 836 poena·
339 759 527 844 protulitque
540 782 618 824 anus
632 759 1067 846 condempnationem
1079 762 1258 826 veteranae

156 840 315 920 modicam,
330 865 368 906 aa
381 845 459 909 milei
471 846 517 908 ad
529 845 682 945 hyadum
696 847 788 924 dedit,
803 847 837 910 ia
851 870 907 931 quo
921 849 1023 910 omnia
1037 869 1104 932 paee
1123 869 1257 932 manaan

158 921 385 1009 inrestaurata,
401 930 520 994 intuens
532 941 648 1015 serapte
663 933 772 1016 reperi,
789 942 815 995 et
831 932 896 995 itae
908 943 995 996 orara
1009 933 1138 996 nimiam
1151 955 1258 1017 panea

156 1012 319 1094 dmodiea.
345 1017 912 1102 Moepemmteodieemaeqneaiiqaid
920 1016 1151 1082 miiidieebaat.
1180 1021 1258 1082 Tora

157 1094 253 1158 subito
266 1103 435 1184 supaeeait
447 1103 592 1165 eaeroitas
605 1103 806 1187 noetianorum
823 1113 850 1166 et
869 1103 1075 1179 tantarum
1093 1103 1177 1168 anda
1196 1105 1257 1190 spi-

118 1183 284 1258 sortitam,
301 1186 475 1271 mamque
496 1187 575 1251 tane
595 1197 623 1252 et
641 1188 770 1252 estasim
789 1188 908 1266 obsedit,
923 1198 952 1253 et
970 1189 1052 1252 intas
1070 1189 1205 1252 maniosa
1223 1213 1259 1254 eo

152 1279 247 1352 parte
264 1271 396 1335 resideres
414 1273 559 1358 inpulerit.
607 1275 691 1337 Tuae
712 1274 764 1338 ttte
785 1275 838 1358 qai
859 1284 886 1338 et
907 1273 1082 1338 obscuritate
1103 1273 1259 1338 tenebrosae

149 1355 252 1438 faoiei
265 1366 293 1419 et
300 1359 444 1441 primata
458 1359 537 1422 sedis
551 1359 647 1444 mayor
660 1381 718 1422 esse
731 1359 889 1423 uidebatur
905 1381 1015 1437 eoram,
1031 1360 1192 1444 prep‘oreas
1213 1383 1258 1424 eo

158 1441 254 1504 diem
277 1442 436 1506 iommdoe
456 1445 589 1522 annaio,
611 1455 641 1508 et
660 1445 881 1529 mapaitadiais
904 1446 1042 1521 amanis,
1067 1455 1095 1508 et
1111 1446 1258 1529 ponderes

151 1527 625 1696 ppppjppodpffiyaaitffli
639 1552 674 1593 ee
687 1529 864 1630 sateltitibus
883 1532 946 1632 suis
960 1530 1258 1680 milpp'pdniependrrm

115 1720 149 1770 35
158 1719 228 1782 qnae
241 1663 327 1782 speie
340 1701 387 1764 ad
398 1637 558 1778 aerbissd
568 1637 930 1786 diisoimq'ddvteeieieisiiiid
940 1637 1259 1787 ideeeieaoieiiuii

158 1785 401 1867 manifestissime
414 1788 449 1849 in
463 1809 496 1850 eo
512 1787 645 1850 ¹tetrieis
664 1809 722 1850 esse
742 1787 893 1872 descripta
913 1787 1031 1852 titteris.
1075 1786 1260 1872 Dicebatque

157 1869 204 1932 ad
215 1869 283 1933 iilos
296 1873 350 1956 qai
363 1872 442 1934 miii
455 1873 638 1936 adsederant
650 1872 731 1936 uiros
740 1871 855 1936 albatos
869 1883 895 1936 et
903 1873 1074 1958 praeduros
1082 1899 1092 1935 :
1110 1872 1194 1952 Quid
1205 1872 1257 1937 hio

158 1956 286 2033 sedetis,
306 1957 441 2022 seientes
459 1957 633 2021 certissime
648 1959 723 2042 quia
742 1965 853 2022 noster
874 1965 924 2022 est
946 1958 1047 2022 sistet
1091 1959 1259 2042 Responde-

157 2050 251 2104 rurat:
284 2042 406 2105 Verum
430 2043 571 2106 zdiuitis:
603 2043 746 2128 aecipite,
763 2050 797 2107 et
818 2044 851 2107 in
873 2043 1031 2107 cumulum
1046 2042 1258 2108 damnationis

158 2133 272 2190 vestrae
290 2127 413 2192 ducite.
459 2129 523 2208 Quo
546 2128 633 2207 dieto,
658 2131 762 2193 statim
788 2129 1023 2213 disparuerunt:
1056 2139 1260 2214 serpentesque

158 2212 218 2274 dno
231 2213 408 2297 aequissimi
419 2215 557 2298 spiritns,
575 2213 709 2278 kabades
723 2215 757 2278 ire
775 2214 914 2279 manibus
935 2225 1089 2292 “somnes
1106 2235 1259 2298 parasse·

117 2316 150 2362 40
159 2307 232 2361 rarat
245 2320 300 2375 rae,
316 2321 394 2364 aeas
407 2300 442 2363 io
456 2301 564 2384 eapite,
579 2310 608 2363 et
621 2301 703 2364 alias
716 2302 751 2363 ia
758 2300 856 2384 pede:
880 2302 933 2385 qai
948 2300 1084 2364 oiddieet
1094 2300 1179 2364 modo
1190 2321 1259 2363 eam
1277 2379 1281 2384 ,

160 2404 267 2466 ramae
281 2393 425 2448 semeae
446 2386 587 2470 irreperet
607 2387 642 2448 ia
663 2386 832 2449 binteriora
854 2387 986 2471 uaporis
1007 2387 1072 2461 atei,
1089 2407 1211 2470 moeqeee
1225 2395 1259 2449 nt

158 2468 204 2532 ad
215 2481 264 2532 cse
277 2470 406 2534 iaaiaera
415 2472 609 2574 pmeaiaot,
623 2472 749 2549 awrmr,
765 2481 794 2534 et
807 2471 930 2554 paratis
949 2471 993 2536 ad
1010 2471 1191 2553 rapiendam
1213 2492 1259 2534 eree

158 2553 350 2632 damonibus,
366 2557 401 2620 ia
415 2557 531 2641 eafhrroi
545 2557 679 2620 elaustro
687 2557 865 2642 pertrahar.

82 2653 96 2695 Ι
101 2654 146 2717 99
203 2639 254 2703 Sio
268 2641 459 2726 loquebatur
468 2642 565 2706 miser
576 2643 755 2727 desperans,
769 2648 802 2706 et
814 2665 877 2705 non
891 2642 992 2704 multo
1003 2648 1078 2725 post
1092 2642 1258 2705 defunctus

158 2726 382 2811 poenitentiam
396 2751 492 2813 quam
511 2730 553 2791 ad
570 2729 665 2792 breve
679 2736 805 2813 tempus
825 2749 896 2791 oum
919 2728 1024 2790 iruetu
1039 2728 1137 2790 veniae
1151 2728 1257 2791 faeere

159 2814 347 2895 supersedit,
364 2813 397 2875 in
410 2821 567 2879 aeternum
581 2815 649 2877 sine
662 2813 768 2878 fruotu
790 2811 892 2898 poenis
914 2812 1060 2876 subditus
1075 2812 1161 2876 iacit.
1207 2812 1257 2875 De

162 2919 224 2980 quo
245 2905 372 2963 oonstat
390 2900 473 2983 quia,
489 2900 571 2963 siout
594 2900 706 2962 beatus
728 2922 812 2984 papa
828 2898 1000 2983 Gregorius
1015 2899 1054 2960 de
1070 2898 1259 2981 quibusdam

162 2982 281 3060 soribit,
297 3006 362 3046 non
375 3007 433 3069 pro
447 3007 483 3049 se
497 2985 560 3048 ista
574 2984 624 3047 eui
639 3007 703 3048 non
723 2985 878 3069 profuere,
895 2984 950 3047 sed
970 3006 1029 3067 pro
1048 2984 1118 3047 aliis
1133 2983 1257 3060 viderit,

135 3066 215 3151 squi
230 3069 298 3152 ejus
319 3069 485 3133 interitum
506 3076 740 3155 eognoscentes,
757 3069 882 3133 differre
901 3076 1028 3154 tempus
1050 3068 1257 3154 poenitentioe,
1279 3140 1281 3145 .

158 3154 236 3216 dum
260 3162 361 3232 vacat,
381 3155 541 3233 timerent,
563 3178 603 3219 ne
624 3154 794 3239 improviso
816 3155 928 3219 mortis
950 3154 1083 3219 articulo
1104 3154 1259 3238 praeventi

158 3238 397 3324 impoenitentes
419 3242 571 3325 perirent.
627 3242 719 3321 Quod
744 3248 853 3305 autem
882 3241 1005 3304 eodioes
1034 3240 1173 3304 diversos
1202 3248 1415 3325 perlnterpret'a-

159 3326 260 3388 bonos
276 3326 340 3389 sive
354 3327 454 3390 malos
473 3326 604 3412 spiritus
625 3326 685 3390 sibi
700 3327 780 3391 vidit
803 3326 916 3404 offerri,
932 3328 973 3390 ob
992 3325 1025 3389 id
1045 3348 1181 3410 superna
1197 3326 1258 3389 dis-
1267 3320 1302 3369 ²³⁰
1310 3321 1420 3373 vitonis.

79 3416 82 3422 '
159 3412 345 3494 pensatione
360 3412 480 3477 iustum
498 3419 557 3490 est,
573 3420 610 3475 ut
632 3412 865 3476 meminerimus
884 3413 971 3476 faeta
993 3418 1026 3475 et
1048 3410 1258 3497 cogitationes

160 3502 288 3559 nostras
302 3518 366 3560 non
379 3498 413 3560 in
428 3505 557 3563 ventum
570 3498 721 3574 diffluere,
734 3498 788 3562 sod
805 3498 848 3561 ad
863 3520 995 3561 examen
1010 3497 1123 3561 summi
1133 3497 1157 3560 J
1159 3496 1258 3560 udiois

121 3587 277 3644 mennae
301 3584 439 3658 servari3
472 3584 528 3648 det
551 3582 618 3647 sive
646 3605 704 3667 per
725 3584 844 3647 amieos
869 3584 996 3669 angelos
1023 3582 1055 3645 in
1078 3584 1141 3646 fine
1166 3583 1258 3646 nobis

160 3667 366 3745 ostendenda,
382 3668 448 3732 sive
462 3692 519 3753 per
532 3670 650 3732 hostes.
693 3670 786 3749 Quod
800 3691 874 3732 vero
889 3669 975 3753 prius
991 3667 1159 3732 eandidum
1173 3667 1257 3731 eodi—

159 3773 230 3815 oem
252 3754 453 3837 protulerunt
474 3754 588 3840 angeli,
604 3754 718 3817 deinde
740 3760 846 3818 atrum
861 3754 1039 3826 daemones3
1064 3753 1107 3814 illi
1129 3774 1257 3837 perpar-

160 3860 243 3913 vum,
269 3838 323 3902 isti
349 3861 529 3903 enormem:
562 3839 877 3904 animadvertendum
907 3846 956 3901 est
986 3839 1071 3922 quod
1096 3838 1129 3899 in
1155 3838 1258 3922 prima

158 3929 258 3987 aetate
278 3924 364 3987 bona
385 3924 490 4009 aliqua
511 3924 595 4000 feeit,
619 3947 689 4009 quae
711 3932 819 3988 tamen
843 3923 988 3987 universa
1013 3945 1109 4008 prave
1134 3924 1258 4007 agendo

156 4008 280 4094 juvenis
295 4011 500 4074 obnubilavit.
539 4010 600 4090 Qui
616 4010 642 4071 si
659 4009 852 4073 econtrario
867 4031 990 4073 errores
1004 4008 1147 4093 pueritiae
1162 4009 1257 4071 oorri-

193 4220 463 4267 sanctarumve.
527 4221 795 4268 ttonedommvfi.
861 4231 877 4259 u
889 4220 984 4281 deifer-ri
992 4219 1021 4266 V.
1089 4228 1104 4258 ¹
1115 4220 1185 4265 tetris
1193 4219 1257 4267 V.G.

160 4295 176 4333 r
188 4287 240 4347 ipse
249 4284 280 4331 V.
363 4294 373 4316 ¹
384 4286 445 4332 dieto
458 4285 488 4331 V.
562 4294 579 4323 ὃ
589 4288 672 4331 cultra
683 4284 867 4347 V.--snrces
879 4284 939 4331 V.G.
1025 4285 1039 4323 b
1051 4284 1078 4330 in
1088 4297 1144 4330 mea
1154 4284 1258 4343 anona,

159 4364 265 4411 moxque
276 4349 306 4397 V.
405 4359 419 4388 θ
430 4349 466 4397 ed
475 4350 733 4411 invicemperueaient
746 4350 774 4397 V.
873 4351 986 4396 datam..
995 4348 1024 4394 V.

411 4541 437 4587 4.
449 4530 490 4576 croi
500 4544 549 4577 non
557 4527 686 4591 profuere]
701 4528 773 4577 Cani.
786 4529 853 4578 Eccli
865 4528 957 4579 xxxvii.
970 4542 1008 4577 or.

203 4614 300 4656 BAEDA.
688 4616 710 4655 N
722 4615 744 4655 Π

1474 3078 1497 3147 ἱ
