3100 5125
452 325 618 394 Guuuls
640 327 911 394 ANGLORUM.
1203 328 1264 393 131

160 477 274 557 nimus,
284 483 319 543 et
332 477 399 543 filia
413 479 569 543 naturalis
583 481 725 564 ejusdem
739 481 823 567 regis
832 479 1023 566 AEdilberg:
1049 501 1120 564 qua:
1129 486 1266 565 utraque

162 583 236 637 cum
250 571 335 628 esset
349 565 525 650 peregriua,
538 587 604 652 prae
619 566 734 631 merito
749 567 916 643 virtutum,
928 567 1069 651 ejusdem
1080 566 1266 631 monasterii

162 649 327 736 Brigensis
349 657 400 714 est
418 651 584 715 abbatissa
607 652 794 717 constituta.
848 653 947 738 (injus
969 652 1053 736 regis
1075 651 1141 716 lilia
1163 653 1266 738 major

120 755 154 801 30
163 737 318 821 Sexburg‚
328 757 409 799 uxor
424 735 655 802 Earconbercti
669 738 753 824 regis
768 737 1024 815 (lautuariorum,
1038 737 1154 802 habuit
1167 738 1265 802 filiam
1275 764 1393 826 sexburg.

163 822 412 908 Eareongotam,
428 823 468 885 de
483 845 669 906 quesumus
684 823 812 888 dicturi.

207 907 315 992 Hujus
329 914 439 972 autem
453 907 584 993 virginis
593 909 663 972 Deo
679 909 825 986 *dicata
835 911 938 974 multa
953 908 1080 993 quidem
1094 911 1136 972 ab
1151 908 1263 973 incolis
1272 925 1430 984 Eur-magna

162 993 224 1058 loci
247 993 329 1058 illius
349 994 453 1057 solent
467 1017 486 1056 o
510 1016 565 1058 era
580 994 736 1059 virtutum
756 1002 791 1059 et
805 996 897 1080 signa
918 996 1141 1058 miraculorum
1163 989 1361 1079 usque⁰bli¹¹⁸·

162 1078 259 1143 hodie
287 1079 421 1144 narrari.
503 1101 592 1142 erum
617 1101 676 1144 nos
701 1081 741 1144 de
766 1080 908 1145 transitu
933 1087 1062 1145 tautum
1091 1080 1174 1144 illius
1201 1103 1264 1164 quo

164 1165 305 1230 calestia
329 1187 429 1250 regna
453 1164 556 1250 petiit,
580 1165 699 1250 aliquid
722 1167 864 1231 breviter
886 1166 992 1230 dicere
1013 1165 1159 1230 sufficiat.
1213 1167 1266 1229 In-

163 1250 305 1315 minente
327 1273 403 1336 ergo
425 1250 476 1314 die
499 1273 563 1315 suae
585 1252 769 1330 vocationis,
792 1252 892 1337 coepit
919 1252 1073 1325 beircuire
1098 1253 1131 1314 in
1157 1274 1266 1316 mona·

123 1358 154 1406 35
165 1337 264 1400 sterio
287 1337 410 1400 casulas
432 1336 629 1400 infirmarum
650 1338 769 1402 Ohristi
789 1339 988 1415 famularum,
1004 1360 1175 1422 earumque
1198 1339 1267 1402 cvel

165 1421 313 1500 maxime,
329 1445 400 1506 quae
415 1422 465 1487 vel
478 1429 577 1486 aetate
592 1423 782 1509 dproveotaa
794 1424 843 1487 vel
857 1424 1019 1509 probitate
1034 1431 1128 1487 eraut
1142 1446 1266 1487 mamm

164 1507 372 1593 insigniores:
396 1530 531 1592 quarum
551 1531 584 1572 se
599 1509 740 1572 omnium
759 1509 907 1595 precibus
925 1509 1087 1573 humiliter
1110 1531 1266 1574 commen.

165 1594 257 1670 dans,
272 1594 396 1658 obitum
416 1594 559 1680 proxime
579 1616 680 1672 suum,
697 1617 791 1680 quem
811 1595 1003 1659 revelatione
1021 1595 1187 1671 didicerat,
1203 1617 1267 1659 non

166 1679 282 1744 celavit
297 1701 365 1743 esse
381 1681 542 1744 futurum:
567 1702 663 1765 quam
678 1680 826 1746 videlicet
845 1680 1069 1744 revelationem
1086 1681 1267 1764 hujusmodi

166 1787 236 1829 esse
259 1765 468 1848 perhibebat:
504 1766 619 1830 vidisse
648 1789 682 1831 se
708 1767 889 1830 albatorum
914 1773 1076 1830 catervam
1105 1766 1268 1834 homiuum

166 1850 252 1914 idem
278 1851 506 1916 monasterium
532 1852 674 1928 intrare:
707 1853 829 1938 hosque
852 1875 873 1916 a
896 1874 933 1915 se
953 1853 1169 1937 interrogatos
1192 1852 1268 1936 quid

123 1959 158 2004 40
167 1944 357 2021 quaererent,
373 1944 432 2001 aut
446 1937 523 2022 quid
545 1937 590 2001 ibi
605 1939 730 2016 vellent,
746 1937 946 2025 respondisse
961 1938 1047 2022 quod
1068 1939 1109 2001 ob
1130 1938 1192 2000 hoc
1214 1937 1268 2000 illo

167 2021 288 2087 luerint
302 2023 465 2100 destinati,
481 2031 519 2088 ut
532 2046 664 2088 aureum
679 2023 756 2088 illud
770 2024 929 2088 numisma
944 2024 1029 2107 quod
1043 2046 1082 2087 eo
1097 2023 1137 2086 de
1152 2022 1269 2088 (lautia

167 2116 308 2187 venerat,
339 2129 447 2174 secum
475 2110 688 2175 adsumerent.
743 2110 820 2195 lpsa
844 2115 953 2174 autem
982 2116 1086 2186 noete,
1117 2108 1150 2170 in
1179 2109 1269 2192 eujus

91 2193 281 2263 rraultima
310 2201 412 2280 parte,
444 2194 477 2256 id
506 2201 564 2274 est,
596 2195 769 2281 incipiente
803 2207 929 2272 aurora,
958 2194 1126 2278 praesentis
1159 2193 1269 2257 mundi

166 2281 317 2344 tenebras
339 2279 508 2358 transiens,
529 2302 698 2367 supernam
720 2281 870 2367 migravit
892 2282 935 2344 ad
956 2281 1079 2355 lucem:
1112 2279 1204 2342 multi
1229 2281 1270 2344 de

168 2366 322 2429 fratribus
343 2367 484 2450 ejusdem
505 2367 699 2445 monasterii,
716 2367 770 2452 qui
792 2366 863 2430 aliis
885 2373 978 2431 eraut
1001 2366 1034 2450 in
1056 2365 1188 2442 aedibus,
1201 2365 1270 2449 jam

166 2451 335 2515 manifeste
350 2473 384 2515 se
398 2458 572 2516 concentus
586 2453 770 2552 angelorum
784 2453 987 2538 psallentium
997 2451 1125 2516 audisse
1139 2452 1269 2514 ‘relere-

167 2537 256 2615 baut,
273 2538 330 2601 sed
345 2544 378 2602 et
393 2537 533 2603 sonitum
548 2561 639 2623 quasi
653 2538 797 2625 plurimae
811 2537 1026 2603 multitudinis
1040 2536 1271 2601 monasterium

142 2624 393 2708 eingredientis:
416 2625 500 2688 unde
514 2646 589 2689 mox
604 2624 721 2711 egressi
736 2625 923 2710 dignoscere
932 2624 1008 2707 quid
1017 2631 1111 2699 esset,
1122 2623 1270 2687 viderunt

167 2710 271 2773 lueem
299 2708 422 2773 caelitus
451 2709 599 2775 emissam
627 2711 723 2774 fuisse
752 2710 992 2796 permaximam,
1022 2730 1093 2792 quae
1125 2715 1270 2771 sanctam

169 2795 256 2857 illam
279 2796 419 2859 animam
442 2795 546 2861 carnis
569 2796 701 2860 vinculis
724 2796 913 2870 absolutam,
937 2794 981 2857 ad
1004 2802 1126 2857 aeterna
1154 2794 1270 2878 patriae

132 2878 137 2890 ’
168 2881 304 2945 caelestis
325 2882 442 2966 gaudia
464 2882 625 2946 sduoebat.
671 2882 810 2945 Addunt
830 2888 864 2945 et
881 2880 955 2957 alia,
971 2902 1041 2964 quae
1064 2878 1152 2963 gipsa
1174 2885 1270 2942 nocte

168 2967 203 3029 in
217 2966 410 3031 monasterio
425 2967 537 3031 eodem
558 2967 710 3032 divinitus
730 2966 849 3031 firerint
868 2972 998 3030 ostensa
1018 2964 1189 3028 miracula:
1213 2965 1270 3028 sed

168 3052 238 3115 haeo
252 3074 311 3116 nos
325 3053 368 3116 ad
387 3052 450 3117 alia
470 3052 639 3117 tendentes
657 3053 721 3117 suis
739 3075 870 3117 narrare
890 3050 1115 3137 permittimus.
1161 3050 1270 3133 Sepul-

167 3145 240 3202 tum
262 3144 312 3201 est
333 3144 441 3202 autem
462 3160 577 3223 corpus
594 3139 771 3203 venerabile
789 3137 919 3223 virginis
941 3144 975 3201 et
996 3158 1121 3219 sponsae
1138 3135 1269 3211 Christi,

130 3222 203 3288 roiu
229 3223 360 3287 ecelesia
385 3223 473 3288 beati
521 3223 745 3309 rotomartyris
772 3223 947 3308 Stephani:
986 3222 1171 3305 placuitque
1195 3226 1271 3307 post

169 3309 255 3373 diem
276 3308 418 3386 tertium,
441 3316 479 3373 ut
531 3310 582 3394 pis
607 3332 669 3395 quo
690 3315 931 3373 monumentum
952 3308 1132 3391 tegebatur,
1147 3328 1271 3371 amove

169 3401 269 3472 retur,
288 3399 322 3458 et
344 3394 440 3458 altius
463 3394 586 3480 ipsein
609 3396 677 3459 loeo
700 3400 927 3480 reponeretur:
960 3393 1045 3491 quod
1069 3392 1145 3455 dum
1169 3392 1270 3469 lieret,

169 3486 272 3544 tantae
295 3479 494 3565 fragrantiah
520 3480 688 3545 suavitatis
708 3482 749 3545 ab
764 3479 836 3543 imis
858 3478 1009 3555 ebullivit,
1026 3484 1065 3541 ut
1078 3478 1202 3542 cunctis
1217 3478 1271 3562 qui

169 3566 347 3630 adstabant
373 3565 526 3629 fratribus
549 3588 588 3631 ac
612 3565 784 3644 sororibus,
809 3564 900 3650 quasi
923 3564 1119 3648 opobalsami
1144 3564 1272 3629 cellaria

170 3673 240 3715 esse
256 3651 440 3715 viderentur
454 3658 577 3736 aperta.

216 3737 281 3801 Sed
303 3744 337 3801 et
357 3742 533 3801 matertera
552 3737 629 3821 ejus,
651 3737 691 3801 de
708 3759 771 3822 qua
789 3734 936 3812 diximus,
952 3734 1134 3818 AEdilberg,
1151 3740 1185 3798 et
1202 3732 1273 3818 ipsa
1282 3756 1428 3820 northaga

115 3824 138 3886 ‘1
145 3852 159 3902 5
172 3822 243 3887 Deo
258 3822 408 3885 dilectam
421 3828 584 3907 perpetua
595 3821 788 3908 virginitatis
802 3821 936 3909 gloriam
950 3820 983 3882 in
997 3842 1115 3905 magna
1130 3819 1272 3903 corporis
1281 3822 1362 3882 sepul·

170 3907 371 3973 continentia
391 3908 609 3973 conservavit:
633 3928 703 3995 quae
722 3908 812 3993 eujus
827 3915 911 3971 esset
925 3905 1063 3983 virtutis,
1079 3904 1180 3989 magis
1198 3886 1374 3989 post⁰¹¹f¹¹s⁰·

170 4000 310 4057 mortem
325 3992 450 4057 claruit.
496 3992 578 4058 Oum
598 3994 683 4057 enim
703 4000 788 4058 esset
804 3992 979 4068 abbatissa,
995 3989 1095 4074 eoepit
1114 3991 1219 4054 facere
1238 3989 1273 4053 in

170 4078 366 4143 monasterio
390 4100 448 4143 suo
468 4079 634 4143 ecelesiam
656 4080 689 4142 in
706 4077 860 4143 honorem
879 4076 1020 4142 omnium
1045 4076 1271 4161 apostolorum,

171 4166 204 4228 in
220 4184 285 4251 qua
302 4186 394 4229 suum
413 4186 527 4249 corpus
551 4165 675 4251 sepeliri
693 4165 853 4251 cupiebat.
900 4162 964 4227 Sed
987 4182 1060 4226 cum
1084 4182 1164 4246 opus
1188 4160 1272 4225 idem

204 4308 352 4356 adedicatae
362 4308 392 4357 V.
490 4308 648 4357 bcircumire
659 4307 689 4355 V.
795 4309 918 4355 coelom.
931 4306 992 4355 V.G.
1091 4308 1232 4371 dprcuectu
1243 4307 1274 4355 V.

172 4373 505 4436 ereserebant,etsonttum
517 4372 547 4421 V.
640 4372 797 4421 ‘deducebat
807 4371 837 4419 V.
914 4373 1036 4435 :inipso
1047 4373 1109 4422 V.G.
1199 4372 1276 4438 hsta.

170 4440 284 4499 grantioe
293 4441 406 4486 amatas
417 4439 446 4485 V.

504 4531 541 4581 29.
556 4516 685 4579 Serburg]
706 4518 780 4644 Copf.
792 4518 850 4566 inlr.
859 4518 892 4566 iv.
903 4532 940 4582 19.

709 4605 723 4643 S
