3100 5125
93 2603 173 2649 lmms

93 2665 192 2713 Lando-

94 2730 160 2776 niam
172 2743 230 2777 ren·

92 2794 165 2849 ditus,

247 289 313 350 220
571 282 808 348 fltsTomAE
831 281 1007 348 EOOLES.
1262 281 1326 344 IV.
1346 299 1435 345 22-

249 459 356 538 pugna
370 443 568 520 peremptum
582 436 718 512 audiret,
735 435 822 500 venit
842 457 985 520 quaerere
1004 434 1030 498 si
1050 434 1134 498 forte
1149 456 1265 534 eorpus
1280 435 1352 518 ejus

249 522 388 586 invenire
402 528 519 607 posset,
536 521 761 606 inventumque
782 521 879 585 alium
897 520 939 585 illi
954 518 1131 604 peremnia
1146 518 1351 597 simillimum,

271 607 375 672 utavit
397 608 500 693 ipsum
524 629 609 670 esse:
643 629 737 691 quem
761 605 804 670 ad
827 605 1054 670 monasterium
1078 628 1170 668 suum
1193 604 1350 682 deferens,

249 631 420 757 bonorifioe
432 692 583 778 sepelivit,
594 701 627 757 et
637 715 695 777 pro
704 692 902 763 absolutione
911 691 1024 762 animae
1034 691 1102 784 ejus
1111 691 1226 776 saepius
1235 691 1351 755 missas

250 779 355 844 faeere
378 778 510 842 curavit.
555 778 696 859 Quarum
719 778 931 844 celebratione
952 778 1074 841 factum
1096 778 1252 861 estquod
1270 777 1350 855 dixi,

250 871 288 928 ut
308 864 410 927 nullus
430 886 503 927 eum
524 872 633 948 posset
652 863 777 940 vincire,
798 863 872 948 quin
895 863 1045 926 continuo
1067 862 1251 926 solveretur.
1296 863 1351 926 Iu,
1364 889 1395 937 ²5

250 957 340 1015 terea
365 971 470 1013 eomes
496 950 550 1035 qui
572 973 645 1013 eum
665 950 807 1025 tenebat,
831 948 948 1024 mirari,
972 955 1006 1012 et
1029 947 1149 1016 interro
1208 971 1226 1012 e
1249 948 1352 1034 ooepit

252 1057 350 1121 quare
364 1035 455 1120 ligari
471 1043 665 1119 manasset,
680 1058 722 1099 an
738 1036 821 1098 forte
841 1034 951 1099 literas
966 1033 1134 1098 solutorias
1171 1055 1188 1098 e
1203 1034 1352 1118 qualibus

251 1121 366 1186 fabulae
381 1121 496 1198 ferunt,
512 1121 598 1205 apud
620 1143 654 1184 se
671 1122 814 1198 haberet,
834 1127 965 1205 propter
985 1142 1064 1205 quas
1083 1119 1175 1204 ligari
1194 1142 1258 1182 non
1277 1141 1350 1205 pos·

251 1213 310 1271 set.
355 1210 403 1271 At
418 1207 468 1270 ille
483 1207 656 1291 respondit,
671 1207 753 1270 nteit
767 1229 796 1270 se
811 1207 920 1270 taliane
935 1209 1050 1270 antinno
1069 1227 1174 1279 nosse,·
1194 1206 1248 1268 sed
1260 1205 1352 1269 nabeo

243 1295 390 1384 fratrem,
406 1292 517 1377 inquit,
528 1291 735 1377 presbyteram
755 1293 790 1354 in
810 1314 873 1354 mea
889 1292 1064 1378 provincia,
1080 1301 1108 1355 et
1126 1291 1185 1354 soie
1202 1293 1278 1376 qnia
1297 1291 1351 1356 ille

252 1401 297 1441 nee
309 1379 496 1461 interfectam
511 1388 637 1464 patena
644 1400 706 1465 pro
723 1400 769 1442 nee
788 1379 895 1440 missas
914 1376 1033 1440 niteas
1048 1377 1165 1461 nfeeit:
1188 1388 1215 1440 et
1227 1377 1256 1440 si
1269 1399 1352 1440 nmio

252 1466 288 1526 in
306 1464 373 1527 alia
391 1465 456 1526 nita
473 1485 571 1541 asena
594 1463 639 1526 ibi
656 1466 763 1527 aniana
782 1486 847 1526 enea
864 1485 922 1546 per
941 1463 1157 1526 intercessiones
1176 1461 1239 1544 ejas
1260 1464 1400 1529 sanese

252 1559 338 1613 retae
360 1572 381 1613 a
399 1551 512 1634 panis.
568 1549 715 1633 Dumque
736 1548 900 1633 aliquanto
924 1555 1067 1632 tempore
1092 1549 1178 1635 apud
1201 1549 1351 1618 comitem

253 1641 425 1710 teneretur,
437 1635 729 1698 animadverterunt
743 1635 797 1719 qui
813 1656 885 1697 eum
899 1633 1080 1718 diligentius
1095 1633 1350 1711 considerabant,

253 1743 293 1784 ex
307 1721 395 1784 vultu
411 1727 445 1784 et
458 1721 571 1785 habitu
591 1727 625 1784 et
646 1720 844 1784 sermonibus
858 1721 935 1804 ejus,
952 1720 1025 1804 quia
1045 1741 1108 1782 nou
1128 1726 1199 1784 erat
1219 1720 1258 1784 de
1273 1742 1352 1806 pau*

252 1828 328 1890 pere
342 1806 444 1891 vulgo,
461 1814 497 1870 ut
512 1807 647 1881 dixerat,
663 1806 719 1870 sed
739 1807 779 1869 de
798 1805 963 1870 nobilibus.
1009 1804 1098 1868 Tune
1118 1813 1241 1869 seoreto
1256 1807 1352 1870 advo

254 1915 331 1956 oans
345 1913 417 1954 eum
437 1914 553 1968 eomes,
569 1892 778 1977 interrogavit
799 1913 870 1954 eum
891 1891 1044 1955 intentius
1066 1891 1149 1954 unde
1169 1898 1263 1969 esset,
1278 1914 1352 1976 pro

252 1977 384 2041 mittens
406 1999 440 2040 se
460 1977 538 2040 nihil
559 1977 588 2040 ei
609 1977 683 2041 mali
705 1978 864 2042 faeturum
886 1999 944 2061 pro
964 1999 1011 2053 eo,
1033 1977 1060 2039 si
1082 1976 1265 2068 simpliciter
1288 1977 1396 2044 sibist

254 2063 324 2148 quis
338 2063 479 2139 ⁰fuisset,
495 2064 653 2146 proderet.
699 2064 792 2144 Quod
811 2063 886 2125 dum
906 2063 957 2126 ille
976 2062 1104 2140 feneret,
1119 2061 1301 2132 ministrum
1316 2085 1352 2127 se

253 2147 338 2232 regis
361 2147 456 2210 fuisse
481 2148 698 2226 manifestans,
724 2149 906 2233 respondit:
939 2150 983 2212 Et
1007 2171 1057 2233 epe
1073 2169 1134 2233 per
1154 2149 1275 2233 sinpnia
1297 2159 1353 2212 tna

253 2255 394 2316 eespnesa
422 2255 612 2318 sepnoeeram
641 2237 715 2324 qaia
743 2236 874 2298 rusticas
902 2256 960 2297 nen
985 2255 1062 2310 eras,
1088 2245 1115 2297 et
1138 2254 1217 2298 nanee
1240 2235 1354 2318 dipnas

253 2319 372 2403 qnidam
387 2341 417 2382 es
430 2330 534 2396 morte,
551 2321 643 2406 'eqnia
659 2343 756 2384 omnes
766 2321 887 2404 fratres
906 2329 934 2382 et
951 2321 1069 2404 cepnati
1088 2319 1147 2384 neei
1161 2319 1196 2382 in
1210 2320 1268 2384 itta
1282 2330 1354 2384 snat

246 2426 355 2490 papna
375 2405 545 2490 interempti
555 2432 566 2478 ‚·
590 2427 644 2469 nee
662 2416 689 2469 te
707 2417 805 2469 tamen
822 2407 964 2482 eandam,
980 2427 1016 2468 ne
1025 2405 1120 2488 fldem
1134 2406 1194 2470 enei
1208 2407 1354 2490 promissi

253 2503 267 2548 ‘t
314 2491 469 2553 oeoaeieer.
888 2540 890 2544 Α

268 2512 349 2641 tht
373 2599 448 2663 ergo
472 2576 640 2650 convaluit,
663 2578 805 2642 vendidit
829 2601 901 2642 eum
926 2577 1126 2641 Lundoniam
1148 2579 1262 2641 ¹Freso
1287 2578 1397 2648 oui-40

255 2664 348 2736 dam;
380 2664 436 2726 sed
458 2686 516 2727 neo
541 2665 583 2727 ab
607 2663 660 2727 illo
684 2687 757 2727 eum
780 2664 852 2729 illue
877 2664 1047 2728 duceretur
1070 2664 1226 2727 ullatenus
1247 2664 1356 2748 potuit

255 2748 386 2833 alligari.
432 2749 554 2811 Verum
578 2771 649 2812 oum
672 2750 735 2813 alia
757 2756 855 2834 atque
876 2748 939 2812 alia
961 2748 1157 2813 vinculorum
1183 2750 1211 2813 ei
1237 2770 1357 2833 genera

255 2833 364 2898 hostes
389 2834 627 2918 simponerent;
663 2857 808 2920 eumque·
824 2833 955 2897 vidisset
984 2834 1037 2919 qui
1067 2841 1197 2912 emerat,
1224 2834 1357 2897 vinculis

257 2940 329 2981 eum
351 2941 414 2982 non
437 2921 578 3003 potuisse
599 2920 749 2997 cohiberi,
774 2920 904 2984 donavit
928 2920 955 2983 ei
978 2920 1163 2989 facultatem
1185 2943 1253 2986 sese
1273 2920 1356 2983 redi-

256 3004 362 3067 mendi
383 3005 410 3066 si
432 3014 548 3088 posset.
593 3009 642 3068 tA
658 3006 756 3069 tertia
779 3013 887 3069 autem
909 3005 989 3069 hora
1011 3005 1137 3091 quando
1159 3006 1263 3070 missae
1286 3005 1356 3069 fieri
1372 3003 1433 3087 ¹67

258 3090 411 3165 solebant,
433 3090 606 3175 saepissime
629 3091 752 3155 vinoula
774 3092 986 3155 solvebantur.
1032 3090 1080 3155 At
1102 3091 1152 3157 ille
1175 3093 1252 3156 dato
1271 3092 1357 3175 jure-

291 3253 307 3282 ὓ
320 3243 357 3289 Ad
374 3242 437 3290 hano
453 3244 598 3290 sententiam
618 3251 688 3291 notat
698 3244 846 3292 variantium
861 3244 934 3305 ang.
952 3245 1117 3291 celebrares:
1138 3245 1180 3291 sed
1198 3247 1222 3292 in
1239 3259 1287 3306 qua
1299 3259 1359 3293 roos

259 3314 421 3353 noneonstat.
500 3309 660 3356 oessesva.
739 3310 829 3372 equod
839 3308 868 3357 V.
946 3314 956 3349 ‘l
965 3310 1203 3369 praeturamve.
1271 3309 1357 3357 rFra

257 3374 320 3427 soni,
333 3371 431 3419 Frisoni
443 3372 472 3417 V.
492 3373 594 3419 iti-esoni·
606 3374 635 3419 G.
737 3384 748 3410 ⁸
765 3377 926 3434 imponerent,
943 3376 1060 3421 dissoluta
1076 3381 1152 3421 sant:
1169 3389 1273 3435 eumque
1289 3375 1358 3421 ande*

166 3504 169 3507 ‚
257 3436 365 3483 retV.G.
446 3438 573 3497 tposset.
609 3439 696 3484 Tertia
709 3438 737 3484 V.

258 3568 387 3619 caestt'iam,
399 3581 452 3627 qun
465 3582 511 3613 non
525 3568 680 3615 alteratione
691 3585 706 3613 a
716 3567 849 3615 lectoribus
859 3569 999 3617 Tinmuthae
1011 3569 1118 3629 ponitur,
1127 3584 1199 3629 qtaam
1212 3569 1277 3629 qnod
1288 3568 1358 3617 illam

258 3647 319 3679 sono
337 3631 471 3692 proximam
489 3632 625 3692 inveniant,
638 3648 682 3679 neo
699 3633 773 3679 alium
792 3634 872 3679 locum
891 3634 981 3681 liabent
997 3650 1068 3693 quent
1086 3635 1108 3681 ei
1126 3634 1282 3681 substituant.
1319 3632 1360 3680 De

258 3696 407 3744 monasterio
424 3696 597 3745 Tinmuthonsi
617 3698 671 3746 vide
688 3706 771 3744 notam
791 3700 820 3743 ad
839 3699 1014 3759 lngetlinguvn,
1032 3698 1066 3745 iii.
1080 3710 1116 3757 14.
1151 3699 1226 3745 Porro
1243 3712 1291 3758 qno
1309 3698 1358 3745 loci

257 3761 427 3809 Tnanucaestir
448 3762 521 3808 faerit
538 3762 657 3808 intertum
677 3769 759 3808 restat.
794 3762 865 3823 Quod
886 3771 966 3809 atatem
986 3763 1058 3810 faerit
1075 3763 1250 3809 abbas'l'unna
1262 3778 1275 3807 e
1286 3762 1360 3809 Beda

259 3826 370 3874 Historia
382 3826 538 3873 manifestum
549 3833 593 3873 est.
618 3826 664 3873 Ille
675 3827 740 3873 enim
753 3828 825 3875 Bedae
837 3828 886 3874 fere
898 3842 978 3874 coaevo
990 3829 1088 3887 ignotus
1099 3842 1152 3875 esse
1164 3841 1213 3873 noo
1225 3826 1311 3887 potuit.
1330 3827 1358 3879 S.

293 3890 331 3938 26.
349 3894 426 3937 litera
445 3892 576 3951 solatoria]
597 3891 688 3952 Qualia
708 3892 806 3939 fuerunt
825 3894 887 3951 apud
907 3891 1020 3951 antiquos
1037 3889 1138 3953 Ἐφέσια
1154 3888 1290 3953 ypapante,
1308 3894 1358 3941 ie.

258 3958 442 4003 incantationes
458 3956 569 4016 quedam
586 3956 694 4001 obseura
710 3972 772 4017 qaas
789 3964 813 4003 et
835 3956 942 4007 Ceoesnm
960 3958 986 4003 in
1003 3972 1063 4016 regu
1082 3958 1174 4005 divisse
1184 3956 1284 4018 fateat.
1319 3956 1360 4005 Es

262 4019 383 4081 Otpmptoe
396 4016 496 4068 Milesio
511 4026 535 4066 et
548 4021 652 4081 Ephesio
669 4022 828 4081 laetantibus,
840 4024 913 4069 aiunt
925 4022 1050 4067 Maestum
1068 4023 1160 4068 luetati
1176 4036 1225 4067 nen
1239 4022 1358 4081 patuisse,

260 4086 326 4147 quod
334 4086 400 4133 atter
411 4090 497 4134 literas
510 4084 632 4145 Ephesiae
642 4087 692 4131 telo
699 4086 770 4146 pedis
781 4088 915 4145 alligasset.
943 4085 986 4133 Ea
997 4092 1082 4133 autem
1093 4100 1120 4131 re
1131 4092 1257 4147 casaperta
1267 4088 1359 4132 literis-

260 4164 308 4211 que
317 4151 366 4198 iltis
376 4151 471 4205 solutis,
484 4151 618 4209 Ephesium
630 4151 712 4194 tricies
720 4156 875 4210 prostratum
880 4150 963 4211 faisse
972 4152 1084 4197 tendant.
1103 4150 1198 4201 Suidas.
1222 4150 1245 4203 S,

294 4227 332 4273 33.
345 4216 375 4261 de
391 4214 521 4273 nnbdibns]
549 4213 624 4259 Modo
644 4213 723 4261 dietus
745 4214 791 4261 luit
808 4217 890 4261 enites:
917 4214 988 4263 finxit
1005 4230 1030 4261 se
1049 4229 1097 4261 non
1119 4214 1221 4261 militem
1241 4228 1294 4261 esse
1315 4214 1359 4260 secl

259 4278 391 4333 atestinum,
403 4282 434 4332 de
447 4292 556 4339 paupere
566 4278 649 4337 vulgo.
684 4278 750 4325 Hinc
767 4287 864 4326 constat
879 4279 968 4326 milites
983 4278 1058 4326 fnisse
1074 4293 1123 4325 nou
1135 4293 1221 4325 omnes
1236 4278 1278 4338 qui
1289 4292 1360 4327 arma

260 4342 324 4389 ferre
336 4352 443 4402 possem,
455 4343 497 4389 sed
509 4356 653 4402 generosos:
672 4350 772 4389 caeteros
784 4359 840 4390 vero
856 4343 898 4404 qui
917 4358 964 4389 aon
982 4351 1053 4391 erant
1064 4345 1094 4390 de
1104 4344 1231 4403 nobilibus,
1243 4342 1318 4389 fuisse
1329 4342 1361 4388 de

256 4420 368 4469 paupere
377 4410 460 4468 saelge.
494 4406 566 4454 Cous.
579 4406 653 4463 infra,
665 4422 688 4453 v.
703 4422 740 4453 rr.
757 4408 798 4454 ubi
815 4411 884 4455 mites
894 4414 919 4455 et
930 4408 1016 4455 nabilis
1027 4408 1091 4455 idem
1104 4415 1149 4455 est.
1170 4408 1235 4455 'sitm
1251 4406 1317 4467 quod
1329 4407 1360 4457 de

261 4484 291 4527 eo
302 4478 386 4540 postea
397 4472 489 4528 {actum
500 4478 537 4523 ast
546 4472 636 4538 partim
647 4471 739 4520 indicat
749 4488 803 4540 qua
815 4472 889 4527 ,fuerit
900 4487 1024 4528 servorum
1037 4472 1145 4525 conditio
1156 4473 1220 4525 iuter
1232 4469 1335 4533 anglos.
