3100 5125
447 414 452 420 .
498 368 663 434 GENTIS
685 369 957 436 ANGLORUM.
1165 374 1169 389 '
1211 374 1276 442 293

174 541 254 603 quos
269 521 459 605 jamdudum
478 524 714 609 ad,exemplum
728 531 849 590 sanotae
867 524 1019 589 Romanae
1037 530 1071 589 et
1093 523 1274 609 apostolieae

137 626 167 660 ιο
175 606 312 671 eoelesiae
328 630 419 671 suam
432 608 615 694 religionem
629 610 806 675 instituisse
820 609 977 696 cognovit.
1016 610 1177 695 Siquidem
1188 610 1275 674 misit

174 692 345 777 legatarios
366 695 525 759 advirum
540 696 750 760 venerabilem
772 696 973 773 Oeolfridum,
995 697 1146 761 abbatem
1167 718 1275 760 mona

174 778 264 842 sterii
292 780 460 843 beatorum
487 782 703 865 apostolorum
727 782 818 846 Petri
847 789 881 846 et
911 781 1013 858 Pauli,
1041 782 1125 867 quod
1155 788 1204 845 est
1232 783 1275 845 ad

174 864 293 927 ostium
309 864 403 928 Viuri
424 867 536 944 amnis,
555 874 589 931 et
607 868 703 952 juxte
724 890 850 932 amnem
869 868 992 945 Tinam,
1008 867 1041 930 in
1063 867 1132 931 looo
1150 866 1204 952 qui
1223 890 1275 931 vo

175 957 268 1013 eatur
291 951 330 1013 In
355 952 507 1037 Gyruum,
532 952 582 1016 oui
606 954 675 1038 ipse
695 964 769 1039 post
792 953 1009 1030 Benedictum,
1032 954 1072 1016 de
1094 976 1157 1038 quo
1179 975 1276 1039 supra

175 1034 321 1113 diximus,
347 1037 570 1123 gloriosissime
598 1040 745 1138 praefuit3
779 1040 954 1125 postulans·
973 1045 1010 1102 ut
1039 1038 1276 1103 exhortatorias

137 1144 165 1192 15
175 1120 236 1185 sibi
251 1122 377 1187 litteras
387 1124 540 1201 mitteret,
554 1126 668 1209 quibus
682 1125 845 1211 potentius
858 1126 1023 1189 confutare
1034 1131 1142 1209 posset
1157 1124 1276 1208 eosqui

175 1209 295 1291 paseha
309 1231 373 1271 non
388 1232 445 1273 suo
459 1217 604 1294 tempore
618 1212 786 1275 observare
800 1217 1028 1296 praesumerent
1040 1236 1049 1285 ;
1078 1210 1170 1273 simul
1185 1216 1217 1274 et
1236 1211 1276 1275 de

175 1302 317 1358 tonsurae
339 1296 434 1359 modo
448 1296 497 1359 vel
516 1296 722 1382 rationeque
742 1297 872 1361 olerioos
891 1296 1035 1381 insigniri
1054 1296 1199 1359 deceret:
1223 1317 1276 1360 ex·

176 1386 270 1464 septo
281 1382 476 1465 quodetiam
490 1382 602 1467 ipsein
614 1382 664 1445 his
676 1405 740 1446 non
754 1405 854 1466 parva
868 1405 909 1446 ex
922 1388 1014 1467 parte
1027 1388 1111 1446 esset
1125 1382 1275 1446 imbutus.

178 1465 243 1529 Sed
257 1472 292 1530 et
306 1467 501 1532 architectos
516 1468 575 1531 sibi
590 1468 676 1532 mitti
690 1468 793 1553 petiit,
810 1469 864 1553 qui
876 1469 972 1552 juxta
986 1489 1107 1531 morem
1118 1467 1276 1531 Romano-

176 1573 248 1613 rum
268 1553 432 1617 ecelesiam
452 1555 492 1617 de
513 1554 617 1639 lapide
638 1554 672 1617 in
693 1562 789 1640 gente
809 1554 907 1639 ipsius
921 1554 1071 1628 inserent,
1087 1553 1276 1637 promittens

177 1637 260 1701 hano
275 1639 475 1703 inhonorem
489 1640 577 1704 beati
592 1641 810 1725 apostolorum
824 1639 975 1725 prinoipis
990 1639 1217 1713 dedicandam
1242 1660 1277 1703 se

136 1744 302 1808 aequoque
317 1726 420 1809 ipsum
440 1748 513 1789 oum
535 1726 600 1789 suis
619 1726 774 1801 omnibus,
791 1747 911 1789 morem
931 1732 1050 1789 sanotae
1071 1725 1223 1787 Romanae
1243 1731 1277 1788 et

176 1810 359 1893 apostolieae
375 1812 514 1876 ecelesiae
529 1834 653 1896 semper
667 1812 875 1888 imitaturum,
891 1812 924 1873 in
939 1818 1093 1895 quantum
1107 1810 1277 1874 dumtaxat

176 1902 245 1958 tam
267 1897 360 1982 longe
381 1920 401 1960 a
423 1899 639 1961 Romanorum
660 1898 785 1982 loquela
807 1904 841 1960 et
862 1897 991 1961 natione
1011 1895 1170 1982 segregati
1193 1896 1276 1959 huno

177 1980 316 2046 edissere
330 1983 518 2067 potuissent.
563 1984 660 2067 Oujus
682 1982 837 2068 religiosis
851 1982 934 2046 votis
951 2004 989 2046 ao
1009 1982 1154 2067 precibus
1168 1982 1277 2045 favens

176 2068 449 2132 reverentissimus
470 2071 555 2133 abba
578 2069 723 2145 Oeolfrid,
746 2068 834 2132 misit
856 2068 1050 2132 architeotos
1073 2089 1152 2155 quos
1173 2073 1277 2151 spete-

176 2154 283 2231 batur,
298 2154 386 2219 misit
401 2155 443 2217 illi
459 2162 492 2219 et
506 2156 632 2219 litteras
645 2155 782 2239 scriptas
797 2154 829 2216 in
844 2154 927 2217 huno
941 2154 1089 2217 modum:

139 2258 167 2308 25
221 2240 352 2304 Domino
366 2241 605 2305 sacelloatissimo
622 2250 650 2304 et
663 2240 874 2324 olorimossimo
890 2241 955 2325 νομί
974 2241 1014 2303 N
1011 2240 1125 2316 nitooo,
1143 2238 1280 2322 Ooolfrid
1287 2249 1397 2311 Epistola

177 2324 269 2389 abbas
282 2327 317 2389 in
331 2328 462 2390 Domino
476 2327 610 2390 minam.
657 2326 842 2390 Catholioum
863 2326 961 2389 sanai
975 2325 1101 2410 poscis-ce
1122 2315 1411 2389 ohserooassedffidl·

177 2412 263 2490 tium,
285 2434 377 2496 quom
398 2435 419 2476 a
441 2412 532 2488 nodis,
556 2434 610 2475 ren
633 2413 698 2475 Deo
720 2413 827 2487 devoto,
855 2412 990 2497 rolissioso
1013 2411 1112 2475 studio
1134 2411 1276 2495 questui,

171 2496 1126 2670 tltt‘ttmttttttttsttltttttffltitt
1147 2495 1280 2668 titt

180 2669 296 2733 ooeliius
319 2643 433 2734 sosium
457 2671 586 2734 asebna
610 2671 762 2747 donatam
789 2670 922 2754 quotiens
946 2668 1008 2752 ipsi
1031 2690 1131 2732 rorum
1154 2669 1279 2745 dominii,

139 2755 341 2836 3odiscoodoe,
370 2757 519 2834 docondoe,
549 2755 749 2821 maodioodae
780 2755 904 2819 norbeti
935 2776 1057 2840 operum
1092 2753 1278 2838 impendunt.

180 2843 269 2904 Nom
287 2852 314 2905 ot
333 2865 399 2906 nore
417 2844 535 2906 omniuo
553 2843 634 2906 dimit
648 2842 775 2927 quidam
791 2840 986 2906 secularium
999 2840 1191 2924 scriptoram,
1205 2840 1280 2923 quio

171 2928 352 3011 felicissimo
367 2929 510 2992 ‘mandas
530 2935 611 2992 stota
625 2938 773 3014 oneretur,
789 2927 816 2990 si
831 2926 880 2990 oei
897 2947 976 3009 reyes
984 2924 1279 3009 ptibsoplourootor,

180 3015 228 3078 ool
247 3024 404 3098 raynonem
418 3014 599 3100 pilosoptt.
647 3014 734 3093 Quod
753 3014 781 3076 si
802 3012 839 3076 do
853 3011 1045 3096 philosophia
1066 3011 1154 3093 hosius
1173 3011 1281 3074 muudi

181 3122 246 3162 noro
268 3101 443 3185 intelloqoro,
467 3101 526 3164 udo
550 3110 630 3164 statu
651 3099 740 3182 liujus
762 3098 994 3161 milesimum
1016 3096 1162 3181 xdil-ibero
1180 3096 1280 3182 potuit

179 3185 263 3249 homo
284 3187 393 3270 liujus
414 3186 546 3259 mundi,·
567 3196 678 3271 quanto
696 3186 794 3271 mauis
812 3181 946 3247 zcivibus
960 3184 1080 3268 patrico
1101 3182 1225 3246 oaeloais
1246 3182 1281 3245 ia

214 3355 226 3383 ⁸
231 3348 333 3408 petebat
344 3347 374 3395 V.
484 3352 492 3379 ²
503 3348 588 3394 mzoam·
599 3346 638 3410 V.¹
744 3355 760 3385 1¹
773 3346 802 3394 id
811 3351 855 3407 est,
866 3345 897 3393 de
906 3349 976 3392 statu
987 3344 1018 3391 V.
1133 3351 1144 3374 ¹
1156 3344 1239 3391 dicere
1250 3344 1280 3392 V.

182 3423 198 3461 y
209 3415 279 3460 leonto
290 3413 403 3459 mortuiis
414 3411 445 3461 V.
577 3422 590 3451 2
603 3413 642 3458 uel
651 3411 743 3459 civibus
755 3412 786 3458 V.

217 3571 255 3605 11.
270 3555 432 3618 Ceolsridum]
447 3557 486 3603 De
496 3557 541 3604 hoc
553 3556 608 3604 vide
621 3557 684 3604 nist
697 3555 957 3618 A1›b.wir.etGyru.
978 3555 1002 3602 S.

214 3621 248 3670 ib.
259 3623 413 3682 saonusterii]
434 3621 545 3668 Numero
561 3621 689 3682 singulari,
701 3622 759 3683 quia
770 3622 819 3667 duo
835 3619 984 3667 monasteria
998 3618 1028 3666 ab
1044 3633 1093 3665 uno
1109 3618 1196 3666 abbate
1213 3633 1281 3679 rege·

181 3688 282 3744 bantur,
293 3689 332 3733 oei
342 3689 405 3733 sirm
415 3689 507 3733 rectius
519 3687 601 3733 diceas
608 3701 747 3748 mosomus,
758 3688 786 3733 in
797 3687 890 3732 duobus
899 3685 957 3731 locis
968 3685 1078 3745 positum
1092 3690 1128 3730 est
1139 3699 1218 3731 unum
1229 3699 1280 3730 mo-

182 3755 329 3800 nasterium.
346 3752 372 3798 S.
724 3787 727 3791 ,

217 3830 228 3863 1
231 3831 255 3875 ³·
268 3816 301 3862 Iu
317 3815 442 3876 Gyruum]
459 3814 539 3863 Hodie
550 3815 682 3862 Jsrrowin
695 3829 755 3877 agro
766 3812 936 3862 Duuelmensi.
954 3813 978 3859 S.

214 3881 247 3929 ib.
259 3881 346 3942 aspra]
361 3880 423 3927 Vide
434 3881 467 3926 iv.
478 3881 515 3928 18.
527 3896 549 3927 1.
563 3895 600 3943 19-
618 3881 644 3927 S.

218 3960 255 4007 14.
268 3945 375 4005 litteras]
391 3945 440 3992 Vix
450 3944 551 3992 dubium
563 3952 608 4005 ost,
620 3944 677 4005 quiin
693 3942 759 3991 Beda
774 3957 828 3990 eum
846 3941 969 3990 ceolfrido
986 3940 1011 3988 in
1029 3940 1113 3987 eodem
1133 3941 1281 3988 monasterio

182 4013 274 4073 degens
284 4025 329 4058 suo
340 4009 422 4057 abbati
435 4009 459 4056 iu
472 4010 548 4056 ardua
559 4009 604 4056 hac
613 4009 746 4071 quastione
757 4006 901 4069 exponenda
913 4005 1002 4053 auxilio
1014 4005 1068 4052 fuit.
1105 4005 1152 4052 Sed
1169 4011 1193 4052 ot
1211 4005 1282 4053 stilus

182 4077 271 4136 etipsa
284 4075 385 4122 materia
397 4074 483 4121 ioetum
496 4074 566 4121 Bedae
577 4089 630 4121 esse
648 4087 696 4119 non
712 4072 815 4120 obscure
832 4071 960 4134 significat.
994 4069 1131 4116 Secundum
1150 4069 1281 4116 baronium

183 4142 220 4189 han
232 4140 319 4187 littera
336 4137 442 4201 1111699.
455 4141 552 4198 scripte
564 4146 636 4194 suun
654 4137 697 4184 sed
712 4136 811 4184 mallem
829 4152 884 4184 cum
904 4135 1018 4196 Higdeno
1035 4134 1061 4180 in
1079 4133 1189 4195 Polychr.
1201 4135 1281 4182 dicere

183 4207 286 4265 semotas
298 4219 338 4251 au.
348 4214 403 4265 710,
412 4204 497 4250 mdem
510 4217 543 4250 sc.
556 4218 596 4250 an.
608 4216 658 4264 qno
671 4202 812 4248 Hadrianus
824 4201 898 4248 abbas
910 4214 947 4261 pr.
959 4213 1012 4259 cap.
1027 4199 1155 4246 defunctus
1167 4199 1283 4258 pradica-

183 4277 239 4326 turg
255 4270 312 4316 buis
322 4283 418 4330 qnoque
434 4267 580 4329 conjuncturas
595 4269 676 4314 favere
686 4266 784 4314 videtur
797 4273 894 4326 tempus
912 4263 1049 4311 Hiiensium
1067 4263 1233 4311 conversionis
1250 4264 1282 4310 ad

182 4334 328 4383 canonicum
340 4334 438 4394 pascha,
449 4347 524 4394 quam
535 4334 602 4380 Beda
612 4346 664 4392 cap.
677 4346 726 4391 seq.
739 4345 789 4377 non
801 4333 879 4377 multo
891 4336 946 4391 post
961 4328 1004 4375 has
1020 4327 1115 4375 litteras
1128 4328 1230 4388 scriptas
1242 4342 1281 4375 ac.

183 4399 271 4447 cidisse
283 4406 411 4454 memorat,
422 4398 480 4444 licet
489 4408 538 4444 non
550 4400 636 4445 effecta
646 4404 684 4444 ost
695 4402 752 4442 ante
763 4409 803 4443 au.
815 4392 869 4456 716.
886 4398 910 4443 S.

218 4461 255 4510 18.
268 4465 394 4511 ecclesium
406 4464 436 4510 de
446 4462 537 4523 lapide]
554 4462 625 4510 Cous.
637 4475 710 4521 supra
721 4460 758 4509 iii.
771 4474 794 4521 3.
978 4472 982 4480 ·

214 4543 254 4589 30.
268 4530 333 4576 dis-it
343 4525 454 4590 quidam]
478 4527 548 4575 Plato
558 4525 682 4588 Republic.
691 4540 712 4573 1.
725 4523 760 4575 18.
767 4531 793 4573 et
802 4531 858 4586 post
867 4522 936 4580 illum
945 4521 1030 4571 multia
1044 4522 1091 4569 vid.
1101 4521 1197 4571 Aetium
1210 4523 1241 4569 ad
1253 4523 1270 4569 l.
