<?xml version="1.0" encoding="UTF-8"?>
<!DOCTYPE html PUBLIC "-//W3C//DTD XHTML 1.0 Transitional//EN"
    "http://www.w3.org/TR/xhtml1/DTD/xhtml1-transitional.dtd">
<html xmlns="http://www.w3.org/1999/xhtml" xml:lang="en" lang="en">
 <head>
  <title>
</title>
<meta http-equiv="Content-Type" content="text/html;charset=utf-8" />
  <meta name='ocr-system' content='tesseract 3.04.00' />
  <meta name='ocr-capabilities' content='ocr_page ocr_carea ocr_par ocr_line ocrx_word'/>
</head>
<body>
  <div class='ocr_page' id='page_1' title='image "./historiaecclesi00hussgoog_0065.png"; bbox 0 0 3100 5125; ppageno 0'>
   <div class='ocr_carea' id='block_1_1' title="bbox 261 201 1526 327">
    <p class='ocr_par' dir='ltr' id='par_1_1' title="bbox 261 201 1526 327">
     <span class='ocr_line' id='line_1_1' title="bbox 261 201 1526 327; baseline -0.006 -9"><span class='ocrx_word' id='word_1_1' title='bbox 261 252 305 318; x_wconf 77' lang='lat' dir='ltr'>se</span> <span class='ocrx_word' id='word_1_2' title='bbox 594 251 831 317; x_wconf 74' lang='lat' dir='ltr'>merome:</span> <span class='ocrx_word' id='word_1_3' title='bbox 853 250 1032 317; x_wconf 80' lang='lat' dir='ltr'>nocuus.</span> <span class='ocrx_word' id='word_1_4' title='bbox 1353 246 1382 309; x_wconf 91' lang='lat'>1.</span> <span class='ocrx_word' id='word_1_5' title='bbox 1396 264 1447 327; x_wconf 65' lang='grc' dir='ltr'>η.</span> <span class='ocrx_word' id='word_1_6' title='bbox 1524 201 1526 272; x_wconf 70' lang='lat'>3</span> 
     </span>
    </p>
   </div>
   <div class='ocr_carea' id='block_1_2' title="bbox 97 554 1456 1727">
    <p class='ocr_par' dir='ltr' id='par_1_2' title="bbox 263 554 1409 710">
     <span class='ocr_line' id='line_1_2' title="bbox 263 554 1409 631; baseline -0.003 -20"><span class='ocrx_word' id='word_1_7' title='bbox 263 557 300 613; x_wconf 82' lang='lat' dir='ltr'>Ui</span> <span class='ocrx_word' id='word_1_8' title='bbox 326 556 394 612; x_wconf 80' lang='lat' dir='ltr'>idem</span> <span class='ocrx_word' id='word_1_9' title='bbox 417 558 556 631; x_wconf 78' lang='lat' dir='ltr'>episcopua</span> <span class='ocrx_word' id='word_1_10' title='bbox 569 556 679 629; x_wconf 80' lang='lat' dir='ltr'>socius,</span> <span class='ocrx_word' id='word_1_11' title='bbox 705 556 839 631; x_wconf 63' lang='lat' dir='ltr'>&amp;operio</span> <span class='ocrx_word' id='word_1_12' title='bbox 855 574 944 631; x_wconf 77' lang='lat' dir='ltr'>papo,</span> <span class='ocrx_word' id='word_1_13' title='bbox 966 574 1023 630; x_wconf 78' lang='lat' dir='ltr'>que</span> <span class='ocrx_word' id='word_1_14' title='bbox 1043 554 1098 611; x_wconf 71' lang='grc' dir='ltr'>εἰπε</span> <span class='ocrx_word' id='word_1_15' title='bbox 1118 554 1265 610; x_wconf 66' lang='lat' dir='ltr'>Ennianis</span> <span class='ocrx_word' id='word_1_16' title='bbox 1283 561 1362 627; x_wconf 76' lang='lat' dir='ltr'>qesta</span> <span class='ocrx_word' id='word_1_17' title='bbox 1376 572 1409 608; x_wconf 84' lang='lat' dir='ltr'>ro</span> 
     </span>
     <span class='ocr_line' id='line_1_3' title="bbox 332 634 1287 710; baseline -0.003 -19"><span class='ocrx_word' id='word_1_18' title='bbox 332 637 478 699; x_wconf 66' lang='lat' dir='ltr'>maniarii,</span> <span class='ocrx_word' id='word_1_19' title='bbox 493 644 520 691; x_wconf 85' lang='lat' dir='ltr'>ei</span> <span class='ocrx_word' id='word_1_20' title='bbox 533 635 640 691; x_wconf 69' lang='lat' dir='ltr'>annui</span> <span class='ocrx_word' id='word_1_21' title='bbox 652 636 812 692; x_wconf 81' lang='lat' dir='ltr'>necessariis</span> <span class='ocrx_word' id='word_1_22' title='bbox 825 637 884 709; x_wconf 82' lang='lat' dir='ltr'>ejas</span> <span class='ocrx_word' id='word_1_23' title='bbox 896 652 1026 710; x_wconf 81' lang='lat' dir='ltr'>responso</span> <span class='ocrx_word' id='word_1_24' title='bbox 1035 642 1132 709; x_wconf 83' lang='lat' dir='ltr'>petens</span> <span class='ocrx_word' id='word_1_25' title='bbox 1145 634 1287 709; x_wconf 65' lang='lat' dir='ltr'>uccepem.</span> 
     </span>
    </p>

    <p class='ocr_par' dir='ltr' id='par_1_3' title="bbox 99 710 1361 796">
     <span class='ocr_line' id='line_1_4' title="bbox 99 710 1361 796; baseline 0.003 -27"><span class='ocrx_word' id='word_1_26' title='bbox 99 723 231 783; x_wconf 73' lang='lat' dir='ltr'>Augustini</span> <span class='ocrx_word' id='word_1_27' title='bbox 305 714 441 775; x_wconf 77' lang='lat' dir='ltr'>luuram</span> <span class='ocrx_word' id='word_1_28' title='bbox 460 712 510 775; x_wconf 87' lang='lat' dir='ltr'>vir</span> <span class='ocrx_word' id='word_1_29' title='bbox 530 711 660 775; x_wconf 90' lang='lat' dir='ltr'><strong>Domini</strong></span> <span class='ocrx_word' id='word_1_30' title='bbox 680 712 883 796; x_wconf 71' lang='lat' dir='ltr'>Augustinus</span> <span class='ocrx_word' id='word_1_31' title='bbox 897 711 985 776; x_wconf 87' lang='lat' dir='ltr'>venit</span> <span class='ocrx_word' id='word_1_32' title='bbox 1000 710 1124 787; x_wconf 81' lang='lat' dir='ltr'>Arelas,</span> <span class='ocrx_word' id='word_1_33' title='bbox 1145 717 1179 773; x_wconf 86' lang='lat' dir='ltr'>et</span> <span class='ocrx_word' id='word_1_34' title='bbox 1191 712 1244 775; x_wconf 77' lang='lat' dir='ltr'>ab</span> <span class='ocrx_word' id='word_1_35' title='bbox 1259 710 1361 774; x_wconf 83' lang='lat' dir='ltr'>arohi-</span> 
     </span>
    </p>

    <p class='ocr_par' dir='ltr' id='par_1_4' title="bbox 97 789 1404 1541">
     <span class='ocr_line' id='line_1_5' title="bbox 97 789 1361 893; baseline -0.002 -32"><span class='ocrx_word' id='word_1_36' title='bbox 97 789 229 836; x_wconf 68' lang='lat'>⁰“¹³¹²⁸¹³⁰·</span> <span class='ocrx_word' id='word_1_37' title='bbox 260 798 408 883; x_wconf 87' lang='lat' dir='ltr'>episeopo</span> <span class='ocrx_word' id='word_1_38' title='bbox 430 798 571 881; x_wconf 91' lang='lat' dir='ltr'>ejusdem</span> <span class='ocrx_word' id='word_1_39' title='bbox 592 797 733 861; x_wconf 84' lang='lat' dir='ltr'>civitatis</span> <span class='ocrx_word' id='word_1_40' title='bbox 747 796 910 874; x_wconf 86' lang='lat' dir='ltr'>AEtherio,</span> <span class='ocrx_word' id='word_1_41' title='bbox 928 798 1024 880; x_wconf 85' lang='lat' dir='ltr'>juxta</span> <span class='ocrx_word' id='word_1_42' title='bbox 1041 796 1127 880; x_wconf 92' lang='lat' dir='ltr'>quod</span> <span class='ocrx_word' id='word_1_43' title='bbox 1145 796 1235 893; x_wconf 81' lang='lat' dir='ltr'>jussa</span> <span class='ocrx_word' id='word_1_44' title='bbox 1257 796 1361 859; x_wconf 84' lang='lat' dir='ltr'>sancti</span> 
     </span>
     <span class='ocr_line' id='line_1_6' title="bbox 259 879 1362 967; baseline -0.004 -20"><span class='ocrx_word' id='word_1_45' title='bbox 259 882 362 967; x_wconf 83' lang='lat' dir='ltr'>patris</span> <span class='ocrx_word' id='word_1_46' title='bbox 384 882 531 967; x_wconf 76' lang='lat' dir='ltr'>(irregorii</span> <span class='ocrx_word' id='word_1_47' title='bbox 560 889 757 965; x_wconf 69' lang='lat' dir='ltr'>aooeperant</span> <span class='ocrx_word' id='word_1_48' title='bbox 783 881 1038 966; x_wconf 88' lang='lat' dir='ltr'>archiepisoopus</span> <span class='ocrx_word' id='word_1_49' title='bbox 1066 887 1155 965; x_wconf 80' lang='lat' dir='ltr'>genti</span> <span class='ocrx_word' id='word_1_50' title='bbox 1182 879 1362 965; x_wconf 86' lang='lat' dir='ltr'>Anglorum</span> 
     </span>
     <span class='ocr_line' id='line_1_7' title="bbox 260 965 1361 1051; baseline -0.003 -20"><span class='ocrx_word' id='word_1_51' title='bbox 260 968 427 1031; x_wconf 87' lang='lat' dir='ltr'>ordinatus</span> <span class='ocrx_word' id='word_1_52' title='bbox 441 974 499 1044; x_wconf 86' lang='lat' dir='ltr'>est,</span> <span class='ocrx_word' id='word_1_53' title='bbox 516 988 721 1051; x_wconf 75' lang='lat' dir='ltr'>reversusque</span> <span class='ocrx_word' id='word_1_54' title='bbox 736 966 940 1043; x_wconf 81' lang='lat' dir='ltr'>Brittaniam,</span> <span class='ocrx_word' id='word_1_55' title='bbox 956 966 1045 1030; x_wconf 86' lang='lat' dir='ltr'>misit</span> <span class='ocrx_word' id='word_1_56' title='bbox 1059 965 1209 1029; x_wconf 81' lang='lat' dir='ltr'>continuo</span> <span class='ocrx_word' id='word_1_57' title='bbox 1225 965 1361 1028; x_wconf 83' lang='lat' dir='ltr'>Romam</span> 
     </span>
     <span class='ocr_line' id='line_1_8' title="bbox 262 1050 1404 1137; baseline 0 -20"><span class='ocrx_word' id='word_1_58' title='bbox 262 1052 471 1117; x_wconf 79' lang='lat' dir='ltr'>Laurentium</span> <span class='ocrx_word' id='word_1_59' title='bbox 493 1054 723 1137; x_wconf 83' lang='lat' dir='ltr'>presbyterum,</span> <span class='ocrx_word' id='word_1_60' title='bbox 748 1059 782 1116; x_wconf 89' lang='lat' dir='ltr'>et</span> <span class='ocrx_word' id='word_1_61' title='bbox 806 1053 941 1116; x_wconf 89' lang='lat' dir='ltr'>Petrum</span> <span class='ocrx_word' id='word_1_62' title='bbox 963 1051 1163 1127; x_wconf 84' lang='lat' dir='ltr'>monachum,</span> <span class='ocrx_word' id='word_1_63' title='bbox 1186 1050 1240 1134; x_wconf 90' lang='lat' dir='ltr'>qui</span> <span class='ocrx_word' id='word_1_64' title='bbox 1263 1050 1404 1117; x_wconf 85' lang='lat' dir='ltr'>beato¹s</span> 
     </span>
     <span class='ocr_line' id='line_1_9' title="bbox 259 1134 1360 1236; baseline -0.003 -37"><span class='ocrx_word' id='word_1_65' title='bbox 259 1136 403 1222; x_wconf 83' lang='lat' dir='ltr'>pontifici</span> <span class='ocrx_word' id='word_1_66' title='bbox 415 1136 576 1236; x_wconf 57' lang='lat' dir='ltr'>§regorio</span> <span class='ocrx_word' id='word_1_67' title='bbox 590 1142 718 1222; x_wconf 87' lang='lat' dir='ltr'>gentem</span> <span class='ocrx_word' id='word_1_68' title='bbox 734 1138 913 1222; x_wconf 84' lang='lat' dir='ltr'>Anglorum</span> <span class='ocrx_word' id='word_1_69' title='bbox 927 1135 1158 1235; x_wconf 27' lang='lat' dir='ltr'>fidemtOhristi</span> <span class='ocrx_word' id='word_1_70' title='bbox 1176 1134 1360 1234; x_wconf 79' lang='lat' dir='ltr'>susoepisse,</span> 
     </span>
     <span class='ocr_line' id='line_1_10' title="bbox 259 1220 1361 1390; baseline -0.003 -20"><span class='ocrx_word' id='word_1_71' title='bbox 259 1220 1361 1390; x_wconf 39' lang='lat' dir='ltr'>mittimini&amp;utilititigtiit</span> 
     </span>
     <span class='ocr_line' id='line_1_11' title="bbox 261 1388 1360 1476; baseline 0 -23"><span class='ocrx_word' id='word_1_72' title='bbox 261 1392 328 1455; x_wconf 89' lang='lat' dir='ltr'>Neo</span> <span class='ocrx_word' id='word_1_73' title='bbox 352 1414 451 1467; x_wconf 83' lang='lat' dir='ltr'>mora,</span> <span class='ocrx_word' id='word_1_74' title='bbox 478 1412 619 1476; x_wconf 84' lang='lat' dir='ltr'>oongrua</span> <span class='ocrx_word' id='word_1_75' title='bbox 641 1392 790 1475; x_wconf 75' lang='lat' dir='ltr'>quaesitui</span> <span class='ocrx_word' id='word_1_76' title='bbox 815 1412 967 1475; x_wconf 86' lang='lat' dir='ltr'>responsa</span> <span class='ocrx_word' id='word_1_77' title='bbox 990 1390 1130 1474; x_wconf 88' lang='lat' dir='ltr'>reoepit;</span> <span class='ocrx_word' id='word_1_78' title='bbox 1165 1411 1235 1474; x_wconf 83' lang='lat' dir='ltr'>quae</span> <span class='ocrx_word' id='word_1_79' title='bbox 1262 1388 1360 1453; x_wconf 84' lang='lat' dir='ltr'>etiam</span> 
     </span>
     <span class='ocr_line' id='line_1_12' title="bbox 259 1475 1146 1541; baseline -0.002 -2"><span class='ocrx_word' id='word_1_80' title='bbox 259 1476 332 1539; x_wconf 89' lang='lat' dir='ltr'>huie</span> <span class='ocrx_word' id='word_1_81' title='bbox 349 1475 503 1540; x_wconf 84' lang='lat' dir='ltr'>Historiae</span> <span class='ocrx_word' id='word_1_82' title='bbox 517 1483 636 1539; x_wconf 71' lang='lat' dir='ltr'>nostrie</span> <span class='ocrx_word' id='word_1_83' title='bbox 651 1477 852 1541; x_wconf 82' lang='lat' dir='ltr'>commodum</span> <span class='ocrx_word' id='word_1_84' title='bbox 866 1476 1014 1539; x_wconf 82' lang='lat' dir='ltr'>duximus</span> <span class='ocrx_word' id='word_1_85' title='bbox 1028 1475 1146 1538; x_wconf 87' lang='lat' dir='ltr'>indere.</span> 
     </span>
    </p>

    <p class='ocr_par' dir='ltr' id='par_1_5' title="bbox 101 1558 1405 1646">
     <span class='ocr_line' id='line_1_13' title="bbox 101 1558 1405 1646; baseline 0.002 -29"><span class='ocrx_word' id='word_1_86' title='bbox 101 1570 247 1631; x_wconf 63' lang='lat' dir='ltr'>[Annos]</span> <span class='ocrx_word' id='word_1_87' title='bbox 304 1562 330 1625; x_wconf 93' lang='grc' dir='ltr'>Ι.</span> <span class='ocrx_word' id='word_1_88' title='bbox 361 1560 577 1646; x_wconf 74' lang='lat' dir='ltr'>interrogatio</span> <span class='ocrx_word' id='word_1_89' title='bbox 607 1561 715 1624; x_wconf 73' lang='lat' dir='ltr'>¹¹beati</span> <span class='ocrx_word' id='word_1_90' title='bbox 745 1560 920 1645; x_wconf 83' lang='lat' dir='ltr'>Augustini</span> <span class='ocrx_word' id='word_1_91' title='bbox 950 1560 1088 1645; x_wconf 81' lang='lat' dir='ltr'>episeopi</span> <span class='ocrx_word' id='word_1_92' title='bbox 1114 1558 1405 1625; x_wconf 78' lang='lat' dir='ltr'>Oantuariorumzo</span> 
     </span>
    </p>

    <p class='ocr_par' dir='ltr' id='par_1_6' title="bbox 400 1674 1456 1727">
     <span class='ocr_line' id='line_1_14' title="bbox 400 1674 1456 1727; baseline -0.002 0"><span class='ocrx_word' id='word_1_93' title='bbox 400 1690 417 1719; x_wconf 76' lang='lat'>¹1</span> <span class='ocrx_word' id='word_1_94' title='bbox 429 1688 454 1727; x_wconf 83' lang='lat' dir='ltr'>et</span> <span class='ocrx_word' id='word_1_95' title='bbox 465 1681 650 1727; x_wconf 61' lang='lat' dir='ltr'>&amp;necessariis</span> <span class='ocrx_word' id='word_1_96' title='bbox 661 1678 692 1726; x_wconf 85' lang='lat' dir='ltr'>V.</span> <span class='ocrx_word' id='word_1_97' title='bbox 1032 1690 1048 1719; x_wconf 73' lang='grc' dir='ltr'><strong>ι</strong></span> <span class='ocrx_word' id='word_1_98' title='bbox 1059 1679 1185 1727; x_wconf 76' lang='lat' dir='ltr'>beatiom.</span> <span class='ocrx_word' id='word_1_99' title='bbox 1198 1678 1227 1726; x_wconf 89' lang='lat' dir='ltr'>V.</span> <span class='ocrx_word' id='word_1_100' title='bbox 1451 1674 1456 1681; x_wconf 86' lang='grc'><strong>’</strong></span> 
     </span>
    </p>
   </div>
   <div class='ocr_carea' id='block_1_3' title="bbox 252 1782 1456 4337">
    <p class='ocr_par' dir='ltr' id='par_1_7' title="bbox 259 1782 1359 1973">
     <span class='ocr_line' id='line_1_15' title="bbox 259 1782 1359 1847; baseline -0.005 -13"><span class='ocrx_word' id='word_1_101' title='bbox 259 1786 376 1834; x_wconf 71' lang='lat' dir='ltr'>Cramer.</span> <span class='ocrx_word' id='word_1_102' title='bbox 392 1786 427 1847; x_wconf 94' lang='lat' dir='ltr'>[p.</span> <span class='ocrx_word' id='word_1_103' title='bbox 437 1797 475 1843; x_wconf 76' lang='lat'>²3·</span> <span class='ocrx_word' id='word_1_104' title='bbox 489 1784 527 1831; x_wconf 89' lang='lat' dir='ltr'>ed.</span> <span class='ocrx_word' id='word_1_105' title='bbox 537 1782 618 1846; x_wconf 82' lang='lat' dir='ltr'>r68n.]</span> <span class='ocrx_word' id='word_1_106' title='bbox 657 1783 705 1831; x_wconf 86' lang='lat' dir='ltr'>Ubi</span> <span class='ocrx_word' id='word_1_107' title='bbox 722 1790 781 1830; x_wconf 87' lang='lat' dir='ltr'>nota</span> <span class='ocrx_word' id='word_1_108' title='bbox 797 1783 871 1832; x_wconf 86' lang='lat' dir='ltr'>etiarn</span> <span class='ocrx_word' id='word_1_109' title='bbox 889 1783 975 1844; x_wconf 90' lang='lat' dir='ltr'>obiter,</span> <span class='ocrx_word' id='word_1_110' title='bbox 987 1784 1053 1844; x_wconf 89' lang='lat' dir='ltr'>quod</span> <span class='ocrx_word' id='word_1_111' title='bbox 1067 1782 1094 1830; x_wconf 92' lang='lat' dir='ltr'>in</span> <span class='ocrx_word' id='word_1_112' title='bbox 1109 1782 1255 1843; x_wconf 87' lang='lat' dir='ltr'>quibusdam</span> <span class='ocrx_word' id='word_1_113' title='bbox 1272 1782 1359 1830; x_wconf 86' lang='lat' dir='ltr'>harum</span> 
     </span>
     <span class='ocr_line' id='line_1_16' title="bbox 259 1846 1359 1911; baseline -0.002 -15"><span class='ocrx_word' id='word_1_114' title='bbox 259 1850 419 1897; x_wconf 84' lang='lat' dir='ltr'>donationum</span> <span class='ocrx_word' id='word_1_115' title='bbox 432 1848 522 1895; x_wconf 67' lang='lat' dir='ltr'>martis</span> <span class='ocrx_word' id='word_1_116' title='bbox 534 1862 628 1895; x_wconf 87' lang='lat' dir='ltr'>errores</span> <span class='ocrx_word' id='word_1_117' title='bbox 639 1847 752 1895; x_wconf 90' lang='lat' dir='ltr'>nonnulli</span> <span class='ocrx_word' id='word_1_118' title='bbox 763 1847 789 1894; x_wconf 88' lang='lat' dir='ltr'>iu</span> <span class='ocrx_word' id='word_1_119' title='bbox 802 1854 873 1911; x_wconf 85' lang='lat' dir='ltr'>typos</span> <span class='ocrx_word' id='word_1_120' title='bbox 884 1847 1041 1909; x_wconf 83' lang='lat' dir='ltr'>irrepserunt,</span> <span class='ocrx_word' id='word_1_121' title='bbox 1052 1860 1113 1908; x_wconf 83' lang='lat' dir='ltr'>qnos</span> <span class='ocrx_word' id='word_1_122' title='bbox 1125 1847 1206 1894; x_wconf 72' lang='lat' dir='ltr'>e&#39;MS.</span> <span class='ocrx_word' id='word_1_123' title='bbox 1216 1846 1274 1895; x_wconf 90' lang='lat' dir='ltr'>Aul.</span> <span class='ocrx_word' id='word_1_124' title='bbox 1286 1846 1359 1895; x_wconf 81' lang='lat' dir='ltr'>Tria.</span> 
     </span>
     <span class='ocr_line' id='line_1_17' title="bbox 259 1910 626 1973; baseline -0.011 -11"><span class='ocrx_word' id='word_1_125' title='bbox 259 1912 364 1962; x_wconf 73' lang='lat' dir='ltr'>cantab.</span> <span class='ocrx_word' id='word_1_126' title='bbox 376 1912 496 1973; x_wconf 73' lang='lat' dir='ltr'>corrigere</span> <span class='ocrx_word' id='word_1_127' title='bbox 507 1910 588 1959; x_wconf 76' lang='lat' dir='ltr'>liceat.</span> <span class='ocrx_word' id='word_1_128' title='bbox 600 1912 626 1959; x_wconf 90' lang='lat' dir='ltr'>S.</span> 
     </span>
    </p>

    <p class='ocr_par' dir='ltr' id='par_1_8' title="bbox 252 1974 1456 4206">
     <span class='ocr_line' id='line_1_18' title="bbox 294 1974 1358 2037; baseline -0.003 -14"><span class='ocrx_word' id='word_1_129' title='bbox 294 1991 333 2023; x_wconf 72' lang='grc' dir='ltr'>ια.</span> <span class='ocrx_word' id='word_1_130' title='bbox 343 1975 455 2036; x_wconf 77' lang='lat' dir='ltr'>Interea]</span> <span class='ocrx_word' id='word_1_131' title='bbox 474 1976 538 2022; x_wconf 87' lang='lat' dir='ltr'>Sunt</span> <span class='ocrx_word' id='word_1_132' title='bbox 553 1976 595 2036; x_wconf 92' lang='lat' dir='ltr'>qui</span> <span class='ocrx_word' id='word_1_133' title='bbox 608 1975 772 2036; x_wconf 72' lang='lat' dir='ltr'>Augustinum</span> <span class='ocrx_word' id='word_1_134' title='bbox 786 1984 877 2037; x_wconf 72' lang='lat' dir='ltr'>uagam</span> <span class='ocrx_word' id='word_1_135' title='bbox 891 1976 980 2024; x_wconf 87' lang='lat' dir='ltr'>iterum</span> <span class='ocrx_word' id='word_1_136' title='bbox 994 1975 1172 2035; x_wconf 69' lang='lat' dir='ltr'>transfretante,</span> <span class='ocrx_word' id='word_1_137' title='bbox 1183 1979 1209 2022; x_wconf 89' lang='lat' dir='ltr'>et</span> <span class='ocrx_word' id='word_1_138' title='bbox 1218 1974 1358 2021; x_wconf 87' lang='lat' dir='ltr'>ordinatum</span> 
     </span>
     <span class='ocr_line' id='line_1_19' title="bbox 258 2038 1358 2100; baseline -0.002 -13"><span class='ocrx_word' id='word_1_139' title='bbox 258 2039 345 2087; x_wconf 86' lang='lat' dir='ltr'>volunt</span> <span class='ocrx_word' id='word_1_140' title='bbox 355 2039 381 2085; x_wconf 91' lang='lat' dir='ltr'>in</span> <span class='ocrx_word' id='word_1_141' title='bbox 393 2038 473 2099; x_wconf 88' lang='lat' dir='ltr'>primo</span> <span class='ocrx_word' id='word_1_142' title='bbox 483 2054 528 2100; x_wconf 86' lang='lat' dir='ltr'>per</span> <span class='ocrx_word' id='word_1_143' title='bbox 538 2038 632 2087; x_wconf 83' lang='lat' dir='ltr'>Gallias</span> <span class='ocrx_word' id='word_1_144' title='bbox 643 2039 759 2087; x_wconf 87' lang='lat' dir='ltr'>transitu.</span> <span class='ocrx_word' id='word_1_145' title='bbox 792 2040 848 2087; x_wconf 82' lang='lat' dir='ltr'>lloe</span> <span class='ocrx_word' id='word_1_146' title='bbox 859 2046 941 2087; x_wconf 74' lang='lat' dir='ltr'>summ</span> <span class='ocrx_word' id='word_1_147' title='bbox 954 2053 1003 2085; x_wconf 85' lang='lat' dir='ltr'>aon</span> <span class='ocrx_word' id='word_1_148' title='bbox 1015 2040 1094 2087; x_wconf 87' lang='lat' dir='ltr'>solum</span> <span class='ocrx_word' id='word_1_149' title='bbox 1106 2046 1192 2086; x_wconf 86' lang='lat' dir='ltr'>eontra</span> <span class='ocrx_word' id='word_1_150' title='bbox 1203 2038 1297 2085; x_wconf 69' lang='grc' dir='ltr'>Βεάαω</span> <span class='ocrx_word' id='word_1_151' title='bbox 1312 2046 1358 2097; x_wconf 84' lang='lat' dir='ltr'>est,</span> 
     </span>
     <span class='ocr_line' id='line_1_20' title="bbox 259 2101 1358 2165; baseline -0.002 -14"><span class='ocrx_word' id='word_1_152' title='bbox 259 2104 302 2151; x_wconf 90' lang='lat' dir='ltr'>sed</span> <span class='ocrx_word' id='word_1_153' title='bbox 313 2110 400 2150; x_wconf 87' lang='lat' dir='ltr'>contra</span> <span class='ocrx_word' id='word_1_154' title='bbox 412 2103 446 2149; x_wconf 89' lang='lat' dir='ltr'>rei</span> <span class='ocrx_word' id='word_1_155' title='bbox 458 2102 535 2162; x_wconf 88' lang='lat' dir='ltr'>ipsius</span> <span class='ocrx_word' id='word_1_156' title='bbox 546 2103 673 2151; x_wconf 90' lang='lat' dir='ltr'>rationem.</span> <span class='ocrx_word' id='word_1_157' title='bbox 708 2103 771 2164; x_wconf 77' lang='lat' dir='ltr'>Quis</span> <span class='ocrx_word' id='word_1_158' title='bbox 779 2101 844 2151; x_wconf 88' lang='lat' dir='ltr'>enim</span> <span class='ocrx_word' id='word_1_159' title='bbox 856 2110 926 2165; x_wconf 88' lang='lat' dir='ltr'>putet</span> <span class='ocrx_word' id='word_1_160' title='bbox 936 2103 1102 2161; x_wconf 76' lang='lat' dir='ltr'>Augustinum</span> <span class='ocrx_word' id='word_1_161' title='bbox 1114 2102 1206 2149; x_wconf 83' lang='lat' dir='ltr'>factum</span> <span class='ocrx_word' id='word_1_162' title='bbox 1218 2102 1358 2163; x_wconf 87' lang='lat' dir='ltr'>episcopum</span> 
     </span>
     <span class='ocr_line' id='line_1_21' title="bbox 259 2166 1360 2228; baseline 0.001 -14"><span class='ocrx_word' id='word_1_163' title='bbox 259 2174 390 2227; x_wconf 76' lang='lat' dir='ltr'>antequem</span> <span class='ocrx_word' id='word_1_164' title='bbox 401 2166 475 2213; x_wconf 86' lang='lat' dir='ltr'>sciret</span> <span class='ocrx_word' id='word_1_165' title='bbox 485 2166 624 2214; x_wconf 87' lang='lat' dir='ltr'>habiturum</span> <span class='ocrx_word' id='word_1_166' title='bbox 636 2182 662 2214; x_wconf 89' lang='lat' dir='ltr'>se</span> <span class='ocrx_word' id='word_1_167' title='bbox 673 2167 790 2227; x_wconf 92' lang='lat' dir='ltr'>populum</span> <span class='ocrx_word' id='word_1_168' title='bbox 803 2167 841 2214; x_wconf 87' lang='lat' dir='ltr'>oui</span> <span class='ocrx_word' id='word_1_169' title='bbox 853 2174 982 2228; x_wconf 72' lang='lat' dir='ltr'>praeesset3</span> <span class='ocrx_word' id='word_1_170' title='bbox 998 2166 1086 2215; x_wconf 88' lang='lat' dir='ltr'>deinde</span> <span class='ocrx_word' id='word_1_171' title='bbox 1101 2166 1122 2214; x_wconf 89' lang='lat' dir='ltr'>si</span> <span class='ocrx_word' id='word_1_172' title='bbox 1137 2167 1288 2214; x_wconf 88' lang='lat' dir='ltr'>ordinandus</span> <span class='ocrx_word' id='word_1_173' title='bbox 1296 2166 1360 2215; x_wconf 85' lang='lat' dir='ltr'>foret</span> 
     </span>
     <span class='ocr_line' id='line_1_22' title="bbox 258 2230 1358 2292; baseline 0.001 -15"><span class='ocrx_word' id='word_1_174' title='bbox 258 2238 389 2290; x_wconf 75' lang='lat' dir='ltr'>numquam</span> <span class='ocrx_word' id='word_1_175' title='bbox 402 2230 550 2277; x_wconf 76' lang='lat' dir='ltr'>Brittaniam</span> <span class='ocrx_word' id='word_1_176' title='bbox 563 2231 674 2290; x_wconf 74' lang='lat' dir='ltr'>intraret,</span> <span class='ocrx_word' id='word_1_177' title='bbox 686 2245 729 2278; x_wconf 87' lang='lat' dir='ltr'>car</span> <span class='ocrx_word' id='word_1_178' title='bbox 740 2246 789 2277; x_wconf 89' lang='lat' dir='ltr'>non</span> <span class='ocrx_word' id='word_1_179' title='bbox 801 2232 886 2279; x_wconf 78' lang='lat' dir='ltr'>Rome</span> <span class='ocrx_word' id='word_1_180' title='bbox 897 2232 978 2292; x_wconf 86' lang='lat' dir='ltr'>potius</span> <span class='ocrx_word' id='word_1_181' title='bbox 989 2246 1005 2278; x_wconf 84' lang='lat' dir='ltr'>a</span> <span class='ocrx_word' id='word_1_182' title='bbox 1013 2232 1132 2291; x_wconf 75' lang='lat' dir='ltr'>Gregorio</span> <span class='ocrx_word' id='word_1_183' title='bbox 1142 2230 1205 2291; x_wconf 89' lang='lat' dir='ltr'>ipso,</span> <span class='ocrx_word' id='word_1_184' title='bbox 1214 2244 1287 2290; x_wconf 88' lang='lat' dir='ltr'>quam</span> <span class='ocrx_word' id='word_1_185' title='bbox 1297 2232 1358 2278; x_wconf 89' lang='lat' dir='ltr'>Are·</span> 
     </span>
     <span class='ocr_line' id='line_1_23' title="bbox 257 2294 1358 2356; baseline -0.001 -14"><span class='ocrx_word' id='word_1_186' title='bbox 257 2295 308 2342; x_wconf 84' lang='lat' dir='ltr'>late</span> <span class='ocrx_word' id='word_1_187' title='bbox 325 2294 356 2341; x_wconf 90' lang='lat' dir='ltr'>ab</span> <span class='ocrx_word' id='word_1_188' title='bbox 374 2294 481 2341; x_wconf 84' lang='lat' dir='ltr'>Etberio.</span> <span class='ocrx_word' id='word_1_189' title='bbox 515 2295 592 2342; x_wconf 82' lang='lat' dir='ltr'>Recte</span> <span class='ocrx_word' id='word_1_190' title='bbox 609 2294 685 2355; x_wconf 75' lang='lat' dir='ltr'>igituir</span> <span class='ocrx_word' id='word_1_191' title='bbox 703 2310 718 2341; x_wconf 90' lang='lat' dir='ltr'>a</span> <span class='ocrx_word' id='word_1_192' title='bbox 737 2295 805 2342; x_wconf 87' lang='lat' dir='ltr'>Beda</span> <span class='ocrx_word' id='word_1_193' title='bbox 825 2295 916 2343; x_wconf 88' lang='lat' dir='ltr'>dictum</span> <span class='ocrx_word' id='word_1_194' title='bbox 934 2304 971 2343; x_wconf 90' lang='lat' dir='ltr'>est</span> <span class='ocrx_word' id='word_1_195' title='bbox 988 2294 1153 2356; x_wconf 77' lang='lat' dir='ltr'>Angustiuum</span> <span class='ocrx_word' id='word_1_196' title='bbox 1170 2309 1184 2342; x_wconf 88' lang='lat' dir='ltr'>e</span> <span class='ocrx_word' id='word_1_197' title='bbox 1201 2294 1301 2356; x_wconf 87' lang='lat' dir='ltr'>reliquis</span> <span class='ocrx_word' id='word_1_198' title='bbox 1316 2294 1358 2341; x_wconf 89' lang='lat' dir='ltr'>de-</span> 
     </span>
     <span class='ocr_line' id='line_1_24' title="bbox 258 2357 1358 2421; baseline 0 -16"><span class='ocrx_word' id='word_1_199' title='bbox 258 2357 382 2419; x_wconf 79' lang='lat' dir='ltr'>signatum</span> <span class='ocrx_word' id='word_1_200' title='bbox 394 2358 436 2418; x_wconf 85' lang='lat' dir='ltr'>qui</span> <span class='ocrx_word' id='word_1_201' title='bbox 448 2358 603 2406; x_wconf 82' lang='lat' dir='ltr'>ordinaretur</span> <span class='ocrx_word' id='word_1_202' title='bbox 613 2361 635 2405; x_wconf 77' lang='lat' dir='ltr'>ei</span> <span class='ocrx_word' id='word_1_203' title='bbox 645 2360 677 2405; x_wconf 81' lang='lat' dir='ltr'>nb</span> <span class='ocrx_word' id='word_1_204' title='bbox 687 2360 781 2418; x_wconf 75' lang='lat' dir='ltr'>Anglii</span> <span class='ocrx_word' id='word_1_205' title='bbox 790 2362 974 2421; x_wconf 75' lang='lat' dir='ltr'>nncipereninr</span> <span class='ocrx_word' id='word_1_206' title='bbox 984 2374 1037 2419; x_wconf 88' lang='lat' dir='ltr'>cap.</span> <span class='ocrx_word' id='word_1_207' title='bbox 1050 2358 1118 2405; x_wconf 89' lang='lat' dir='ltr'>xxiii.</span> <span class='ocrx_word' id='word_1_208' title='bbox 1142 2362 1224 2419; x_wconf 87' lang='lat' dir='ltr'>Atque</span> <span class='ocrx_word' id='word_1_209' title='bbox 1234 2357 1281 2405; x_wconf 88' lang='lat' dir='ltr'>hoc</span> <span class='ocrx_word' id='word_1_210' title='bbox 1292 2372 1358 2405; x_wconf 88' lang='lat' dir='ltr'>com-</span> 
     </span>
     <span class='ocr_line' id='line_1_25' title="bbox 257 2422 1358 2485; baseline 0 -16"><span class='ocrx_word' id='word_1_211' title='bbox 257 2429 335 2482; x_wconf 77' lang='lat' dir='ltr'>perto,</span> <span class='ocrx_word' id='word_1_212' title='bbox 355 2427 414 2469; x_wconf 87' lang='lat' dir='ltr'>tnnc</span> <span class='ocrx_word' id='word_1_213' title='bbox 433 2427 459 2469; x_wconf 89' lang='lat' dir='ltr'>et</span> <span class='ocrx_word' id='word_1_214' title='bbox 478 2436 528 2469; x_wconf 90' lang='lat' dir='ltr'>non</span> <span class='ocrx_word' id='word_1_215' title='bbox 545 2430 618 2469; x_wconf 73' lang='lat' dir='ltr'>anmi</span> <span class='ocrx_word' id='word_1_216' title='bbox 633 2423 664 2469; x_wconf 90' lang='lat' dir='ltr'>de</span> <span class='ocrx_word' id='word_1_217' title='bbox 679 2422 833 2469; x_wconf 72' lang='lat' dir='ltr'>mdinatime</span> <span class='ocrx_word' id='word_1_218' title='bbox 849 2424 948 2485; x_wconf 80' lang='lat' dir='ltr'>cogitat.</span> <span class='ocrx_word' id='word_1_219' title='bbox 981 2423 1054 2484; x_wconf 71' lang='lat' dir='ltr'>Quod</span> <span class='ocrx_word' id='word_1_220' title='bbox 1071 2430 1153 2470; x_wconf 87' lang='lat' dir='ltr'>sutem</span> <span class='ocrx_word' id='word_1_221' title='bbox 1169 2422 1209 2469; x_wconf 87' lang='lat' dir='ltr'>hic</span> <span class='ocrx_word' id='word_1_222' title='bbox 1225 2430 1326 2483; x_wconf 75' lang='lat' dir='ltr'>urgetur</span> <span class='ocrx_word' id='word_1_223' title='bbox 1342 2437 1358 2469; x_wconf 86' lang='lat' dir='ltr'>a</span> 
     </span>
     <span class='ocr_line' id='line_1_26' title="bbox 256 2485 1357 2547; baseline 0.002 -16"><span class='ocrx_word' id='word_1_224' title='bbox 256 2485 377 2533; x_wconf 84' lang='lat' dir='ltr'>brevitate</span> <span class='ocrx_word' id='word_1_225' title='bbox 390 2486 505 2547; x_wconf 85' lang='lat' dir='ltr'>temporis</span> <span class='ocrx_word' id='word_1_226' title='bbox 520 2487 586 2534; x_wconf 91' lang='lat' dir='ltr'>inter</span> <span class='ocrx_word' id='word_1_227' title='bbox 595 2485 730 2546; x_wconf 73' lang='lat' dir='ltr'>Augustini</span> <span class='ocrx_word' id='word_1_228' title='bbox 746 2487 935 2547; x_wconf 87' lang='lat' dir='ltr'>ordinationem,</span> <span class='ocrx_word' id='word_1_229' title='bbox 946 2493 971 2534; x_wconf 89' lang='lat' dir='ltr'>et</span> <span class='ocrx_word' id='word_1_230' title='bbox 987 2486 1106 2534; x_wconf 85' lang='lat' dir='ltr'>celebrem</span> <span class='ocrx_word' id='word_1_231' title='bbox 1123 2486 1270 2547; x_wconf 87' lang='lat' dir='ltr'>baptismum</span> <span class='ocrx_word' id='word_1_232' title='bbox 1288 2485 1357 2546; x_wconf 82' lang='lat' dir='ltr'>eujus</span> 
     </span>
     <span class='ocr_line' id='line_1_27' title="bbox 258 2550 1356 2612; baseline 0.001 -15"><span class='ocrx_word' id='word_1_233' title='bbox 258 2550 392 2612; x_wconf 75' lang='lat' dir='ltr'>Gregorius</span> <span class='ocrx_word' id='word_1_234' title='bbox 403 2550 517 2598; x_wconf 86' lang='lat' dir='ltr'>meminit</span> <span class='ocrx_word' id='word_1_235' title='bbox 527 2551 552 2598; x_wconf 88' lang='lat' dir='ltr'>ia</span> <span class='ocrx_word' id='word_1_236' title='bbox 564 2550 667 2612; x_wconf 86' lang='lat' dir='ltr'>epistola</span> <span class='ocrx_word' id='word_1_237' title='bbox 678 2551 708 2597; x_wconf 92' lang='lat' dir='ltr'>ad</span> <span class='ocrx_word' id='word_1_238' title='bbox 721 2550 853 2612; x_wconf 77' lang='lat' dir='ltr'>Eulogium</span> <span class='ocrx_word' id='word_1_239' title='bbox 864 2550 1059 2599; x_wconf 87' lang='lat' dir='ltr'>Alexandrinum</span> <span class='ocrx_word' id='word_1_240' title='bbox 1072 2550 1132 2599; x_wconf 89' lang='lat' dir='ltr'>nibil</span> <span class='ocrx_word' id='word_1_241' title='bbox 1143 2550 1215 2599; x_wconf 89' lang='lat' dir='ltr'>habet</span> <span class='ocrx_word' id='word_1_242' title='bbox 1229 2550 1356 2598; x_wconf 84' lang='lat' dir='ltr'>momenti.</span> 
     </span>
     <span class='ocr_line' id='line_1_28' title="bbox 258 2614 1355 2677; baseline 0 -15"><span class='ocrx_word' id='word_1_243' title='bbox 258 2615 323 2662; x_wconf 86' lang='lat' dir='ltr'>Satis</span> <span class='ocrx_word' id='word_1_244' title='bbox 339 2615 405 2662; x_wconf 87' lang='lat' dir='ltr'>enim</span> <span class='ocrx_word' id='word_1_245' title='bbox 422 2622 459 2662; x_wconf 87' lang='lat' dir='ltr'>est</span> <span class='ocrx_word' id='word_1_246' title='bbox 475 2617 592 2675; x_wconf 89' lang='lat' dir='ltr'>temporis</span> <span class='ocrx_word' id='word_1_247' title='bbox 608 2615 635 2662; x_wconf 91' lang='lat' dir='ltr'>in</span> <span class='ocrx_word' id='word_1_248' title='bbox 652 2614 796 2662; x_wconf 81' lang='lat' dir='ltr'>brevissimo</span> <span class='ocrx_word' id='word_1_249' title='bbox 813 2615 907 2662; x_wconf 83' lang='lat' dir='ltr'>calculo</span> <span class='ocrx_word' id='word_1_250' title='bbox 924 2616 954 2662; x_wconf 83' lang='lat' dir='ltr'>ed</span> <span class='ocrx_word' id='word_1_251' title='bbox 969 2621 1098 2676; x_wconf 83' lang='lat' dir='ltr'>utrumque</span> <span class='ocrx_word' id='word_1_252' title='bbox 1111 2630 1172 2675; x_wconf 88' lang='lat' dir='ltr'>opus</span> <span class='ocrx_word' id='word_1_253' title='bbox 1184 2615 1355 2677; x_wconf 72' lang='lat' dir='ltr'>peragendum.</span> 
     </span>
     <span class='ocr_line' id='line_1_29' title="bbox 257 2679 1355 2740; baseline 0.001 -15"><span class='ocrx_word' id='word_1_254' title='bbox 257 2679 320 2740; x_wconf 73' lang='lat' dir='ltr'>Quis</span> <span class='ocrx_word' id='word_1_255' title='bbox 331 2679 425 2726; x_wconf 86' lang='lat' dir='ltr'>dubitet</span> <span class='ocrx_word' id='word_1_256' title='bbox 438 2679 577 2740; x_wconf 87' lang='lat' dir='ltr'>episcopum</span> <span class='ocrx_word' id='word_1_257' title='bbox 589 2680 620 2726; x_wconf 89' lang='lat' dir='ltr'>ad</span> <span class='ocrx_word' id='word_1_258' title='bbox 631 2679 748 2740; x_wconf 91' lang='lat' dir='ltr'>populum</span> <span class='ocrx_word' id='word_1_259' title='bbox 765 2694 837 2726; x_wconf 87' lang='lat' dir='ltr'>suum</span> <span class='ocrx_word' id='word_1_260' title='bbox 849 2695 922 2740; x_wconf 85' lang='lat' dir='ltr'>quam</span> <span class='ocrx_word' id='word_1_261' title='bbox 934 2679 1052 2726; x_wconf 75' lang='lat' dir='ltr'>ctussme</span> <span class='ocrx_word' id='word_1_262' title='bbox 1067 2693 1228 2738; x_wconf 85' lang='lat' dir='ltr'>reversurum,</span> <span class='ocrx_word' id='word_1_263' title='bbox 1240 2679 1355 2740; x_wconf 89' lang='lat' dir='ltr'>populum</span> 
     </span>
     <span class='ocr_line' id='line_1_30' title="bbox 257 2742 1354 2804; baseline -0.001 -15"><span class='ocrx_word' id='word_1_264' title='bbox 257 2742 287 2790; x_wconf 91' lang='lat' dir='ltr'>ad</span> <span class='ocrx_word' id='word_1_265' title='bbox 297 2743 437 2803; x_wconf 87' lang='lat' dir='ltr'>episcopum</span> <span class='ocrx_word' id='word_1_266' title='bbox 450 2757 572 2790; x_wconf 87' lang='lat' dir='ltr'>reversum</span> <span class='ocrx_word' id='word_1_267' title='bbox 585 2758 659 2804; x_wconf 85' lang='lat' dir='ltr'>quem</span> <span class='ocrx_word' id='word_1_268' title='bbox 671 2743 789 2790; x_wconf 84' lang='lat' dir='ltr'>citissime</span> <span class='ocrx_word' id='word_1_269' title='bbox 799 2744 990 2791; x_wconf 83' lang='lat' dir='ltr'>confluxuram?</span> <span class='ocrx_word' id='word_1_270' title='bbox 1028 2743 1059 2790; x_wconf 83' lang='lat' dir='ltr'>Et</span> <span class='ocrx_word' id='word_1_271' title='bbox 1076 2743 1164 2790; x_wconf 82' lang='lat' dir='ltr'>exinde</span> <span class='ocrx_word' id='word_1_272' title='bbox 1180 2743 1278 2803; x_wconf 90' lang='lat' dir='ltr'>quidem</span> <span class='ocrx_word' id='word_1_273' title='bbox 1294 2756 1354 2790; x_wconf 91' lang='lat' dir='ltr'>con-</span> 
     </span>
     <span class='ocr_line' id='line_1_31' title="bbox 256 2805 1355 2869; baseline 0.002 -17"><span class='ocrx_word' id='word_1_274' title='bbox 256 2805 328 2853; x_wconf 90' lang='lat' dir='ltr'>cludo</span> <span class='ocrx_word' id='word_1_275' title='bbox 344 2807 489 2865; x_wconf 77' lang='lat' dir='ltr'>Gregorium</span> <span class='ocrx_word' id='word_1_276' title='bbox 507 2806 626 2867; x_wconf 84' lang='lat' dir='ltr'>recepisse</span> <span class='ocrx_word' id='word_1_277' title='bbox 643 2807 760 2854; x_wconf 89' lang='lat' dir='ltr'>nuncium</span> <span class='ocrx_word' id='word_1_278' title='bbox 776 2806 848 2867; x_wconf 78' lang='lat' dir='ltr'>liujus</span> <span class='ocrx_word' id='word_1_279' title='bbox 864 2806 978 2868; x_wconf 87' lang='lat' dir='ltr'>baptismi</span> <span class='ocrx_word' id='word_1_280' title='bbox 995 2806 1144 2869; x_wconf 75' lang='lat' dir='ltr'>Anglorum,</span> <span class='ocrx_word' id='word_1_281' title='bbox 1161 2813 1186 2854; x_wconf 88' lang='lat' dir='ltr'>et</span> <span class='ocrx_word' id='word_1_282' title='bbox 1203 2807 1355 2867; x_wconf 88' lang='lat' dir='ltr'>episcopatus</span> 
     </span>
     <span class='ocr_line' id='line_1_32' title="bbox 256 2869 1353 2932; baseline 0.002 -16"><span class='ocrx_word' id='word_1_283' title='bbox 256 2869 391 2930; x_wconf 75' lang='lat' dir='ltr'>Augustini</span> <span class='ocrx_word' id='word_1_284' title='bbox 402 2871 467 2930; x_wconf 89' lang='lat' dir='ltr'>quod</span> <span class='ocrx_word' id='word_1_285' title='bbox 478 2870 582 2929; x_wconf 77' lang='lat' dir='ltr'>Eulogio</span> <span class='ocrx_word' id='word_1_286' title='bbox 594 2872 739 2928; x_wconf 85' lang='lat' dir='ltr'>transmisit,</span> <span class='ocrx_word' id='word_1_287' title='bbox 750 2872 796 2919; x_wconf 89' lang='lat' dir='ltr'>hoc</span> <span class='ocrx_word' id='word_1_288' title='bbox 808 2873 861 2932; x_wconf 85' lang='lat' dir='ltr'>ipso</span> <span class='ocrx_word' id='word_1_289' title='bbox 873 2879 980 2932; x_wconf 86' lang='lat' dir='ltr'>ternpore</span> <span class='ocrx_word' id='word_1_290' title='bbox 991 2885 1034 2931; x_wconf 91' lang='lat' dir='ltr'>per</span> <span class='ocrx_word' id='word_1_291' title='bbox 1046 2870 1205 2919; x_wconf 84' lang='lat' dir='ltr'>Laurentium</span> <span class='ocrx_word' id='word_1_292' title='bbox 1217 2877 1243 2917; x_wconf 89' lang='lat' dir='ltr'>et</span> <span class='ocrx_word' id='word_1_293' title='bbox 1257 2871 1353 2918; x_wconf 85' lang='lat' dir='ltr'>Petrum</span> 
     </span>
     <span class='ocr_line' id='line_1_33' title="bbox 255 2934 1355 2997; baseline 0.002 -17"><span class='ocrx_word' id='word_1_294' title='bbox 255 2934 295 2980; x_wconf 88' lang='lat' dir='ltr'>hio</span> <span class='ocrx_word' id='word_1_295' title='bbox 311 2948 424 2994; x_wconf 84' lang='lat' dir='ltr'>expresse</span> <span class='ocrx_word' id='word_1_296' title='bbox 441 2934 472 2980; x_wconf 83' lang='lat' dir='ltr'>ab</span> <span class='ocrx_word' id='word_1_297' title='bbox 488 2935 630 2994; x_wconf 74' lang='lat' dir='ltr'>Augustino</span> <span class='ocrx_word' id='word_1_298' title='bbox 643 2934 735 2989; x_wconf 57' lang='lat' dir='ltr'>,missos</span> <span class='ocrx_word' id='word_1_299' title='bbox 751 2936 869 2982; x_wconf 88' lang='lat' dir='ltr'>continuo</span> <span class='ocrx_word' id='word_1_300' title='bbox 886 2943 1014 2997; x_wconf 87' lang='lat' dir='ltr'>postquam</span> <span class='ocrx_word' id='word_1_301' title='bbox 1031 2949 1142 2982; x_wconf 77' lang='lat' dir='ltr'>tererem</span> <span class='ocrx_word' id='word_1_302' title='bbox 1157 2941 1202 2982; x_wconf 77' lang='lat' dir='ltr'>est</span> <span class='ocrx_word' id='word_1_303' title='bbox 1215 2935 1240 2982; x_wconf 83' lang='lat' dir='ltr'>S·</span> <span class='ocrx_word' id='word_1_304' title='bbox 1273 2934 1355 2982; x_wconf 76' lang='lat' dir='ltr'>loeus</span> 
     </span>
     <span class='ocr_line' id='line_1_34' title="bbox 255 2997 1354 3061; baseline 0.001 -17"><span class='ocrx_word' id='word_1_305' title='bbox 255 3006 294 3045; x_wconf 86' lang='lat' dir='ltr'>est</span> <span class='ocrx_word' id='word_1_306' title='bbox 310 2998 334 3044; x_wconf 86' lang='lat' dir='ltr'>iu</span> <span class='ocrx_word' id='word_1_307' title='bbox 353 3000 455 3057; x_wconf 74' lang='lat' dir='ltr'>Gregor.</span> <span class='ocrx_word' id='word_1_308' title='bbox 472 2997 551 3057; x_wconf 85' lang='lat' dir='ltr'>Epist.</span> <span class='ocrx_word' id='word_1_309' title='bbox 566 2997 618 3044; x_wconf 85' lang='lat' dir='ltr'>viii.</span> <span class='ocrx_word' id='word_1_310' title='bbox 633 3012 675 3056; x_wconf 83' lang='lat'>30.</span> <span class='ocrx_word' id='word_1_311' title='bbox 694 2999 748 3045; x_wconf 90' lang='lat' dir='ltr'>lud.</span> <span class='ocrx_word' id='word_1_312' title='bbox 762 2999 780 3045; x_wconf 90' lang='lat' dir='ltr'>i.</span> <span class='ocrx_word' id='word_1_313' title='bbox 800 3001 844 3061; x_wconf 88' lang='lat' dir='ltr'>(A.</span> <span class='ocrx_word' id='word_1_314' title='bbox 855 2999 888 3046; x_wconf 91' lang='lat' dir='ltr'>D.</span> <span class='ocrx_word' id='word_1_315' title='bbox 903 2999 971 3060; x_wconf 71' lang='lat'>598.)</span> <span class='ocrx_word' id='word_1_316' title='bbox 992 3005 1018 3047; x_wconf 87' lang='lat' dir='ltr'>et</span> <span class='ocrx_word' id='word_1_317' title='bbox 1033 2999 1121 3060; x_wconf 75' lang='lat' dir='ltr'>dignus</span> <span class='ocrx_word' id='word_1_318' title='bbox 1132 2997 1174 3060; x_wconf 87' lang='lat' dir='ltr'>qui</span> <span class='ocrx_word' id='word_1_319' title='bbox 1190 2998 1229 3044; x_wconf 87' lang='lat' dir='ltr'>hic</span> <span class='ocrx_word' id='word_1_320' title='bbox 1246 3013 1354 3060; x_wconf 86' lang='lat' dir='ltr'>appona-</span> 
     </span>
     <span class='ocr_line' id='line_1_35' title="bbox 256 3061 1355 3124; baseline 0.002 -16"><span class='ocrx_word' id='word_1_321' title='bbox 256 3069 304 3108; x_wconf 85' lang='lat' dir='ltr'>tur.</span> <span class='ocrx_word' id='word_1_322' title='bbox 338 3061 410 3110; x_wconf 82' lang='lat' dir='ltr'>Dum</span> <span class='ocrx_word' id='word_1_323' title='bbox 428 3076 492 3121; x_wconf 82' lang='lat' dir='ltr'>gens</span> <span class='ocrx_word' id='word_1_324' title='bbox 512 3062 654 3122; x_wconf 81' lang='lat' dir='ltr'>Anglornm</span> <span class='ocrx_word' id='word_1_325' title='bbox 676 3065 704 3108; x_wconf 83' lang='lat' dir='ltr'>in</span> <span class='ocrx_word' id='word_1_326' title='bbox 725 3064 814 3110; x_wconf 83' lang='lat' dir='ltr'>mnndi</span> <span class='ocrx_word' id='word_1_327' title='bbox 832 3067 926 3124; x_wconf 78' lang='lat' dir='ltr'>angulo</span> <span class='ocrx_word' id='word_1_328' title='bbox 943 3065 1026 3124; x_wconf 81' lang='lat' dir='ltr'>posita</span> <span class='ocrx_word' id='word_1_329' title='bbox 1045 3066 1073 3110; x_wconf 83' lang='lat' dir='ltr'>in</span> <span class='ocrx_word' id='word_1_330' title='bbox 1093 3065 1160 3110; x_wconf 83' lang='lat' dir='ltr'>enlin</span> <span class='ocrx_word' id='word_1_331' title='bbox 1179 3064 1304 3122; x_wconf 72' lang='lat' dir='ltr'>lignorum</span> <span class='ocrx_word' id='word_1_332' title='bbox 1322 3077 1355 3110; x_wconf 82' lang='lat' dir='ltr'>ac</span> 
     </span>
     <span class='ocr_line' id='line_1_36' title="bbox 256 3122 1355 3187; baseline 0.001 -16"><span class='ocrx_word' id='word_1_333' title='bbox 256 3127 366 3186; x_wconf 78' lang='lat' dir='ltr'>lapidum</span> <span class='ocrx_word' id='word_1_334' title='bbox 385 3125 484 3186; x_wconf 76' lang='lat' dir='ltr'>perfida</span> <span class='ocrx_word' id='word_1_335' title='bbox 506 3140 651 3186; x_wconf 79' lang='lat' dir='ltr'>nuncusque</span> <span class='ocrx_word' id='word_1_336' title='bbox 672 3134 822 3184; x_wconf 63' lang='lat' dir='ltr'>rennueret,</span> <span class='ocrx_word' id='word_1_337' title='bbox 844 3143 875 3174; x_wconf 78' lang='lat' dir='ltr'>en</span> <span class='ocrx_word' id='word_1_338' title='bbox 897 3134 984 3174; x_wconf 70' lang='lat' dir='ltr'>nestro</span> <span class='ocrx_word' id='word_1_339' title='bbox 1004 3129 1067 3174; x_wconf 78' lang='lat' dir='ltr'>mibi</span> <span class='ocrx_word' id='word_1_340' title='bbox 1088 3127 1208 3174; x_wconf 80' lang='lat' dir='ltr'>orationis</span> <span class='ocrx_word' id='word_1_341' title='bbox 1229 3122 1355 3187; x_wconf 58' lang='lat' dir='ltr'>offusione</span> 
     </span>
     <span class='ocr_line' id='line_1_37' title="bbox 252 3189 1355 3252; baseline 0.003 -17"><span class='ocrx_word' id='word_1_342' title='bbox 252 3191 361 3250; x_wconf 77' lang='lat' dir='ltr'>placuit.</span> <span class='ocrx_word' id='word_1_343' title='bbox 373 3194 402 3234; x_wconf 81' lang='lat' dir='ltr'>nt</span> <span class='ocrx_word' id='word_1_344' title='bbox 418 3189 455 3234; x_wconf 79' lang='lat' dir='ltr'>nei</span> <span class='ocrx_word' id='word_1_345' title='bbox 469 3203 524 3235; x_wconf 85' lang='lat' dir='ltr'>eam</span> <span class='ocrx_word' id='word_1_346' title='bbox 540 3192 683 3236; x_wconf 79' lang='lat' dir='ltr'>monosterii</span> <span class='ocrx_word' id='word_1_347' title='bbox 698 3192 747 3236; x_wconf 83' lang='lat' dir='ltr'>mei</span> <span class='ocrx_word' id='word_1_348' title='bbox 762 3194 911 3238; x_wconf 73' lang='lat' dir='ltr'>monacnum</span> <span class='ocrx_word' id='word_1_349' title='bbox 925 3194 951 3237; x_wconf 85' lang='lat' dir='ltr'>in</span> <span class='ocrx_word' id='word_1_350' title='bbox 964 3191 1167 3252; x_wconf 72' lang='lat' dir='ltr'>predicationem</span> <span class='ocrx_word' id='word_1_351' title='bbox 1186 3191 1355 3238; x_wconf 67' lang='lat' dir='ltr'>anunntiare</span> 
     </span>
     <span class='ocr_line' id='line_1_38' title="bbox 255 3252 1356 3315; baseline 0 -15"><span class='ocrx_word' id='word_1_352' title='bbox 255 3253 312 3300; x_wconf 85' lang='lat' dir='ltr'>Deo</span> <span class='ocrx_word' id='word_1_353' title='bbox 322 3258 424 3298; x_wconf 78' lang='lat' dir='ltr'>anctore</span> <span class='ocrx_word' id='word_1_354' title='bbox 434 3253 575 3300; x_wconf 72' lang='lat' dir='ltr'>demonem.</span> <span class='ocrx_word' id='word_1_355' title='bbox 609 3252 665 3315; x_wconf 77' lang='lat' dir='ltr'>,Qui</span> <span class='ocrx_word' id='word_1_356' title='bbox 675 3256 737 3301; x_wconf 81' lang='lat' dir='ltr'>daia</span> <span class='ocrx_word' id='word_1_357' title='bbox 746 3268 764 3301; x_wconf 84' lang='lat' dir='ltr'>n</span> <span class='ocrx_word' id='word_1_358' title='bbox 774 3269 814 3301; x_wconf 85' lang='lat' dir='ltr'>me</span> <span class='ocrx_word' id='word_1_359' title='bbox 825 3257 933 3314; x_wconf 81' lang='lat' dir='ltr'>licentio,</span> <span class='ocrx_word' id='word_1_360' title='bbox 944 3270 962 3302; x_wconf 82' lang='lat' dir='ltr'>n</span> <span class='ocrx_word' id='word_1_361' title='bbox 977 3255 1170 3302; x_wconf 77' lang='lat' dir='ltr'>Gmmontornm</span> <span class='ocrx_word' id='word_1_362' title='bbox 1180 3256 1294 3314; x_wconf 66' lang='lat' dir='ltr'>episcopis</span> <span class='ocrx_word' id='word_1_363' title='bbox 1305 3257 1356 3315; x_wconf 83' lang='lat' dir='ltr'>epi·</span> 
     </span>
     <span class='ocr_line' id='line_1_39' title="bbox 255 3315 1355 3380; baseline 0.003 -19"><span class='ocrx_word' id='word_1_364' title='bbox 255 3331 341 3377; x_wconf 79' lang='lat' dir='ltr'>scopus</span> <span class='ocrx_word' id='word_1_365' title='bbox 346 3315 445 3376; x_wconf 76' lang='lat' dir='ltr'>sociiis,</span> <span class='ocrx_word' id='word_1_366' title='bbox 458 3331 514 3362; x_wconf 73' lang='lat' dir='ltr'>mim</span> <span class='ocrx_word' id='word_1_367' title='bbox 526 3332 611 3363; x_wconf 79' lang='lat' dir='ltr'>eornm</span> <span class='ocrx_word' id='word_1_368' title='bbox 622 3333 715 3380; x_wconf 82' lang='lat' dir='ltr'>quoqne</span> <span class='ocrx_word' id='word_1_369' title='bbox 724 3320 819 3365; x_wconf 77' lang='lat' dir='ltr'>solatiis</span> <span class='ocrx_word' id='word_1_370' title='bbox 828 3320 1016 3380; x_wconf 50' lang='lat' dir='ltr'>&amp;prodiciam</span> <span class='ocrx_word' id='word_1_371' title='bbox 1027 3324 1128 3377; x_wconf 79' lang='lat' dir='ltr'>geniem</span> <span class='ocrx_word' id='word_1_372' title='bbox 1140 3317 1253 3380; x_wconf 79' lang='lat' dir='ltr'>infinem</span> <span class='ocrx_word' id='word_1_373' title='bbox 1267 3319 1355 3364; x_wconf 83' lang='lat' dir='ltr'>mnndi</span> 
     </span>
     <span class='ocr_line' id='line_1_40' title="bbox 253 3375 1352 3443; baseline 0.002 -17"><span class='ocrx_word' id='word_1_374' title='bbox 253 3380 388 3441; x_wconf 70' lang='lat' dir='ltr'>perdiscite</span> <span class='ocrx_word' id='word_1_375' title='bbox 401 3387 445 3438; x_wconf 82' lang='lat' dir='ltr'>eri,</span> <span class='ocrx_word' id='word_1_376' title='bbox 457 3387 480 3426; x_wconf 83' lang='lat' dir='ltr'>et</span> <span class='ocrx_word' id='word_1_377' title='bbox 489 3375 548 3441; x_wconf 82' lang='lat' dir='ltr'>jam</span> <span class='ocrx_word' id='word_1_378' title='bbox 562 3395 630 3427; x_wconf 77' lang='lat' dir='ltr'>niune</span> <span class='ocrx_word' id='word_1_379' title='bbox 645 3383 675 3429; x_wconf 84' lang='lat' dir='ltr'>de</span> <span class='ocrx_word' id='word_1_380' title='bbox 691 3383 744 3441; x_wconf 74' lang='lat' dir='ltr'>ejris</span> <span class='ocrx_word' id='word_1_381' title='bbox 756 3384 838 3429; x_wconf 77' lang='lat' dir='ltr'>salute</span> <span class='ocrx_word' id='word_1_382' title='bbox 848 3389 872 3430; x_wconf 84' lang='lat' dir='ltr'>et</span> <span class='ocrx_word' id='word_1_383' title='bbox 883 3397 954 3443; x_wconf 83' lang='lat' dir='ltr'>opere</span> <span class='ocrx_word' id='word_1_384' title='bbox 964 3383 1000 3429; x_wconf 82' lang='lat' dir='ltr'>ad</span> <span class='ocrx_word' id='word_1_385' title='bbox 1008 3397 1052 3428; x_wconf 85' lang='lat' dir='ltr'>nos</span> <span class='ocrx_word' id='word_1_386' title='bbox 1062 3383 1156 3442; x_wconf 65' lang='lat' dir='ltr'>empto</span> <span class='ocrx_word' id='word_1_387' title='bbox 1169 3388 1352 3442; x_wconf 57' lang='lat' dir='ltr'>pervenerunt&amp;</span> 
     </span>
     <span class='ocr_line' id='line_1_41' title="bbox 255 3445 1354 3507; baseline 0.003 -18"><span class='ocrx_word' id='word_1_388' title='bbox 255 3445 314 3505; x_wconf 81' lang='lat' dir='ltr'>qnia</span> <span class='ocrx_word' id='word_1_389' title='bbox 326 3445 403 3489; x_wconf 75' lang='lat' dir='ltr'>tanin</span> <span class='ocrx_word' id='word_1_390' title='bbox 413 3445 541 3491; x_wconf 76' lang='lat' dir='ltr'>miraculis</span> <span class='ocrx_word' id='word_1_391' title='bbox 551 3447 591 3490; x_wconf 79' lang='lat' dir='ltr'>rel</span> <span class='ocrx_word' id='word_1_392' title='bbox 600 3446 660 3505; x_wconf 81' lang='lat' dir='ltr'>ipse,</span> <span class='ocrx_word' id='word_1_393' title='bbox 671 3449 712 3492; x_wconf 81' lang='lat' dir='ltr'>nel</span> <span class='ocrx_word' id='word_1_394' title='bbox 720 3447 748 3492; x_wconf 78' lang='lat' dir='ltr'>ni</span> <span class='ocrx_word' id='word_1_395' title='bbox 758 3450 802 3507; x_wconf 83' lang='lat' dir='ltr'>qni</span> <span class='ocrx_word' id='word_1_396' title='bbox 812 3461 868 3492; x_wconf 84' lang='lat' dir='ltr'>eum</span> <span class='ocrx_word' id='word_1_397' title='bbox 880 3461 906 3492; x_wconf 89' lang='lat' dir='ltr'>eo</span> <span class='ocrx_word' id='word_1_398' title='bbox 918 3448 1057 3493; x_wconf 71' lang='lat' dir='ltr'>tramissi</span> <span class='ocrx_word' id='word_1_399' title='bbox 1066 3453 1133 3504; x_wconf 84' lang='lat' dir='ltr'>suni,</span> <span class='ocrx_word' id='word_1_400' title='bbox 1145 3447 1172 3492; x_wconf 80' lang='lat' dir='ltr'>in</span> <span class='ocrx_word' id='word_1_401' title='bbox 1182 3452 1258 3506; x_wconf 76' lang='lat' dir='ltr'>gente</span> <span class='ocrx_word' id='word_1_402' title='bbox 1268 3447 1354 3492; x_wconf 71' lang='lat' dir='ltr'>eodm</span> 
     </span>
     <span class='ocr_line' id='line_1_42' title="bbox 256 3507 1354 3571; baseline 0.004 -19"><span class='ocrx_word' id='word_1_403' title='bbox 256 3514 393 3565; x_wconf 63' lang='lat' dir='ltr'>inuncans,</span> <span class='ocrx_word' id='word_1_404' title='bbox 405 3513 434 3554; x_wconf 81' lang='lat' dir='ltr'>ut</span> <span class='ocrx_word' id='word_1_405' title='bbox 444 3510 607 3568; x_wconf 59' lang='lat' dir='ltr'>amnicorum</span> <span class='ocrx_word' id='word_1_406' title='bbox 618 3511 721 3556; x_wconf 60' lang='lat' dir='ltr'>winter</span> <span class='ocrx_word' id='word_1_407' title='bbox 732 3511 759 3555; x_wconf 82' lang='lat' dir='ltr'>in</span> <span class='ocrx_word' id='word_1_408' title='bbox 769 3511 850 3568; x_wconf 67' lang='lat' dir='ltr'>signis</span> <span class='ocrx_word' id='word_1_409' title='bbox 860 3525 913 3571; x_wconf 78' lang='lat' dir='ltr'>qun</span> <span class='ocrx_word' id='word_1_410' title='bbox 924 3511 1038 3557; x_wconf 71' lang='lat' dir='ltr'>exhibent</span> <span class='ocrx_word' id='word_1_411' title='bbox 1049 3512 1145 3556; x_wconf 82' lang='lat' dir='ltr'>imitari</span> <span class='ocrx_word' id='word_1_412' title='bbox 1157 3511 1298 3556; x_wconf 78' lang='lat' dir='ltr'>videantur.</span> <span class='ocrx_word' id='word_1_413' title='bbox 1322 3507 1354 3556; x_wconf 82' lang='lat' dir='ltr'>In</span> 
     </span>
     <span class='ocr_line' id='line_1_43' title="bbox 254 3572 1353 3634; baseline 0.002 -17"><span class='ocrx_word' id='word_1_414' title='bbox 254 3573 409 3618; x_wconf 74' lang='lat' dir='ltr'>solemnitate</span> <span class='ocrx_word' id='word_1_415' title='bbox 418 3578 502 3618; x_wconf 76' lang='lat' dir='ltr'>auten</span> <span class='ocrx_word' id='word_1_416' title='bbox 512 3572 649 3619; x_wconf 80' lang='lat' dir='ltr'>Dominicoe</span> <span class='ocrx_word' id='word_1_417' title='bbox 657 3575 807 3627; x_wconf 62' lang='lat' dir='ltr'>mutitatis,</span> <span class='ocrx_word' id='word_1_418' title='bbox 814 3589 869 3634; x_wconf 78' lang='lat' dir='ltr'>quoe</span> <span class='ocrx_word' id='word_1_419' title='bbox 880 3577 926 3620; x_wconf 83' lang='lat' dir='ltr'>bac</span> <span class='ocrx_word' id='word_1_420' title='bbox 932 3577 1018 3634; x_wconf 77' lang='lat' dir='ltr'>primo</span> <span class='ocrx_word' id='word_1_421' title='bbox 1027 3575 1161 3620; x_wconf 80' lang='lat' dir='ltr'>indictione</span> <span class='ocrx_word' id='word_1_422' title='bbox 1170 3579 1299 3620; x_wconf 75' lang='lat' dir='ltr'>tremonia</span> <span class='ocrx_word' id='word_1_423' title='bbox 1308 3579 1353 3630; x_wconf 82' lang='lat' dir='ltr'>est,</span> 
     </span>
     <span class='ocr_line' id='line_1_44' title="bbox 253 3636 1362 3697; baseline 0 -15"><span class='ocrx_word' id='word_1_424' title='bbox 253 3637 312 3696; x_wconf 71' lang='lat' dir='ltr'>piru</span> <span class='ocrx_word' id='word_1_425' title='bbox 328 3649 404 3696; x_wconf 75' lang='lat' dir='ltr'>quom</span> <span class='ocrx_word' id='word_1_426' title='bbox 420 3636 502 3682; x_wconf 60' lang='lat' dir='ltr'>&amp;em</span> <span class='ocrx_word' id='word_1_427' title='bbox 520 3637 599 3682; x_wconf 69' lang='lat' dir='ltr'>mium</span> <span class='ocrx_word' id='word_1_428' title='bbox 617 3637 697 3695; x_wconf 75' lang='lat' dir='ltr'>Angli</span> <span class='ocrx_word' id='word_1_429' title='bbox 714 3637 747 3683; x_wconf 81' lang='lat' dir='ltr'>ab</span> <span class='ocrx_word' id='word_1_430' title='bbox 765 3637 848 3684; x_wconf 82' lang='lat' dir='ltr'>eodem</span> <span class='ocrx_word' id='word_1_431' title='bbox 863 3640 974 3685; x_wconf 78' lang='lat' dir='ltr'>nuntiati</span> <span class='ocrx_word' id='word_1_432' title='bbox 989 3645 1048 3686; x_wconf 74' lang='lat' dir='ltr'>enni</span> <span class='ocrx_word' id='word_1_433' title='bbox 1062 3637 1152 3697; x_wconf 69' lang='lat' dir='ltr'>fratre</span> <span class='ocrx_word' id='word_1_434' title='bbox 1173 3643 1198 3684; x_wconf 82' lang='lat' dir='ltr'>et</span> <span class='ocrx_word' id='word_1_435' title='bbox 1219 3637 1362 3696; x_wconf 66' lang='lat' dir='ltr'>coepiscopo·</span> 
     </span>
     <span class='ocr_line' id='line_1_45' title="bbox 255 3699 1353 3762; baseline 0.004 -18"><span class='ocrx_word' id='word_1_436' title='bbox 255 3706 338 3746; x_wconf 80' lang='lat' dir='ltr'>nostro</span> <span class='ocrx_word' id='word_1_437' title='bbox 354 3699 483 3759; x_wconf 74' lang='lat' dir='ltr'>birpiizari.</span> <span class='ocrx_word' id='word_1_438' title='bbox 519 3699 568 3745; x_wconf 88' lang='lat' dir='ltr'>Ubi</span> <span class='ocrx_word' id='word_1_439' title='bbox 586 3700 827 3748; x_wconf 83' lang='lat' dir='ltr'>animadvertendum</span> <span class='ocrx_word' id='word_1_440' title='bbox 845 3708 883 3748; x_wconf 88' lang='lat' dir='ltr'>est</span> <span class='ocrx_word' id='word_1_441' title='bbox 900 3701 1007 3749; x_wconf 84' lang='lat' dir='ltr'>Gallicos</span> <span class='ocrx_word' id='word_1_442' title='bbox 1023 3701 1150 3762; x_wconf 84' lang='lat' dir='ltr'>episcopos</span> <span class='ocrx_word' id='word_1_443' title='bbox 1166 3699 1353 3748; x_wconf 84' lang='lat' dir='ltr'>Germaniarum</span> 
     </span>
     <span class='ocr_line' id='line_1_46' title="bbox 255 3759 1456 3839; baseline 0.002 -31"><span class='ocrx_word' id='word_1_444' title='bbox 255 3763 399 3839; x_wconf 72' lang='lat' dir='ltr'>diciutpote</span> <span class='ocrx_word' id='word_1_445' title='bbox 410 3763 555 3823; x_wconf 91' lang='lat' dir='ltr'>populorum</span> <span class='ocrx_word' id='word_1_446' title='bbox 569 3764 725 3811; x_wconf 82' lang='lat' dir='ltr'>Francorum.</span> <span class='ocrx_word' id='word_1_447' title='bbox 759 3767 920 3813; x_wconf 70' lang='lat' dir='ltr'>cenericum</span> <span class='ocrx_word' id='word_1_448' title='bbox 933 3765 1005 3812; x_wconf 73' lang='lat' dir='ltr'>Beda</span> <span class='ocrx_word' id='word_1_449' title='bbox 1021 3765 1161 3812; x_wconf 86' lang='lat' dir='ltr'>narratione</span> <span class='ocrx_word' id='word_1_450' title='bbox 1175 3763 1278 3812; x_wconf 89' lang='lat' dir='ltr'>omnino</span> <span class='ocrx_word' id='word_1_451' title='bbox 1294 3778 1353 3811; x_wconf 91' lang='lat' dir='ltr'>con·</span> <span class='ocrx_word' id='word_1_452' title='bbox 1448 3759 1456 3772; x_wconf 89' lang='lat'>&#39;</span> 
     </span>
     <span class='ocr_line' id='line_1_47' title="bbox 254 3833 1352 3954; baseline 0.002 -18"><span class='ocrx_word' id='word_1_453' title='bbox 254 3833 578 3951; x_wconf 49' lang='lat' dir='ltr'>&#39;eibieAbbldgftltationem</span> <span class='ocrx_word' id='word_1_454' title='bbox 589 3890 750 3939; x_wconf 85' lang='lat' dir='ltr'>ordinationis</span> <span class='ocrx_word' id='word_1_455' title='bbox 761 3891 792 3938; x_wconf 92' lang='lat' dir='ltr'>ab</span> <span class='ocrx_word' id='word_1_456' title='bbox 804 3891 918 3953; x_wconf 87' lang='lat' dir='ltr'>episcopo</span> <span class='ocrx_word' id='word_1_457' title='bbox 929 3891 1069 3941; x_wconf 83' lang='lat' dir='ltr'>Arelatensi</span> <span class='ocrx_word' id='word_1_458' title='bbox 1079 3893 1239 3954; x_wconf 81' lang='lat' dir='ltr'>potiusquam</span> <span class='ocrx_word' id='word_1_459' title='bbox 1252 3890 1283 3937; x_wconf 87' lang='lat' dir='ltr'>ab</span> <span class='ocrx_word' id='word_1_460' title='bbox 1295 3891 1352 3950; x_wconf 86' lang='lat' dir='ltr'>alio,</span> 
     </span>
     <span class='ocr_line' id='line_1_48' title="bbox 255 3953 1352 4015; baseline 0.004 -15"><span class='ocrx_word' id='word_1_461' title='bbox 255 3953 329 4001; x_wconf 86' lang='lat' dir='ltr'>babes</span> <span class='ocrx_word' id='word_1_462' title='bbox 340 3954 428 4013; x_wconf 87' lang='lat' dir='ltr'>partim</span> <span class='ocrx_word' id='word_1_463' title='bbox 440 3953 466 4000; x_wconf 92' lang='lat' dir='ltr'>in</span> <span class='ocrx_word' id='word_1_464' title='bbox 478 3954 524 4001; x_wconf 88' lang='lat' dir='ltr'>boc</span> <span class='ocrx_word' id='word_1_465' title='bbox 535 3954 587 4014; x_wconf 88' lang='lat' dir='ltr'>ipso</span> <span class='ocrx_word' id='word_1_466' title='bbox 596 3954 675 4015; x_wconf 84' lang='lat' dir='ltr'>capite</span> <span class='ocrx_word' id='word_1_467' title='bbox 687 3955 855 4015; x_wconf 84' lang='lat' dir='ltr'>Responsione</span> <span class='ocrx_word' id='word_1_468' title='bbox 866 3956 908 4002; x_wconf 88' lang='lat' dir='ltr'>vii.</span> <span class='ocrx_word' id='word_1_469' title='bbox 944 3957 1052 4004; x_wconf 86' lang='lat' dir='ltr'>Ecclesia</span> <span class='ocrx_word' id='word_1_470' title='bbox 1063 3957 1216 4004; x_wconf 86' lang='lat' dir='ltr'>Arelatensis</span> <span class='ocrx_word' id='word_1_471' title='bbox 1227 3954 1312 4003; x_wconf 87' lang='lat' dir='ltr'>habuit</span> <span class='ocrx_word' id='word_1_472' title='bbox 1322 3955 1352 4004; x_wconf 84' lang='lat' dir='ltr'>ab</span> 
     </span>
     <span class='ocr_line' id='line_1_49' title="bbox 256 4017 1350 4080; baseline 0.002 -17"><span class='ocrx_word' id='word_1_473' title='bbox 256 4017 357 4078; x_wconf 83' lang='lat' dir='ltr'>antiquo</span> <span class='ocrx_word' id='word_1_474' title='bbox 368 4018 503 4078; x_wconf 76' lang='lat' dir='ltr'>singulares</span> <span class='ocrx_word' id='word_1_475' title='bbox 519 4019 723 4077; x_wconf 80' lang='lat' dir='ltr'>praeeminentias,</span> <span class='ocrx_word' id='word_1_476' title='bbox 734 4026 760 4066; x_wconf 91' lang='lat' dir='ltr'>et</span> <span class='ocrx_word' id='word_1_477' title='bbox 773 4034 848 4080; x_wconf 88' lang='lat' dir='ltr'>quum</span> <span class='ocrx_word' id='word_1_478' title='bbox 862 4020 893 4067; x_wconf 77' lang='lat' dir='ltr'>ab</span> <span class='ocrx_word' id='word_1_479' title='bbox 907 4019 962 4067; x_wconf 84' lang='lat' dir='ltr'>aliis</span> <span class='ocrx_word' id='word_1_480' title='bbox 978 4021 1139 4079; x_wconf 84' lang='lat' dir='ltr'>invaderetur,</span> <span class='ocrx_word' id='word_1_481' title='bbox 1152 4020 1262 4080; x_wconf 89' lang='lat' dir='ltr'>precibus</span> <span class='ocrx_word' id='word_1_482' title='bbox 1273 4026 1299 4066; x_wconf 88' lang='lat' dir='ltr'>et</span> <span class='ocrx_word' id='word_1_483' title='bbox 1312 4034 1350 4066; x_wconf 82' lang='lat' dir='ltr'>ar-</span> 
     </span>
     <span class='ocr_line' id='line_1_50' title="bbox 256 4081 1351 4206; baseline 0.004 -80"><span class='ocrx_word' id='word_1_484' title='bbox 256 4081 378 4140; x_wconf 74' lang='lat' dir='ltr'>gumentis</span> <span class='ocrx_word' id='word_1_485' title='bbox 389 4081 434 4191; x_wconf 51' lang='lat' dir='ltr'>sigui</span> <span class='ocrx_word' id='word_1_486' title='bbox 442 4095 499 4206; x_wconf 55' lang='grc' dir='ltr'>ἓοῃ]</span> <span class='ocrx_word' id='word_1_487' title='bbox 506 4081 590 4129; x_wconf 81' lang='lat' dir='ltr'>defuit.</span> <span class='ocrx_word' id='word_1_488' title='bbox 619 4083 658 4130; x_wconf 84' lang='lat' dir='ltr'>Da</span> <span class='ocrx_word' id='word_1_489' title='bbox 668 4097 717 4144; x_wconf 92' lang='lat' dir='ltr'>quo</span> <span class='ocrx_word' id='word_1_490' title='bbox 728 4083 783 4130; x_wconf 83' lang='lat' dir='ltr'>vide</span> <span class='ocrx_word' id='word_1_491' title='bbox 794 4083 953 4144; x_wconf 74' lang='lat' dir='ltr'>Quosnellum</span> <span class='ocrx_word' id='word_1_492' title='bbox 966 4085 997 4131; x_wconf 89' lang='lat' dir='ltr'>ad</span> <span class='ocrx_word' id='word_1_493' title='bbox 1006 4084 1095 4132; x_wconf 79' lang='lat' dir='ltr'>leonis</span> <span class='ocrx_word' id='word_1_494' title='bbox 1104 4085 1124 4132; x_wconf 94' lang='lat' dir='ltr'>l.</span> <span class='ocrx_word' id='word_1_495' title='bbox 1133 4099 1189 4146; x_wconf 89' lang='lat' dir='ltr'>opp.</span> <span class='ocrx_word' id='word_1_496' title='bbox 1202 4083 1318 4147; x_wconf 88' lang='lat' dir='ltr'>[Dissert.</span> <span class='ocrx_word' id='word_1_497' title='bbox 1326 4099 1351 4131; x_wconf 84' lang='lat' dir='ltr'>r.</span> 
     </span>
     <span class='ocr_line' id='line_1_51' title="bbox 255 4148 540 4204; baseline 0.007 -16"><span class='ocrx_word' id='word_1_498' title='bbox 255 4158 430 4204; x_wconf 78' lang='lat' dir='ltr'>v.ir.p.22,</span> <span class='ocrx_word' id='word_1_499' title='bbox 466 4160 487 4192; x_wconf 86' lang='lat' dir='ltr'>e.</span> <span class='ocrx_word' id='word_1_500' title='bbox 515 4148 540 4192; x_wconf 85' lang='lat' dir='ltr'>S.</span> 
     </span>
    </p>

    <p class='ocr_par' dir='ltr' id='par_1_9' title="bbox 253 4208 1352 4337">
     <span class='ocr_line' id='line_1_52' title="bbox 287 4208 1351 4273; baseline 0.003 -18"><span class='ocrx_word' id='word_1_501' title='bbox 287 4222 327 4255; x_wconf 79' lang='lat' dir='ltr'>no.</span> <span class='ocrx_word' id='word_1_502' title='bbox 341 4208 521 4270; x_wconf 74' lang='lat' dir='ltr'>Intmogntio]</span> <span class='ocrx_word' id='word_1_503' title='bbox 537 4211 640 4270; x_wconf 81' lang='lat' dir='ltr'>Gregor.</span> <span class='ocrx_word' id='word_1_504' title='bbox 653 4211 731 4269; x_wconf 87' lang='lat' dir='ltr'>Epist.</span> <span class='ocrx_word' id='word_1_505' title='bbox 741 4211 775 4256; x_wconf 88' lang='lat' dir='ltr'>xi.</span> <span class='ocrx_word' id='word_1_506' title='bbox 787 4209 826 4268; x_wconf 81' lang='lat'>64.</span> <span class='ocrx_word' id='word_1_507' title='bbox 839 4212 877 4258; x_wconf 88' lang='lat' dir='ltr'>ed.</span> <span class='ocrx_word' id='word_1_508' title='bbox 890 4211 980 4258; x_wconf 78' lang='lat' dir='ltr'>Bened</span> <span class='ocrx_word' id='word_1_509' title='bbox 1016 4212 1111 4272; x_wconf 83' lang='lat' dir='ltr'>Scripta</span> <span class='ocrx_word' id='word_1_510' title='bbox 1129 4220 1166 4260; x_wconf 86' lang='lat' dir='ltr'>est</span> <span class='ocrx_word' id='word_1_511' title='bbox 1183 4213 1233 4260; x_wconf 77' lang='lat' dir='ltr'>hnc</span> <span class='ocrx_word' id='word_1_512' title='bbox 1249 4211 1351 4273; x_wconf 86' lang='lat' dir='ltr'>epistola</span> 
     </span>
     <span class='ocr_line' id='line_1_53' title="bbox 253 4269 1352 4337; baseline 0.001 -18"><span class='ocrx_word' id='word_1_513' title='bbox 253 4271 288 4319; x_wconf 88' lang='lat' dir='ltr'>A.</span> <span class='ocrx_word' id='word_1_514' title='bbox 298 4270 331 4317; x_wconf 91' lang='lat' dir='ltr'>D.</span> <span class='ocrx_word' id='word_1_515' title='bbox 340 4269 398 4331; x_wconf 74' lang='lat' dir='ltr'>bor,</span> <span class='ocrx_word' id='word_1_516' title='bbox 410 4279 512 4318; x_wconf 85' lang='lat' dir='ltr'>autnon</span> <span class='ocrx_word' id='word_1_517' title='bbox 524 4281 603 4320; x_wconf 81' lang='lat' dir='ltr'>antea</span> <span class='ocrx_word' id='word_1_518' title='bbox 637 4273 704 4320; x_wconf 84' lang='lat' dir='ltr'>Nam</span> <span class='ocrx_word' id='word_1_519' title='bbox 715 4288 745 4320; x_wconf 86' lang='lat' dir='ltr'>ea</span> <span class='ocrx_word' id='word_1_520' title='bbox 755 4273 858 4334; x_wconf 84' lang='lat' dir='ltr'>epistola</span> <span class='ocrx_word' id='word_1_521' title='bbox 868 4275 938 4336; x_wconf 80' lang='lat' dir='ltr'>cujus</span> <span class='ocrx_word' id='word_1_522' title='bbox 946 4275 1011 4322; x_wconf 84' lang='lat' dir='ltr'>infra</span> <span class='ocrx_word' id='word_1_523' title='bbox 1022 4275 1087 4322; x_wconf 81' lang='lat' dir='ltr'>iacta</span> <span class='ocrx_word' id='word_1_524' title='bbox 1097 4284 1135 4323; x_wconf 88' lang='lat' dir='ltr'>cst</span> <span class='ocrx_word' id='word_1_525' title='bbox 1147 4275 1248 4337; x_wconf 87' lang='lat' dir='ltr'>mentio,</span> <span class='ocrx_word' id='word_1_526' title='bbox 1259 4276 1290 4323; x_wconf 92' lang='lat' dir='ltr'>ad</span> <span class='ocrx_word' id='word_1_527' title='bbox 1302 4274 1352 4335; x_wconf 88' lang='lat' dir='ltr'>spi.</span> 
     </span>
    </p>
   </div>
   <div class='ocr_carea' id='block_1_4' title="bbox 254 4333 1350 4458">
    <p class='ocr_par' dir='ltr' id='par_1_10' title="bbox 254 4333 1350 4458">
     <span class='ocr_line' id='line_1_54' title="bbox 254 4333 1350 4402; baseline 0.007 -22"><span class='ocrx_word' id='word_1_528' title='bbox 254 4349 353 4394; x_wconf 84' lang='lat' dir='ltr'>scopum</span> <span class='ocrx_word' id='word_1_529' title='bbox 365 4333 534 4382; x_wconf 85' lang='lat' dir='ltr'>Arelatenscm</span> <span class='ocrx_word' id='word_1_530' title='bbox 547 4335 645 4396; x_wconf 86' lang='lat' dir='ltr'>scripta,</span> <span class='ocrx_word' id='word_1_531' title='bbox 656 4336 720 4384; x_wconf 90' lang='lat' dir='ltr'>diem</span> <span class='ocrx_word' id='word_1_532' title='bbox 738 4344 764 4386; x_wconf 88' lang='lat' dir='ltr'>et</span> <span class='ocrx_word' id='word_1_533' title='bbox 781 4351 875 4385; x_wconf 82' lang='lat' dir='ltr'>annum</span> <span class='ocrx_word' id='word_1_534' title='bbox 888 4337 986 4386; x_wconf 79' lang='lat' dir='ltr'>affixum</span> <span class='ocrx_word' id='word_1_535' title='bbox 1003 4339 1091 4397; x_wconf 84' lang='lat' dir='ltr'>habet;</span> <span class='ocrx_word' id='word_1_536' title='bbox 1109 4339 1350 4402; x_wconf 67' lang='lat' dir='ltr'>temperuntur:</span> 
     </span>
     <span class='ocr_line' id='line_1_55' title="bbox 254 4397 693 4458; baseline 0.005 -13"><span class='ocrx_word' id='word_1_537' title='bbox 254 4399 305 4446; x_wconf 89' lang='lat' dir='ltr'>iud.</span> <span class='ocrx_word' id='word_1_538' title='bbox 316 4399 360 4454; x_wconf 84' lang='lat' dir='ltr'>iv.,</span> <span class='ocrx_word' id='word_1_539' title='bbox 372 4399 408 4446; x_wconf 87' lang='lat' dir='ltr'>vel</span> <span class='ocrx_word' id='word_1_540' title='bbox 419 4399 451 4445; x_wconf 91' lang='lat' dir='ltr'>A.</span> <span class='ocrx_word' id='word_1_541' title='bbox 461 4399 493 4446; x_wconf 90' lang='lat' dir='ltr'>D.</span> <span class='ocrx_word' id='word_1_542' title='bbox 504 4397 566 4458; x_wconf 76' lang='lat'>6013</span> <span class='ocrx_word' id='word_1_543' title='bbox 583 4399 640 4446; x_wconf 82' lang='lat' dir='ltr'>infr.</span> <span class='ocrx_word' id='word_1_544' title='bbox 654 4400 693 4447; x_wconf 83' lang='lat'>28.</span> 
     </span>
    </p>
   </div>
   <div class='ocr_carea' id='block_1_5' title="bbox 0 0 1554 5125">
    <p class='ocr_par' dir='ltr' id='par_1_11' title="bbox 0 0 1554 5125">
     <span class='ocr_line' id='line_1_56' title="bbox 0 0 1554 5125; baseline 0 2"><span class='ocrx_word' id='word_1_545' title='bbox 0 0 1554 5125; x_wconf 95' lang='lat' dir='ltr'> </span> 
     </span>
    </p>
   </div>
  </div>
 </body>
</html>
