3100 5125
260 343 325 405 eso
593 339 830 406 meconion
854 338 1030 405 nocane.
1287 293 1305 356 s
1330 341 1374 405 v,
1396 343 1444 406 ιθ.

261 498 332 556 eret
345 492 395 556 vir
408 514 447 556 ec
465 491 580 576 justus,
596 498 631 556 et
644 490 857 576 episcopalem
870 492 970 557 vitem
985 491 1049 558 sive
1064 489 1245 556 doctrinam
1258 493 1364 579 magis

261 577 358 641 insito
379 576 440 640 sibi
453 577 609 642 virtutum
629 598 739 642 umore
758 599 854 661 quam
875 578 1064 642 lectionibus
1083 577 1251 642 institutus
1270 601 1363 642 exer·
1374 603 1405 652 35

261 663 364 727 cebet
409 663 554 746 Denique
567 661 840 727 reverentissimus
854 663 989 727 antistes
1005 663 1178 740 Pecthelm,
1194 663 1234 727 de
1250 686 1314 748 quo
1328 665 1364 727 in

261 748 466 832 sequentibus
487 770 546 812 suo
562 749 633 813 loco
654 747 824 813 dicendum
841 755 901 825 est,
921 747 975 834 qui
997 771 1070 812 cum
1091 770 1270 812 successore
1291 750 1363 834 ejus

188 845 194 856 ·
260 834 431 897 Aldhehno
445 834 546 898 multo
560 841 705 918 tompore
721 834 826 898 adhuc
846 833 998 898 diesem
1018 835 1082 898 sive
1099 835 1273 899 monachus
1287 835 1361 912 fnit,

260 919 378 983 referre
392 927 443 983 est
457 918 579 996 solitus,
591 919 677 1005 quod
691 919 725 982 in
738 919 808 984 loco
824 941 887 1005 quo
902 920 1069 983 defunctus
1083 926 1141 995 est,
1154 921 1196 983 ob
1210 920 1363 984 meritum

260 1005 442 1068 sanctitatis
456 1004 525 1088 ejus
537 1005 639 1069 mults
649 1004 847 1069 ¹sanitotum
861 1005 927 1069 sint
941 1011 1072 1090 patrata
1086 1005 1247 1083 miracula,
1260 1006 1362 1069 homi-

260 1111 378 1174 nesque
392 1089 560 1174 provinciae
574 1090 657 1154 illius
671 1091 781 1154 solitos
801 1089 944 1154 ablatum
963 1091 1036 1154 inde
1054 1090 1214 1176 pulverem
1228 1100 1361 1176 propter
1373 1109 1436 1172 203

259 1176 447 1261 languentes
461 1176 494 1238 in
508 1198 625 1260 nquam
639 1176 777 1253 mittere,
794 1183 892 1260 atquc
912 1177 1005 1260 hujus
1024 1182 1155 1261 gustum
1173 1177 1238 1240 sive
1252 1199 1361 1261 asper-

260 1261 383 1325 sionem
403 1261 512 1326 multis
533 1261 705 1326 sanitatem
726 1261 856 1347 aegrotis
879 1269 912 1326 et
934 1261 1112 1326 hominibus
1136 1268 1170 1325 et
1192 1263 1362 1346 pecoribus

260 1348 422 1412 conferre:
453 1348 692 1446 propterquod
715 1346 874 1431 frequenti
896 1347 1077 1411 tablatione
1103 1346 1239 1431 pulveris
1264 1349 1360 1426 sacri,

260 1433 346 1497 sossa
360 1433 403 1497 sit
418 1434 536 1496 ibidem
549 1433 636 1498 secta
650 1455 714 1497 non
728 1433 869 1496 minima.

305 1519 375 1598 Quo
395 1519 554 1595 defuncte,
578 1519 779 1604 episcopatus
805 1516 974 1603 provinciae
1001 1517 1082 1580 illius
1104 1517 1138 1580 in
1162 1519 1241 1582 duas
1267 1541 1361 1603 paro-

260 1604 348 1668 chias
372 1604 490 1669 divisus
516 1611 575 1668 est.
620 1605 697 1668 Una
719 1605 797 1668 date
820 1603 999 1681 zDetniheli,
1016 1625 1111 1688 quam
1136 1626 1236 1689 usque
1262 1604 1361 1668 hodie

433 1799 449 1829 1
461 1792 541 1837 muno
552 1791 603 1837 sint
614 1789 644 1837 V.
733 1800 749 1838 t
760 1790 882 1838 oblatione
893 1790 923 1838 V.
1013 1799 1031 1844 ,Ζ
1044 1790 1105 1836 doto
1116 1795 1152 1836 est
1163 1787 1196 1836 V.

260 1958 336 2019 chalc,
353 1959 408 2006 vide
424 1965 475 2007 not.
488 1959 519 2006 sd
533 1921 604 2018 iit'y.
624 1957 712 2008 Pontes
727 1966 883 2007 consecratus
899 1959 1026 2020 episcopus
1043 1973 1074 2006 sn
1086 1956 1143 2020 676.
1153 1957 1186 2004 iv.
1198 1971 1236 2005 ια.
1251 1972 1291 2005 an.
1302 1957 1361 2020 678,

261 2024 370 2084 Regiam
387 2025 526 2070 libertatem
541 2026 629 2070 insuite
644 2025 779 2071 Glastonioe
795 2025 825 2071 de
841 2039 901 2084 rege
912 2025 1039 2072 Centwino
1050 2024 1086 2070 ud
1094 2029 1215 2070 uetustam
1233 2024 1361 2070 ecclesiam

261 2090 413 2148 inpetrauit,
426 2096 450 2134 et
466 2089 569 2136 itteram
584 2090 723 2134 electionem
734 2087 863 2150 frutribus
877 2089 967 2135 ibidem
980 2086 1036 2135 Deo
1052 2087 1211 2134 seruientibus
1226 2087 1258 2132 od
1276 2089 1361 2134 eodem

260 2167 321 2211 rege
327 2154 483 2213 perquisivit,
491 2159 520 2198 ut
531 2147 701 2214 haberentjus
711 2153 821 2212 etigmdi
831 2158 855 2199 et
867 2153 1031 2199 constituendi
1039 2152 1084 2198 siit
1095 2159 1214 2199 rectorem
1224 2153 1361 2198 secuudum

261 2219 377 2275 regulam
387 2231 406 2262 c.
417 2217 556 2263 Benedicti.
579 2217 674 2264 Uenerii
686 2217 760 2264 Britt.
772 2217 838 2264 Eccl.
851 2219 910 2264 Ant.
922 2231 946 2275 p.
955 2230 993 2280 59.
1009 2215 1097 2276 Script.
1109 2231 1148 2263 xv.
1160 2230 1184 2275 p.
1197 2216 1252 2275 308.
1278 2216 1361 2276 HuJus

261 2280 335 2327 etium
347 2295 403 2327 com
415 2295 534 2327 consensu
547 2287 572 2327 et
589 2281 690 2328 licentis
703 2281 807 2328 Baldred
825 2296 866 2328 rex
885 2281 952 2328 dedit
970 2280 1077 2328 ecclesia
1088 2278 1254 2327 Glastoniensi
1266 2279 1361 2340 aliquot

262 2343 331 2390 hides
342 2351 368 2391 et
377 2353 502 2404 ceptus-sm
514 2345 625 2404 piscium.
648 2346 736 2393 Hoeddi
746 2346 819 2393 etinm
833 2344 974 2402 Glustonise,
983 2345 1106 2392 Caeduslln
1118 2358 1213 2406 pagano
1225 2353 1359 2402 annuente,

263 2407 393 2471 Luntokuy
403 2408 479 2465 dedit,
490 2423 564 2469 quem
581 2409 739 2457 deustionem
758 2410 888 2456 continuet
906 2409 954 2456 Ins
969 2409 994 2454 in
1012 2423 1102 2470 magno
1119 2423 1163 2456 suo
1179 2407 1306 2468 privilegio
1318 2423 1359 2458 sn.

259 2471 1004 2593 titttttittttttzttttttt·..tttttz¹tttttt
1018 2473 1358 2599 tittttttttlttt.

259 2602 331 2663 tingi,
344 2605 410 2652 Sscr.
422 2604 448 2652 ii.
463 2616 549 2660 11,1s.
583 2604 632 2651 Hic
649 2603 774 2653 transtulit
789 2602 901 2651 cilicini
918 2617 1005 2663 corpus
1022 2603 1053 2649 sd
1065 2604 1202 2653 Ventansm
1220 2602 1357 2663 civitatem,

259 2666 294 2714 iii.
307 2682 329 2728 7.
349 2669 372 2715 S.

293 2745 333 2793 33.
345 2733 476 2794 migrauit]
500 2733 593 2780 Hoeddi
604 2735 727 2795 episcopus
737 2737 764 2779 in
775 2734 902 2794 supeiicre
913 2732 1044 2779 comiteris
1055 2734 1231 2779 monachorum
1242 2735 1270 2781 in
1276 2748 1358 2795 pyra·

259 2799 325 2843 mide
334 2812 412 2845 coneo
422 2798 546 2859 quondam
557 2798 672 2845 nobiliter
682 2800 811 2859 essmtpto
827 2798 910 2843 adduc
926 2798 1065 2857 requiescit.
1088 2796 1169 2843 Usser.
1184 2798 1267 2857 Antiq.
1281 2813 1302 2858 p.
1316 2811 1358 2859 59.

260 2861 351 2909 chron.
365 2864 421 2909 Sax.
434 2862 470 2909 ait
480 2862 543 2909 hunc
554 2877 594 2908 an.
608 2873 654 2923 703
665 2863 764 2916 obiisse,
778 2872 803 2908 et
818 2861 1074 2909 Matth.West1n.an.
1089 2873 1143 2921 704„
1159 2861 1205 2909 Sed
1218 2869 1318 2922 appetet
1327 2877 1359 2909 ex

260 2926 307 2971 hoc
317 2941 369 2986 cap.
381 2926 452 2972 illum
465 2940 513 2972 uon
525 2927 667 2974 defunctum
680 2928 755 2973 titisse
767 2933 824 2973 ente
835 2941 875 2972 sn.
889 2936 943 2987 705.
962 2924 1058 2972 Colitur
1070 2926 1140 2973 uonis
1151 2926 1220 2973 dulii.
1243 2928 1269 2973 S.
1310 2930 1359 2974 As·

261 2989 340 3036 serius
350 2996 375 3037 et
388 2991 453 3038 Flet.
466 2990 522 3052 vig.
534 2992 635 3038 tradunt
649 2993 733 3039 eodem
752 3005 818 3037 suno
835 2989 924 3037 obiisse
940 3004 1038 3051 quoque
1055 2990 1201 3037 Saxuultnm
1218 2990 1358 3051 episcopum

262 3054 368 3101 Merciae.
533 3101 536 3105 .

293 3130 333 3176 34.
345 3133 421 3179 quam
431 3119 583 3180 lectionibus]
607 3119 723 3166 Gulielm.
735 3118 836 3167 Malms.
854 3118 943 3166 dehac
960 3132 986 3165 se
1004 3132 1053 3165 uon
1071 3132 1145 3179 parvo
1162 3125 1274 3165 mouetur
1289 3133 1360 3165 smne

257 3184 327 3243 puto,
339 3184 428 3243 quippe
438 3185 481 3243 qui
492 3185 580 3243 legerit
591 3180 644 3245 ejus
649 3183 771 3245 formales
781 3185 894 3244 epistolas
905 3198 954 3229 non
970 3185 1045 3229 niueis
1060 3184 1158 3230 indocte
1169 3186 1321 3243 omnpositos,
1334 3188 1360 3230 et

261 3246 386 3293 Atdtetmi
402 3248 438 3293 ud
453 3262 509 3294 eum
527 3250 623 3310 scripta
643 3251 780 3295 maximum
803 3250 853 3295 uim
875 3248 1017 3309 eloquentie
1039 3253 1063 3294 et
1084 3248 1194 3294 scientio
1213 3248 1358 3296 redolentia.

263 3310 362 3357 Mslms.
374 3311 445 3358 Pont.
454 3312 480 3358 ii.
497 3312 531 3372 [p.
542 3312 611 3373 un]
636 3313 661 3359 S.

294 3385 334 3436 37.
346 3376 474 3435 diaconus]
496 3378 583 3425 Postea
592 3377 720 3438 episcopus
730 3376 846 3423 Candide
859 3376 936 3423 Casoe.
948 3391 970 3422 v.
986 3389 1025 3435 ²4·
1047 3376 1073 3423 S.

294 3452 318 3500 5.
329 3440 431 3501 diuisus]
452 3441 637 3488 Rencunsmmt
646 3448 731 3488 autem
742 3443 847 3501 episcpo
858 3438 1025 3487 Wntonienei
1036 3441 1091 3486 duoe
1099 3440 1235 3501 potuim
1246 3446 1359 3497 tantum,

262 3503 457 3566 Humptoncnsie
469 3520 503 3551 sc.
515 3512 540 3552 et
550 3505 735 3553 salteriensis:
752 3506 828 3552 otini
844 3519 899 3550 uero
911 3504 1240 3565 praenominamus,
1252 3504 1360 3552 Dorset·

261 3570 333 3628 ensis,
351 3568 511 3627 Becucensis,
527 3569 723 3626 Somersetensis,
742 3569 913 3623 Devoniensis,
932 3570 1110 3615 venusiense.
1133 3568 1206 3616 Matt.
1220 3568 1296 3615 West.
1308 3569 1359 3618 An.

264 3641 317 3693 704.
352 3632 454 3679 Divisus
469 3641 508 3681 est
523 3636 635 3693 synodali
652 3636 760 3681 concuu.
783 3633 857 3693 Anql.
869 3632 935 3681 sicr.
948 3632 974 3679 ii.
989 3645 1027 3680 πο.
1046 3633 1071 3680 S.
1105 3632 1213 3681 Danihel
1229 3633 1360 3694 episcopus

230 3691 233 3698 ¹
262 3696 342 3745 factus
351 3704 390 3744 est
400 3697 485 3745 Venta
496 3697 613 3754 civitatis,
624 3698 737 3745 Aldhelm
750 3696 897 3745 Scireburun
912 3695 1065 3760 (Sherborn).

294 3759 317 3809 6.
329 3762 459 3822 Daniteti]
487 3762 627 3823 Discipulos
637 3761 751 3809 Mailduii
765 3761 864 3809 dicitnr.
898 3762 972 3809 Bedae
986 3762 1084 3824 quidem
1099 3761 1193 3809 auxilio
1204 3760 1250 3810 fuit
1260 3761 1286 3808 in
1298 3776 1360 3810 oon·

260 3825 342 3873 denda
354 3826 472 3873 Historia.
482 3826 554 3874 Praef.
562 3827 592 3873 cd
601 3826 666 3873 Hist
676 3834 702 3874 et
712 3826 806 3887 primus
818 3832 962 3887 potestatem
973 3826 1135 3887 episcopalem
1147 3826 1231 3873 habuit
1241 3826 1267 3872 in
1278 3826 1361 3875 insule

261 3890 348 3944 Vecte,
365 3890 396 3936 iv.
412 3889 449 3938 16.
468 3893 514 3937 An.
534 3903 577 3952 72¹
597 3892 702 3939 Romm
719 3891 842 3951 proiectus
860 3898 905 3947 est,
922 3891 985 3937 Flor.
1005 3889 1079 3951 Unig.
1102 3892 1151 3937 An.
1164 3901 1207 3953 731
1222 3889 1360 3939 Tetuinutn

262 3954 469 4015 archiepiscopum
480 3956 639 4003 consecravit.
669 3956 718 4001 An.
733 3968 787 4016 744.
800 3955 938 4016 episcopatu
951 3954 1030 4003 cessit.
1043 3955 1100 4001 Chr.
1113 3954 1173 4001 Sex.
1206 3955 1239 4002 Et
1246 3954 1360 4003 Meiduni

261 4026 380 4079 quantum
393 4018 459 4066 vixit
474 4020 619 4067 monachum
636 4019 757 4077 exercuit,
768 4019 907 4080 ibidemque
923 4019 1032 4080 sepultus
1049 4026 1101 4076 est3
1120 4018 1361 4079 quamvisWintoni-

261 4096 332 4129 enses
342 4098 398 4130 eum
411 4083 474 4143 apud
491 4098 517 4130 se
533 4083 621 4132 hebere
634 4084 790 4131 contendant.
816 4082 914 4131 Mulms.
928 4083 1038 4130 Pontii.
1051 4083 1164 4145 [p.n4¹.]
1180 4098 1219 4130 nn.
1234 4094 1279 4145 745
1293 4098 1359 4131 mor·

261 4153 319 4194 tuns
329 4153 382 4194 este
397 4147 493 4195 obitum
507 4148 627 4195 tamenin
639 4163 678 4195 an.
693 4146 747 4210 746.
767 4148 936 4195 Msilrosensis
947 4154 972 4195 et
980 4148 1042 4195 Mat.
1054 4148 1156 4196 Westm.
1165 4146 1288 4195 distulere.
1311 4149 1360 4195 An.

263 4218 316 4273 745.
329 4210 465 4259 Cuthredus
476 4226 519 4259 rex
530 4212 688 4259 Geuissorum
706 4228 761 4260 cum
774 4226 895 4259 consensu
906 4219 932 4259 ct
943 4211 1046 4259 scientie
1057 4211 1185 4259 Danihelis
1200 4211 1360 4272 optimatum·

261 4290 309 4335 que
320 4276 475 4323 Meldnnensi
485 4277 634 4324 monasterio
644 4293 669 4324 x.
677 4275 817 4324 mensiones
828 4277 890 4337 apud
902 4276 1021 4324 Undecim
1032 4275 1135 4337 largitus
1146 4284 1190 4323 est.
1208 4275 1284 4337 Angl.
1291 4276 1358 4324 Scor.

261 4338 287 4387 ii.
297 4351 336 4398 25.
370 4341 438 4388 Inter
447 4340 570 4389 Bonifatii
581 4340 724 4403 Mogontiui
735 4340 842 4401 episcopi
853 4340 969 4400 epistolas
980 4340 1077 4388 tertism
1089 4339 1205 4388 Daniheli
1217 4340 1272 4387 huic
1282 4340 1360 4401 serip-

262 4409 312 4449 tsm
333 4403 482 4461 invenimus,
497 4412 524 4453 et
538 4404 603 4453 iuter
620 4404 711 4453 Semrfi
729 4405 760 4453 sd
775 4405 839 4452 hunc
858 4404 979 4452 Bonifscii
997 4404 1125 4467 epistolum
1145 4411 1217 4452 notos
1234 4405 1361 4466 responsio

262 4466 391 4514 Danihelis
402 4468 525 4515 inseritur.
561 4470 626 4517 Item
636 4470 701 4517 inter
712 4470 810 4517 eusdem
819 4468 991 4517 Bonilacisnss
1004 4476 1053 4517 tres
1061 4468 1134 4517 etism
1146 4469 1223 4530 ipsius
1231 4469 1361 4517 Danihelis

262 4538 357 4589 extant,
368 4530 417 4578 vin.
428 4531 550 4580 tricesima
565 4534 636 4582 ternu
648 4532 765 4596 inscripto
775 4532 891 4581 omnibus
902 4533 1057 4593 Christianis,
1068 4532 1220 4596 sexagesimo
1231 4541 1300 4583 sexte
1310 4533 1363 4597 epi-
