3100 5125
97 327 200 395 -rp
254 337 260 344 ·
500 306 665 373 auums
688 306 963 373 ANGLORUM.
1220 311 1284 372 208

615 509 723 575 aAP.
747 509 851 575 XIII.

221 615 258 673 Ut
277 616 385 690 Vilfrie
394 616 534 692 episeopus
542 615 712 690 prouinciam
726 616 898 710 Australiam
911 615 1049 674 Saxonum
1062 616 1099 670 ad
1113 615 1249 674 Christum

639 705 831 752 concauam.

229 791 349 854 Persas
368 796 419 854 est
439 797 549 855 autom
569 791 612 854 ab
630 789 816 874 episcopatu
836 811 893 854 suo
910 790 1036 868 vileid,
1054 796 1089 853 et
1109 790 1209 854 murita
1229 791 1374 856 diunusu.
1387 803 1445 879 aas.

145 877 255 943 ssione
283 882 483 960 pervagatus,
515 875 650 941 Romam
678 875 768 951 adiit,
795 875 1012 941 qBr'ittaniam
1036 875 1152 951 rediit3
1192 883 1226 940 et
1256 877 1425 940 si⁰⁰¹¹V²¹⁸¹⁰·

184 970 316 1047 propter
338 960 521 1026 inimicitias
543 961 711 1028 memorati
736 961 822 1046 regis
847 961 880 1024 in
904 975 914 1006 ¹
918 961 1025 1045 patria
1046 961 1110 1026 sive
1132 962 1283 1060 paroobia

1291 929 1431 979 aneae

183 1070 243 1114 sira
270 1047 367 1132 reaipi
392 1068 457 1111 non
482 1046 598 1131 potuit,
622 1068 687 1110 non
712 1053 821 1110 tamen
845 1048 888 1112 ab
914 1047 1147 1132 evangelizandi
1176 1049 1283 1133 potuit

183 1133 358 1198 ministerio
373 1131 532 1197 cohiberi:
550 1131 705 1218 siquidem
716 1131 876 1196 divertens
887 1132 930 1196 ad
944 1131 1136 1216 provinciam
1146 1133 1282 1200 Ausara

183 1219 260 1283 lium
275 1220 447 1294 Suonum,
463 1240 534 1302 qnae
551 1224 626 1303 post
641 1217 831 1282 Oantuarioa
853 1217 896 1282 ad
916 1224 1060 1282 austrum
1082 1224 1116 1282 ei
1137 1218 1180 1282 ed
1201 1220 1282 1283 ocei-

183 1303 313 1370 dentem
346 1325 445 1387 usque
475 1304 518 1368 ad
547 1303 766 1367 Occidentaies
797 1303 940 1368 Saxones
968 1303 1131 1388 pertingit,
1161 1305 1282 1370 habeus

184 1396 305 1456 terram
333 1389 523 1456 familiarum
551 1395 675 1473 septem
701 1388 843 1466 millium,
873 1395 907 1455 et
935 1411 973 1453 eo
1004 1389 1109 1453 adhue
1139 1395 1282 1475 ternpore

144 1476 317 1560 aspagauis
336 1475 478 1539 suanus
503 1474 682 1549 serviebam
713 1474 786 1538 huia
809 1476 939 1539 verbum
964 1473 1038 1538 fidei
1064 1481 1098 1538 et
1123 1475 1283 1540 lavacrum

183 1561 296 1626 salutis
319 1560 532 1626 ministrabat.
586 1560 668 1625 Erat
693 1567 803 1624 autem
827 1581 884 1624 rex
909 1559 1013 1646 gentis
1040 1558 1153 1645 sipsius
1176 1561 1430 1625 AEdss.AEdilrslsh

1292 1645 1342 1678 [ΕΣ.

183 1647 282 1725 vaieh,
308 1669 372 1712 nou
397 1646 498 1711 multo
523 1652 600 1711 ante
625 1645 807 1731 baptizatus
832 1645 864 1708 in
889 1645 1051 1731 provinoia
1078 1646 1281 1725 Marciorum,
1327 1692 1408 1757 [⁶⁶¹]

183 1740 341 1818 presente
361 1755 400 1800 ae
420 1755 437 1796 s
501 1739 610 1796 orente
630 1753 705 1816 rege
721 1730 890 1808 Vulfhem,
905 1755 926 1796 a
940 1753 1003 1816 quo
1019 1731 1118 1796 etiam
1137 1754 1282 1816 egressus

183 1819 224 1882 de
237 1818 336 1896 fonte,
351 1819 421 1882 loeo
434 1753 502 1881 fiiri
511 1823 676 1901 susceptus
690 1823 758 1881 est:
783 1817 816 1878 in
836 1817 926 1902 eujus
945 1817 1069 1902 signum
1091 1817 1281 1902 adoptionis,

183 1904 264 1968 duas
293 1905 336 1968 illi
366 1903 542 1988 provincias
573 1902 713 1979 donavit,
736 1901 873 1966 Vestam
902 1903 1047 1966 videlieet
1075 1902 1218 1981 insulam,
1248 1911 1283 1969 ei

184 1990 432 2054 Maauvarorum
452 1986 646 2073 proviuoiam
667 1986 700 2050 in
721 1994 817 2074 gente
838 1988 1090 2054 occidentalium
1110 1989 1280 2057 Saxonum.

142 2075 302 2159 solisque
323 2075 497 2160 episeopus,
518 2074 720 2148 eoncedente,
742 2073 838 2137 immo
860 2074 996 2138 multum
1011 2075 1176 2222 ¹gaudente
1197 2097 1281 2160 rege,

182 2161 304 2244 primos
318 2161 486 2246 provinoiee
501 2160 598 2224 duoes
611 2181 649 2223 aa
663 2157 780 2222 milites
794 2167 997 2224 saerosanoto
1025 2167 1100 2224 onte
1114 2160 1279 2235 abluebam

185 2268 293 2309 verum
314 2245 492 2331 presbyteri
512 2245 634 2329 Eappa,
658 2250 692 2308 et
714 2244 836 2322 Padda,
856 2251 891 2308 ei
906 2245 1101 2330 ‘Burghelm
1123 2252 1157 2309 ei
1176 2245 1281 2324 0iddi,

184 2338 334 2396 eaetoram
346 2333 480 2417 plebem,
496 2332 544 2395 vel
566 2337 642 2394 tune
662 2330 710 2393 vol
732 2338 875 2414 tempore
895 2337 1047 2415 sequente
1064 2331 1281 2415 baptizabant.

183 2416 288 2480 Porro
301 2417 412 2502 regina
425 2417 553 2481 nomine
569 2415 691 2479 uEabae
711 2415 744 2478 in
764 2439 830 2493 sua,
847 2415 880 2479 id
894 2423 952 2494 esi,
968 2416 1196 2480 ¹Huieaiorum
1210 2438 1282 2501 pro-
1292 2428 1366 2508 nabe
1377 2441 1414 2476 rs.

183 2502 293 2581 viauia,
317 2504 423 2571 fuerat
446 2502 619 2589 baptizata.
666 2501 749 2580 Erat
771 2508 881 2567 autem
903 2501 969 2568 filia
995 2501 1149 2580 Eanfridi,
1173 2502 1355 2569 fratruum

216 2674 295 2725 equa
312 2670 395 2711 tamea
412 2666 453 2711 iiio
469 2659 575 2712 abeunte
587 2669 690 2725 prepter
705 2664 821 2710 acnuam
838 2664 944 2710 hostiam
963 2664 1140 2724 oppressionem
1152 2666 1283 2725 preprium

184 2729 323 2788 episcopum
335 2729 425 2775 habere
435 2730 574 2790 nequiverit
587 2726 617 2774 V.
707 2738 722 2775 u
735 2727 826 2775 Postea
838 2728 1001 2774 Britanniam
1013 2727 1043 2773 G.
1120 2736 1133 2767 r
1140 2730 1253 2786 patriam
1263 2744 1282 2775 s.

179 2795 327 2854 parochiam
337 2807 410 2839 asam
421 2792 484 2840 V.G.
591 2794 682 2839 natiue
692 2792 722 2840 V.
830 2793 1005 2850 taurgasa'n,
1017 2792 1164 2851 Bruehelia,
1179 2792 1281 2851 Oiddia,

184 2855 267 2903 ordea
279 2855 308 2903 V.
396 2867 412 2896 ¹¹
426 2857 498 2905 Essa
509 2855 571 2904 V.G.
669 2866 685 2895 ¹
698 2858 835 2904 Vseeiarum
846 2856 875 2902 V.
898 2856 1043 2903 chimam
1055 2858 1085 2904 G.

215 3015 257 3061 30.
268 3002 422 3062 inimicitiae]
443 3002 538 3050 Harum
555 3017 629 3051 cansa
645 3002 784 3063 assignatur
802 3001 946 3063 prejudiciis
962 3003 993 3049 ab
1011 3003 1179 3065 Ermenbnrga
1195 3011 1281 3053 contra

184 3066 314 3113 vilfridum
327 3067 457 3126 conceptis.
492 3067 647 3130 AEdiithryde
660 3067 738 3127 prima
749 3066 858 3127 Ecgfridi
871 3082 889 3115 r.
902 3082 978 3115 rixare
993 3082 1047 3129 quas
1058 3067 1164 3115 Vilirido
1176 3068 1281 3129 patroci-

184 3131 252 3178 nium
269 3132 374 3191 praebait
388 3132 414 3178 in
432 3132 606 3179 mernssterium
619 3132 753 3190 secedente,
767 3132 936 3193 Ermenburga
951 3146 1006 3194 quae
1022 3132 1047 3179 iu
1065 3132 1136 3179 thoro
1150 3134 1214 3194 regia
1225 3148 1280 3181 sue·

183 3196 256 3243 oessit
266 3212 388 3243 surrrrnum
401 3197 464 3243 hunc
476 3196 512 3244 illi
523 3197 630 3244 favorem
643 3197 668 3242 in
679 3196 764 3243 odium
775 3204 802 3245 et
812 3197 930 3243 invidiam
944 3197 1023 3245 vertit.
1054 3196 1109 3244 Hoc
1119 3206 1184 3245 certe
1197 3198 1282 3246 volunt

182 3260 235 3321 ejus
246 3260 352 3307 historia
363 3260 501 3321 scriptores,
513 3275 544 3307 an
557 3268 621 3308 recte
633 3260 687 3307 ride
699 3261 809 3320 Append.
823 3262 855 3309 N.
868 3261 936 3309 xviii.
955 3263 978 3308 S.
1005 3261 1077 3309 Cani.
1088 3261 1160 3321 infra,
1171 3263 1200 3309 ad
1210 3277 1232 3309 v.
1243 3274 1281 3324 15.

216 3338 256 3383 32·
268 3326 403 3386 divertens]
428 3328 489 3373 Acta
500 3326 550 3373 hae
562 3334 618 3373 sunt
630 3326 660 3372 ab
672 3327 702 3372 Α.
711 3326 743 3372 D.
755 3324 814 3381 681,
831 3326 925 3373 scilicet
942 3327 972 3373 ab
990 3341 1055 3373 anno
1070 3326 1121 3374 sere
1138 3334 1207 3374 sexto
1223 3334 1281 3374 aute

181 3396 288 3435 mortem
301 3390 364 3450 regis
378 3390 501 3451 Ecgfridis
518 3391 566 3436 rid.
578 3390 652 3448 infra,
664 3397 689 3437 et
699 3390 764 3435 cont.
779 3388 817 3437 26.
851 3391 897 3437 Sed
907 3390 1051 3451 jamdudum
1064 3406 1116 3437 earn
1129 3391 1280 3451 provinciam

183 3452 308 3515 ingressus
319 3462 372 3501 erat
382 3454 515 3501 Viliridus:
534 3454 630 3502 rediens
640 3454 706 3501 enim
719 3469 734 3500 a
746 3453 827 3501 Gallia
842 3462 970 3515 postquam
988 3453 1019 3502 ab
1031 3454 1171 3517 Agiibercto
1186 3456 1280 3517 episco-

183 3532 230 3577 pus
240 3518 368 3565 ordinatus
375 3527 437 3573 erat,
452 3521 480 3567 A.
490 3519 520 3566 D.
530 3519 626 3566 circiter
635 3517 693 3575 664,
703 3518 819 3578 appulsus
827 3529 864 3565 eat
875 3535 890 3566 a
901 3524 1044 3580 tempestate
1056 3519 1086 3566 ad
1098 3519 1166 3567 littus
1179 3522 1280 3567 Austra-

185 3582 245 3629 iinm
259 3583 395 3640 Saxonum,
409 3583 449 3630 abi
466 3583 526 3630 socii
543 3589 568 3630 et
584 3582 682 3629 asseclas
698 3581 751 3642 ejus
768 3597 870 3629 numero
887 3591 984 3631 centum
997 3583 1083 3644 viginti
1097 3585 1173 3631 coacti
1185 3592 1243 3631 sunt
1254 3599 1281 3633 se

182 3652 209 3694 et
223 3662 263 3694 res
279 3662 338 3694 suas
353 3663 368 3695 a
384 3662 534 3707 paganorum
551 3648 686 3694 incolarum
705 3646 791 3707 rapina
805 3646 880 3694 ermis
893 3648 1029 3697 defendere.
1062 3646 1137 3695 Casia
1148 3648 1280 3710 quinques

183 3710 282 3758 vilardi
293 3711 362 3769 viris,
375 3712 459 3758 inuitis
469 3726 526 3758 aero
539 3712 649 3772 paganis,
661 3711 798 3771 et-reiiquis
808 3725 893 3759 samm
911 3712 1028 3773 mitiorem
1046 3712 1169 3759 incursans
1183 3714 1279 3759 minen·

183 3774 258 3832 tibus,
270 3776 378 3823 refluxus
389 3776 464 3823 rueris
475 3776 556 3823 nerim
569 3776 648 3823 denno
659 3776 690 3822 de
701 3782 766 3823 terra
776 3775 890 3836 sustulit3
912 3784 938 3823 et
949 3776 1077 3833 wlfridus,
1090 3783 1185 3835 arrepta
1195 3777 1279 3824 statim

180 3840 471 3966 {amitttat
484 3839 862 3951 ttffitua‘aittsst
873 3850 996 3952 aeaut
1016 3840 1081 3951 idi·
1095 3839 1280 3955 iiiia

181 3969 293 4017 Saxones
305 3970 412 4027 reuerit;
429 3969 523 4017 scilicet
533 3969 622 4016 trustra
633 3984 690 4016 eum
702 3970 784 4015 sedem
796 3968 935 4029 quaesivisse
952 3969 1030 4029 primo
1041 3970 1065 4017 iu
1079 3968 1180 4029 Marcia,
1192 3969 1280 4017 deiude

180 4033 207 4081 in
218 4033 420 4081 occidentalibus
430 4033 578 4089 Senonibus,
590 4034 632 4079 sed
642 4048 672 4079 ex
684 4039 787 4093 utroque
799 4033 853 4079 loon
866 4033 959 4093 pulsam
972 4048 1018 4095 ope
1029 4033 1138 4094 Ecgfridi
1151 4034 1215 4096 ragis
1226 4041 1278 4083 taen

180 4098 279 4145 &mum
292 4098 322 4145 ad
335 4113 485 4159 paganorum
501 4096 651 4158 provinciam
669 4097 693 4143 ia
710 4097 871 4145 Southsexunr
889 4098 1037 4160 confugisse,
1048 4113 1104 4160 que
1116 4113 1163 4159 pra
1179 4100 1280 4159 raspisem

180 4164 376 4210 multitudinem
386 4165 506 4210 silvarum
517 4164 639 4209 densitate
649 4162 707 4207 aliis
713 4163 849 4220 proviaciis
860 4164 1061 4223 inexpugnabilis
1070 4164 1162 4219 entiae,
1174 4176 1214 4220 4ο.

213 4226 253 4289 36.
265 4242 315 4273 aaa
325 4230 402 4275 mmto
413 4227 484 4287 anie]
508 4227 564 4273 Hoc
576 4226 601 4271 in
614 4224 684 4272 Μ).
697 4224 752 4272 661.
766 4225 837 4284 ponit
846 4226 937 4274 Chron.
951 4229 1006 4275 Sex.

210 4304 253 4351 30.
264 4292 472 4352 Mauricum-usa]
497 4292 629 4337 Permanet
646 4290 724 4336 adhue
740 4289 812 4349 hujus
830 4291 961 4350 provincia
979 4290 1097 4340 memoria
1115 4291 1141 4337 in
1161 4290 1278 4341 comitatu

177 4355 310 4471 eiiam,
331 4355 448 4403 centuriis
468 4354 659 4416 Meambrough,
677 4354 821 4411 Eastrueam
843 4355 994 4414 Westaresn,
1014 4363 1039 4405 et
1059 4354 1225 4417 Manebridge.
1252 4356 1278 4405 S.

332 4453 339 4467 .
352 4435 362 4469 1
398 4452 406 4466 .

210 4498 250 4546 43.
265 4429 429 4533 Husiaoffiam
436 4484 578 4546 provmda]
600 4484 673 4533 Conf.
686 4482 761 4541 infra,
772 4484 803 4530 ad
817 4497 856 4545 ²3·

683 4546 778 4609 uda
