3100 5125
277 366 343 429 842
386 354 389 360 ’
720 362 945 429 EPISTOLA

279 516 453 600 apostolica
467 515 600 581 ecclesia
613 516 683 580 fieri
697 517 813 594 vidisti,
829 516 988 602 mysteriis
1003 514 1184 579 coelestibus
1206 509 1388 577 communi·

279 622 354 665 care
375 602 510 666 valeant.
557 602 624 687 Ipsi
645 602 744 667 etiam
767 602 940 687 conjugati,
965 601 992 664 si
1016 602 1087 684 quis
1110 598 1170 663 sibi
1195 614 1426 663 mensuram¹5

278 686 482 750 continentiae
501 688 661 764 ostendat,
677 694 712 752 ct
730 688 881 751 virtutem
899 686 1059 751 castitatis
1076 686 1224 761 insinuet,
1239 684 1327 747 idem
1345 690 1386 747 et

277 770 412 835 licenter
425 772 558 855 possint,
574 779 608 837 et
622 773 757 837 ldienter
769 774 874 837 facere
888 772 994 837 velint.

325 878 373 920 ιο.
390 856 471 921 Haec
485 857 555 934 tibi,
568 859 766 923 sanctissime
780 858 924 933 antistes,
936 865 971 921 et
985 863 1050 921 tuae
1066 854 1242 921 dilectionis
1256 854 1387 918 iutuitu

277 947 311 1004 et
324 942 480 1041 generalis
493 943 600 1028 gratia
614 943 765 1008 utilitatis
779 942 919 1007 breviter
935 944 1090 1007 adnotare
1105 940 1223 1018 studui,
1238 940 1383 1003 multum

277 1027 460 1091 desiderans
481 1029 678 1113 multumque
698 1029 884 1105 exhortans,
905 1034 944 1091 ut
964 1033 1092 1113 gentem
1113 1033 1258 1089 nostram
1281 1048 1305 1089 a
1326 1047 1385 1088 ve-

277 1112 374 1176 tustis
388 1114 574 1178 abstrahere
589 1135 680 1178 cures
695 1114 863 1189 erroribus,
878 1122 913 1177 et
931 1114 975 1176 ad
994 1111 1161 1177 certiorem
1179 1117 1213 1176 et
1228 1111 1384 1174 directio-

277 1219 346 1261 rem
359 1198 434 1263 vitae
448 1199 559 1263 callem
573 1200 724 1263 reducere
738 1206 885 1284 satagas:
910 1204 944 1262 et
959 1198 985 1261 si
1001 1203 1076 1261 sunt
1093 1196 1190 1280 aliqui
1206 1196 1381 1281 cujuslibet
1391 1218 1426 1250 20

145 1280 195 1313 m.
276 1284 395 1385 gradus.
417 1284 483 1348 sive
502 1284 622 1348 ordinis
643 1285 712 1362 viri,
728 1284 781 1368 qui
804 1286 890 1349 bona
909 1289 967 1347 tua
988 1288 1096 1367 coepta
1115 1281 1254 1346 retinere
1275 1290 1381 1365 atque

277 1370 431 1454 impedire
459 1377 622 1447 conentur,
651 1377 690 1434 tu
717 1377 826 1434 tamen
854 1368 1052 1454 propositum
1085 1372 1205 1431 sanetae
1234 1366 1380 1443 virtutis,

277 1476 422 1539 supernoe
443 1477 565 1519 memor
584 1454 814 1531 retributionis,
830 1456 871 1519 ad
885 1455 1011 1518 firmum
1031 1475 1130 1537 usque
1149 1453 1246 1516 finem
1260 1454 1384 1536 perdu-

277 1562 349 1603 cere
363 1541 548 1605 contendas.
594 1542 667 1605 Scio
688 1562 825 1625 namque
846 1540 1012 1605 nonnullos
1033 1538 1107 1602 huic
1127 1544 1246 1603 nostrae
1261 1538 1381 1601 exhor-

276 1625 392 1689 tationi
420 1625 556 1691 multum
581 1627 845 1702 contradicturos,
871 1632 906 1689 et
930 1624 1070 1688 maxime
1092 1646 1147 1687 eos
1170 1624 1225 1707 qui
1252 1624 1382 1707 seipsos

277 1710 338 1773 illis
358 1710 551 1775 facinoribus
572 1734 593 1776 a
614 1712 728 1796 quibus
748 1719 784 1775 te
806 1710 1017 1796 prohibemus,
1041 1730 1109 1773 esse
1130 1708 1274 1772 sentiunt
1297 1708 1425 1771 irre-²5

277 1796 374 1860 titos:
398 1798 454 1859 sed
467 1797 646 1862 meminisse
665 1804 699 1862 ts
718 1798 810 1861 decet
831 1796 1013 1881 apostolicae
1035 1793 1267 1879 responsionis:
1291 1794 1380 1871 Qash

275 1881 392 1944 obedire
406 1892 516 1966 eportet
529 1885 596 1947 Deo
609 1884 706 1968 magis
719 1904 811 1967 chm
828 1880 1004 1945 bominibus.
1050 1880 1242 1944 Mandatum
1257 1878 1379 1964 quippe

277 1973 327 2030 est
353 1967 431 2031 Dei:
472 1968 596 2032 Vendite
619 1990 686 2053 ques
707 1968 877 2053 perdeletis,
901 1977 930 2031 et
951 1966 1021 2029 dete
1043 1966 1262 2047 aamercort.
1307 1964 1379 2028 Et:

276 2053 353 2116 Nisi
369 2054 437 2137 qais
456 2054 680 2117 ressuscitaverit
700 2052 836 2116 omnibus
857 2074 926 2136 quse
941 2052 1161 2136 possidentes
1174 2060 1271 2133 potest
1291 2071 1381 2115 meus

277 2159 335 2200 esse
350 2138 526 2223 ῶὶεοίμιίω.
572 2138 720 2203 Traditio
734 2145 843 2202 autem
857 2138 1009 2201 moderna
1031 2135 1229 2221 quorundam
1243 2141 1302 2211 est,
1319 2136 1377 2219 qni

276 2244 311 2285 se
336 2222 397 2285 Dei
422 2224 556 2287 famulos
585 2245 655 2288 esse
678 2224 895 2309 iprofitentur,
922 2244 985 2285 non
1012 2222 1112 2285 solum
1137 2242 1281 2305 possessa
1307 2243 1376 2284 non

276 2308 421 2383 vendere,
449 2331 559 2372 verum
587 2310 685 2373 etiam
714 2330 899 2393 comparare
928 2329 991 2371 non
1020 2307 1139 2371 habita.
1196 2306 1266 2387 Qua
1294 2316 1422 2392 erg030

276 2393 380 2455 fronte
401 2394 499 2459 audet
521 2395 687 2479 quisquam
709 2396 751 2459 ad
773 2393 936 2459 servitium
958 2393 1086 2475 Domini
1112 2412 1304 2467 accessurus,
1324 2393 1376 2455 vel

276 2476 336 2541 kea
351 2501 422 2564 quae
436 2480 468 2543 iu
483 2481 625 2544 saecnlari
639 2482 706 2545 vita
720 2481 878 2544 habuerat
891 2486 1063 2555 retentare,
1076 2478 1124 2543 vel
1139 2479 1198 2541 sub
1212 2484 1377 2563 praetextu

275 2565 350 2629 vitae
373 2567 541 2630 sanctioris
560 2568 629 2630 illas
651 2589 729 2651 quas
751 2589 815 2630 non
836 2567 994 2630 habuerat
1015 2586 1207 2650 congregare
1224 2561 1374 2628 divitias:

276 2673 348 2714 cum
363 2651 461 2715 etiam
475 2653 650 2738 apostolica
669 2654 712 2716 sit
733 2651 900 2715 notissima
919 2672 1060 2728 censura,
1077 2674 1147 2734 quae
1163 2649 1325 2713 Ananiam
1340 2657 1377 2714 et

277 2737 467 2822 Sapphiram
496 2739 556 2801 hoc
583 2739 688 2802 facere
716 2737 891 2813 molientes,
918 2759 982 2800 non
1011 2736 1074 2800 ullo
1100 2734 1296 2821 poenitentiae
1325 2735 1376 2800 vel

275 2822 502 2886 'satisfactionis
530 2823 670 2887 remedio
698 2823 866 2908 corrigere,
890 2823 946 2886 sed
969 2845 1008 2886 ex
1029 2822 1099 2906 ipsa
1122 2821 1234 2884 statim
1258 2821 1376 2884 mortis

275 2907 397 2970 ultricis
419 2909 609 2973 acceleravit
631 2909 835 2972 damnatione
854 2907 982 2994 puniri?
1026 2907 1072 2970 Et
1093 2907 1221 2991 quidem
1241 2905 1286 2968 illi
1306 2919 1418 2969 nou35

274 2991 378 3056 aliena
392 2994 545 3078 colligere,
562 2995 618 3058 sed
632 3017 690 3059 sua
704 2995 875 3078 incongrue
890 2994 1027 3057 retinere
1040 2993 1229 3056 maluerunt.
1274 2991 1375 3056 Unde

274 3077 442 3142 manifeste
456 3086 557 3162 patet,
574 3103 669 3164 quam
682 3081 776 3165 longe
797 3079 959 3143 abstiterit
978 3079 1103 3142 animus
1119 3077 1336 3162 apostolorum
1350 3100 1376 3142 a

275 3163 481 3247 suscipiendis
502 3166 706 3250 pecuniarum
722 3165 993 3248 acquisitionibus,
1009 3163 1068 3248 ¹qui
1091 3164 1150 3226 sub
1171 3162 1224 3226 illa
1245 3163 1374 3248 proprie

274 3249 383 3332 regula
405 3249 542 3313 Domino
563 3251 764 3314 serviebant:
792 3251 885 3313 Booti
899 3271 1060 3334 pauperes,
1084 3250 1159 3334 quie
1180 3258 1309 3312 ecanae
1330 3258 1374 3312 et

275 3354 399 3417 repetem
419 3337 502 3398 Dei:
535 3344 569 3399 et
590 3357 608 3398 e
630 3343 751 3413 contra,
774 3335 876 3420 partis
905 3335 1041 3399 sinistrae
1068 3334 1231 3419 proposito
1260 3333 1374 3396 nihilo-

274 3419 378 3482 miuus
392 3420 644 3484 instituebantur
658 3421 820 3504 exemplo:
845 3422 898 3484 Va
911 3419 991 3484 cobis
1004 3418 1159 3495 diuitibus,
1171 3420 1246 3503 quie
1259 3417 1373 3483 bebetis
1382 3429 1420 3475 4⁰

274 3505 498 3569 metationem
512 3516 650 3570 cestram.
695 3507 751 3569 An
765 3507 849 3570 forte
868 3527 990 3569 errasse
1007 3528 1046 3570 ac
1060 3504 1261 3568 mendacium
1275 3505 1373 3588 scrip-

274 3588 352 3652 sisse
367 3598 516 3674 putamus
530 3592 721 3676 apostolum,
737 3613 834 3676 quum
849 3613 908 3654 nos
925 3592 1098 3655 admonens
1118 3590 1263 3653 dicebat:
1287 3591 1373 3654 Fra—

273 3683 342 3748 tres,
365 3676 455 3739 nolite
477 3696 603 3749 θωνα
628 3678 802 3762 statimque
824 3677 1005 3741 subtexuit:
1027 3679 1134 3760 Neque
1156 3677 1375 3760 obortaeque

272 3758 389 3836 etiem,
413 3782 503 3846 mesre
527 3761 652 3846 rapaces
675 3785 800 3848 repetem
822 3763 886 3827 Dei
905 3761 1106 3848 possidebam.
1159 3761 1206 3825 Et
1231 3760 1374 3825 iterum:

273 3845 341 3908 Hoc
364 3855 464 3909 eutem
487 3847 595 3924 scitote,
618 3849 699 3932 quod
718 3849 814 3912 omen
827 3851 1009 3932 fornicator,
1032 3857 1087 3912 cet
1110 3847 1293 3923 temones,
1315 3857 1373 3911 eat

272 3951 398 4008 cecus,
413 3941 469 3995 aut
482 3953 591 4015 rapae,
608 3933 689 4016 quod
700 3942 741 3996 est
754 3934 904 3997 Motorum
917 3933 1052 4011 recites,
1067 3955 1126 3996 cort
1142 3931 1229 3996 teter
1242 3932 1374 3996 beredi-

271 4025 363 4080 toea
377 4016 411 4079 in
426 4037 514 4101 repeto
531 4017 646 4080 einer·
659 4028 686 4082 et
700 4019 773 4082 Dei.
814 4020 918 4100 Quum
933 4041 1008 4104 ergo
1022 4019 1186 4104 apostolus
1201 4017 1371 4082 avaritiam
1381 4034 1417 4084 45

272 4107 307 4164 et
334 4102 544 4186 rapacitatem
573 4102 753 4168 idolatriam
783 4105 949 4170 manifeste
972 4102 1183 4190 cognominet,
1212 4105 1375 4188 quomodo

289 4267 466 4333 fprofiteatur,
473 4285 584 4332 possm
595 4286 644 4318 nen
655 4274 767 4332 vendere,
781 4276 872 4322 iterum
884 4281 908 4322 et
919 4289 1064 4336 comparare
1075 4274 1105 4321 V.
1172 4275 1186 4313 k
1199 4289 1240 4322 ecs
1251 4291 1312 4338 quas
1321 4277 1354 4326 V.

276 4394 280 4398 Α
304 4423 344 4467 25.
356 4415 526 4476 responsionis]
549 4418 604 4464 Act.
617 4431 691 4480 neo.
822 4421 860 4482 38.
872 4420 957 4480 Beati]
972 4419 1032 4467 Luc.
1044 4419 1077 4467 vi.
1089 4433 1131 4478 eo.
1145 4435 1183 4478 24.

305 4473 344 4522 26.
356 4476 520 4540 Mandatum]
540 4479 602 4528 Luc.
615 4481 658 4529 xii.
670 4496 711 4542 33.
800 4519 808 4532 .
821 4499 861 4544 4¹·
874 4483 980 4542 dicebat]
1007 4498 1017 4530 r
1032 4484 1088 4532 Cor.
1100 4485 1133 4532 vi.
1145 4499 1171 4548 9,
1184 4499 1220 4534 ro.

304 4549 344 4598 27.
357 4539 427 4600 Nise]
449 4541 508 4589 Luc.
521 4542 570 4591 xiv.
584 4558 623 4606 33.
697 4563 701 4569 ¹
819 4561 859 4610 43.
871 4548 973 4610 iterum]
988 4549 1050 4609 pr.
1063 4563 1087 4596 r.
1098 4561 1121 4610 5.
