3100 5125
498 345 663 410 GENTIS
686 347 958 415 ANeLORUM.
1211 351 1275 418 lei

177 497 284 555 esseni
297 513 430 578 corpore
446 502 586 574 reseeioe,
603 497 737 583 contigit
758 506 796 563 ui
817 499 972 564 hactenus
993 498 1184 584 incorruptis
1205 521 1277 584 pen·
1355 508 1365 522 “

178 577 304 642 durent.
349 578 494 665 Denique
508 581 541 644 in
555 584 634 647 urbe
648 583 745 668 regia,
761 607 832 668 quae
848 609 868 649 a
887 585 997 670 regina
1011 586 1171 668 quondam
1185 607 1277 650 voca«

178 661 253 725 bulo
268 663 379 728 Bebba
394 668 644 752 cognominatur,
660 670 761 733 loculo
776 669 904 735 inciusae
921 676 1074 755 argenteo
1093 670 1127 733 in
1146 670 1279 736 ecclesis

179 748 281 898 senpii
312 750 402 814 Petri
431 760 607 832 servantur,
637 777 675 820 ao
705 756 802 842 digno
831 779 852 821 a
884 756 1006 820 eunctis
1037 757 1157 820 honore
1186 779 1277 823 vene-

178 855 237 898 ran
254 857 301 898 ur.

223 920 330 1004 Hujus
344 921 502 988 industria
515 925 608 1011 regis,
625 926 796 990 Dcirorum
815 934 850 991 ei
867 928 1083 992 Berniciorum
1097 927 1275 1011 provinciae,
1287 935 1353 1013 [iniq
1364 950 1418 996 rw·

139 1029 170 1078 ²5
179 1027 250 1088 quae
265 1013 397 1072 eatenus
411 1010 452 1072 ab
467 1009 600 1074 invicem
614 1011 850 1087 discordabant,
866 1013 899 1076 in
913 1036 1010 1078 unam
1021 1021 1096 1078 suni
1110 1035 1230 1097 pacem,
1242 1020 1277 1077 ei
1285 1016 1431 1048 vincarum.

178 1091 265 1156 velut
289 1114 386 1156 unum
410 1096 641 1182 compaginatae
667 1098 701 1160 in
725 1099 885 1183 populum.
931 1099 1014 1164 Erat
1042 1105 1151 1164 autem
1179 1121 1278 1183 nepos

179 1176 317 1240 AEduini
341 1179 424 1265 regis
454 1203 494 1244 ex
523 1204 631 1246 sorore
657 1184 760 1260 Acha,
787 1184 979 1270 dignumque
1004 1184 1073 1262 fuit,
1100 1190 1138 1249 ui
1166 1190 1278 1249 innius

179 1275 374 1345 spraecessor
386 1266 485 1330 talem
499 1268 633 1333 heberei
648 1270 687 1334 de
702 1291 760 1334 sua
774 1270 1051 1356 consanguinitate
1066 1278 1101 1335 ei
1117 1270 1277 1356 religionis

179 1347 329 1412 heredem
344 1358 378 1414 ei
391 1352 490 1437 regni.

624 1507 732 1571 OAP.
756 1507 836 1570 VII.

140 1620 173 1668 30
197 1603 235 1662 Ui
243 1591 389 1682 provincia
405 1607 617 1666 occidentalium
631 1611 768 1669 Senonum
781 1613 890 1669 eninm
904 1613 969 1680 Dei,
979 1612 1147 1688 predicante
1160 1611 1267 1676 Birino,

262 1689 428 1763 &nemerim
449 1697 477 1745 ei
489 1691 522 1746 de
534 1693 733 1748 successoribus
746 1695 804 1766 aas
817 1694 975 1768 Aqilbercto
990 1701 1017 1749 ei
1030 1692 1185 1749 Lentieiio.

225 1777 273 1841 Εο
293 1785 437 1865 tempore
457 1805 536 1868 gens
561 1785 810 1849 Occidentalium
836 1786 998 1849 Saxonum
1023 1784 1076 1868 qui
1101 1783 1278 1868 antiquitus
1290 1785 1439 1850 [RD-⁶34]

181 1864 320 1929 Gevissae
335 1869 539 1946 vocabantur,
555 1877 709 1954 regnante
726 1870 907 1956 h(iynigiiso
923 1871 1019 1934 fidem
1037 1869 1156 1935 Christi
1175 1891 1277 1970 suspe-
1286 1853 1412 1964 ffiffi,

180 1950 238 2034 pii,
254 1951 447 2035 praedicante
462 1954 521 2017 iilis
536 1957 666 2020 verbum
681 1956 806 2022 iBirino
821 1957 977 2041 episcopo,
994 1956 1048 2040 qui
1063 1978 1135 2019 cum
1149 1956 1279 2019 consrho
1287 1982 1375 2030 versio.
1434 1979 1438 1983 ’

138 2063 172 2112 ³5
182 2053 273 2120 papae
289 2036 426 2102 Honorii
440 2048 570 2104 venerat
586 2041 798 2116 Brittaniam
823 2044 1013 2126 promittens
1030 2042 1157 2126 quidem
1175 2063 1210 2105 se
1226 2041 1280 2106 iilo

182 2129 338 2205 praesente
352 2123 386 2186 in
400 2124 520 2188 intimis
534 2127 620 2190 ulira
635 2128 812 2212 Angiormn
826 2128 972 2213 partibus
983 2150 1045 2212 quo
1057 2128 1159 2190 nuilus
1168 2127 1282 2191 doctor

181 2209 403 2290 praeoessissei,
420 2217 538 2274 sanciae
560 2212 634 2276 fidei
657 2215 777 2278 semina
799 2235 869 2277 esse
891 2235 1083 2298 sparsurum.
1129 2213 1226 2276 Unde
1247 2221 1281 2278 ei

178 2295 269 2377 jussu
284 2295 424 2378 ejusdem
442 2297 609 2380 pontificis,
624 2321 682 2383 per
697 2300 864 2362 Asterium
878 2299 1078 2363 Genuensem
1100 2299 1281 2383 episcopum

182 2377 215 2442 in
230 2376 429 2465 episcopatus
444 2391 649 2448 consecrat-us
664 2392 714 2449 esi
733 2385 878 2470 gradum.
923 2385 987 2448 Sed
1002 2385 1196 2448 Brittaniam
1210 2406 1280 2469 per-

182 2463 318 2543 veniens,
331 2489 370 2530 ac
382 2467 519 2551 primum
529 2468 732 2534 Gevissorum
745 2478 875 2556 gentem
889 2470 1077 2556 ingrediens,
1089 2492 1160 2533 eum
1172 2491 1281 2534 omnes

196 2656 227 2756 Ti
234 2647 396 2757 pgoedecessor
407 2645 437 2693 G.
552 2646 564 2679 ¹²
580 2649 704 2709 cynigislo
716 2650 746 2697 V.
863 2650 934 2713 iipre
943 2656 1028 2697 anum
1037 2648 1145 2697 Birinne
1156 2663 1213 2697 cum
1224 2663 1280 2697 con·

181 2726 202 2757 si
213 2726 234 2757 w
270 2744 277 2757 .

217 2861 256 2896 21.
267 2850 294 2895 in
305 2848 459 2910 urberegin]
482 2848 669 2911 Bebbsnburgh‚
686 2849 757 2898 hodia
775 2850 930 2912 Bnmburgir3
946 2849 1016 2897 iocus
1032 2849 1063 2896 ab
1080 2848 1126 2895 Ida
1140 2863 1197 2909 rege
1214 2848 1279 2895 Nor·
1322 2858 1326 2865 ‘

181 2913 315 2975 dauhymb.
328 2912 441 2960 conditus
452 2913 542 2960 dicitur
553 2914 610 2961 sax.
625 2914 681 2962 Chr.
695 2914 720 2961 S.
739 2915 767 2961 in
780 2916 811 2961 A.
819 2916 852 2962 D.
865 2925 921 2976 547.
945 2915 967 2961 E
978 2913 1078 2961 Nennio
1088 2912 1205 2961 discimus
1217 2914 1280 2975 regi-

182 2992 241 3024 num
258 2978 321 3025 hane
338 2977 412 3024 fuisse
428 2992 528 3025 uxorem
548 2978 682 3034 AEdiiiridi,
700 2986 725 3026 et
740 2979 824 3025 urbem
842 2980 910 3026 iiiam
928 2994 943 3025 a
960 2977 1085 3025 Britannis
1100 2984 1210 3024 vocamur
1228 2993 1281 3025 esse

182 3041 329 3104 Dingunroy
345 3042 392 3104 (vei
404 3040 601 3104 Dinguayrdum‚
613 3042 686 3102 paulo
694 3043 791 3105 supra):
809 3043 944 3104 Eadsered
953 3044 1070 3090 Fiesnnrs
1082 3040 1282 3105 (AEdiiiritiusi-

182 3107 251 3153 dedii
270 3108 343 3153 uxori
362 3120 413 3153 Μ
430 3104 593 3167 Dingnmny,
611 3122 665 3169 qnoe
680 3114 785 3155 noenius·
800 3108 906 3167 Bebbnb,
924 3115 948 3155 ei
967 3109 997 3154 rie
1013 3109 1113 3154 nemine
1129 3121 1179 3155 sita
1197 3110 1282 3154 uxoris

182 3174 288 3232 mcepii
298 3186 395 3225 nomen,
408 3172 435 3218 id
445 3177 481 3217 esi
492 3171 679 3219 Beibenbnrcln
704 3172 786 3220 Neun.
798 3172 838 3232 63.
850 3174 887 3219 ed.
901 3174 1011 3220 Stevens.

217 3248 257 3295 23.
273 3236 417 3295 emuntur]
438 3236 497 3283 Sim.
517 3235 582 3281 Dun.
596 3250 618 3294 p.
630 3251 652 3283 n.
665 3236 710 3292 ait,
728 3237 794 3298 ‚Qun
810 3240 886 3283 eiiam
902 3239 938 3284 ad
952 3244 1062 3283 nostram
1079 3251 1156 3297 iisqne
1172 3242 1279 3293 etatem,

182 3301 313 3361 utriusque
329 3301 455 3355 medinm,
474 3302 541 3359 regis
557 3302 650 3347 scilicet
670 3308 745 3363 nique
764 3303 898 3364 pontificis,
915 3304 1004 3361 gratia
1021 3316 1073 3347 snoe
1091 3303 1280 3361 incorruptionis

181 3364 295 3411 ostendii.
325 3362 398 3411 Sicut
408 3370 508 3419 nosirae,
519 3366 564 3410 noc
575 3371 610 3410 eri
622 3364 800 3412 Dnnetmeneis
810 3368 914 3413 ecclesie
924 3368 1059 3412 monachus
1071 3365 1280 3412 Snnrdeirandnr

182 3431 227 3489 qni
237 3442 326 3489 nuper,
338 3430 501 3490 epnapatnm
512 3426 642 3475 Wiiielmo
651 3430 853 3487 administrante,
862 3431 994 3491 defunctus
1004 3436 1049 3487 est,
1060 3431 1149 3490 sepius
1158 3444 1184 3476 ee
1192 3430 1281 3475 vidisse

181 3499 317 3539 attestatus
327 3499 370 3539 esi.
404 3493 506 3540 Walter.
518 3492 548 3540 de
560 3492 688 3555 WittIesey
699 3494 786 3541 scribit
802 3494 926 3541 brachium
940 3494 1040 3541 aliatum
1057 3494 1088 3541 mi
1104 3493 1278 3540 monasterinm

183 3557 248 3603 Petri
260 3557 290 3603 de
303 3556 386 3619 Burgo
397 3572 439 3618 per
450 3556 608 3618 Winegoium
620 3558 649 3605 de
664 3558 809 3606 Bebeberch.
822 3548 934 3619 ifflgniius
951 3560 980 3604 nd
998 3574 1019 3605 a.
1034 3559 1103 3605 1018.
1119 3558 1153 3619 [p.
1164 3557 1221 3619 891.
1234 3558 1279 3603 Ss—
1300 3582 1303 3585 ·

182 3621 243 3683 viie]
260 3621 373 3668 meminit
383 3621 471 3683 prioris
481 3621 524 3681 qui
536 3629 644 3681 tempore
656 3622 806 3670 Denicurum
818 3623 923 3669 cladium
937 3622 1031 3683 aufugit
1043 3638 1057 3669 n
1069 3622 1211 3680 Petriburgo
1223 3636 1279 3668 cum

183 3686 309 3732 nonnuliis
319 3685 445 3744 fratribus,
457 3693 581 3747 assumpto
598 3700 679 3733 secum
697 3686 795 3735 brachio
812 3704 831 3735 s.
843 3688 951 3736 Oswnidi
964 3701 983 3734 r.
996 3688 1025 3733 ad
1043 3687 1147 3733 insulem
1165 3688 1195 3733 de
1212 3686 1277 3733 iieii.

183 3751 315 3799 Ostensum
329 3756 410 3797 nmen
422 3758 460 3798 est
471 3750 496 3797 in
509 3750 651 3812 Petriburgo
662 3758 718 3813 post
728 3752 819 3801 multos
831 3767 908 3800 annos
920 3767 939 3799 r.
952 3752 1083 3812 Stephano,
1093 3751 1233 3799 Alexandro
1241 3765 1278 3811 ep.

182 3815 295 3875 Limon,
306 3816 352 3862 &n
365 3815 390 3862 S.
902 3841 903 3844 =

216 3878 256 3929 26.
267 3878 350 3940 Acina]
365 3880 426 3941 Quae
439 3887 524 3939 prater
536 3879 664 3927 Anfridum
682 3880 716 3941 [v.
730 3880 885 3942 Eanfridum]
905 3887 931 3929 et
947 3880 1083 3928 Osuaidum
1100 3879 1161 3926 aiios
1172 3878 1280 3941 quinque

182 3944 256 4002 filios,
269 3943 384 4005 Osuium,
395 3943 520 4000 Osinium,
532 3945 653 4006 Fieriiego
665 3945 741 3993 Osnrn
754 3946 857 4002 dictum,
870 3946 1001 4001 Osnidum,
1014 3944 1130 3992 Oslaeum
1143 3950 1169 3989 et
1185 3942 1279 4003 Offam,

182 4023 306 4121 unnmqppl
325 4008 400 4120 iiiam
418 4010 518 4119 nosmine
535 4010 640 4057 AEbbinn
659 4009 806 4057 abbatissam
825 4010 854 4057 de
872 4010 1033 4071 Coidingham
1050 4023 1070 4056 r.
1089 4007 1220 4055 AEdiiirido
1236 4023 1279 4071 pe-

198 4073 254 4121 erit.
309 4107 314 4119 .
350 4073 357 4118 i
376 4087 428 4119 orn.
462 4105 467 4116 .

181 4089 197 4137 p
213 4152 254 4198 3²·
266 4153 293 4185 eo
304 4088 422 4199 impiere]
437 4137 546 4185 Tacente
558 4138 622 4185 Beda
633 4138 663 4185 dc
675 4152 740 4185 enno
750 4138 867 4186 adventus
878 4135 964 4193 Birini,
972 4137 1070 4185 variant
1080 4136 1129 4195 hic,
1138 4143 1165 4184 ut
1174 4151 1278 4199 semper,

181 4210 302 4251 auctores.
334 4203 388 4265 Ego
405 4202 543 4251 chronicon
562 4203 708 4250 Saxonicum
727 4204 846 4264 praecipue
862 4210 960 4250 secutus
977 4218 1039 4260 sum,
1055 4217 1104 4248 non
1122 4202 1202 4249 solum
1213 4202 1279 4264 quod

180 4267 260 4316 ubivis
274 4267 337 4315 aiios
349 4274 404 4328 post
415 4267 508 4315 Bedum
520 4266 649 4314 historicos
657 4268 803 4316 auctoritate
810 4274 914 4329 superet,
924 4267 965 4313 sed
975 4267 1164 4328 praecipuequod
1173 4267 1198 4313 in
1208 4267 1280 4315 rebus

181 4331 267 4380 Occid.
279 4334 369 4381 Saron.
381 4331 526 4393 peculiarem
539 4331 610 4378 fidem
626 4340 756 4389 mereatur,
768 4347 824 4380 cum
842 4332 872 4381 sb
889 4332 971 4380 incois
987 4330 1054 4379 iliius
1071 4331 1150 4393 regni,
1167 4338 1194 4379 ut
1211 4337 1281 4381 notet

180 4397 340 4454 whartonus,
353 4397 443 4457 scripte
455 4397 535 4443 suerii.
545 4396 569 4444 S.

213 4462 246 4510 ib.
269 4462 385 4523 Geniseoe]
409 4462 558 4509 Saronicum
579 4469 616 4508 est
634 4476 677 4522 pro
699 4460 903 4511 Occidentniinm.
945 4460 987 4509 Sic
1006 4460 1138 4522 Vnigoiini,
1153 4461 1282 4522 preposita

180 4532 275 4575 tantum
289 4528 409 4575 Saxonica
419 4526 541 4587 expletiva
556 4525 599 4573 Ge.
617 4528 641 4574 S.
