3100 5125
367 322 433 386 ΑΙ)
455 320 783 388 OUDBERTHUM
806 320 1092 388 AacHIEPISO.
1223 324 1285 388 351

184 473 1287 645 emmisset

186 666 401 731 praeparemus
423 645 546 710 animas
568 653 695 710 nostras
716 646 759 710 ad
775 645 997 723 tentationem,
1016 652 1054 709 ut
1076 648 1287 712 sustineamus

144 750 177 799 30
185 731 452 796 sustentationem
475 730 546 809 Dei,
565 738 600 796 et
620 731 761 796 dicamus
783 731 832 795 ei:
860 732 991 795 Douuiuc
1012 732 1166 815 rosupium
1179 735 1287 818 sactus

184 838 216 880 es
236 816 319 880 nobie
343 839 364 880 o
384 818 572 901 peroratione
597 827 625 881 ct
642 817 795 902 properio.
842 817 1045 881 Confidamus
1069 817 1102 880 in
1126 840 1207 896 eum,
1231 819 1286 903 qui

183 903 276 966 uobis
298 924 378 965 onus
400 902 562 988 imposuit.
607 903 700 984 Quod
720 925 779 987 per
800 924 858 967 nos
877 909 1006 987 portare
1024 924 1088 965 non
1109 925 1285 989 possumus,

165 995 167 998 ’
184 995 348 1074 portemus
362 988 529 1073 perillum,
546 988 600 1073 qui
616 995 666 1053 est
680 988 889 1071 omnipotens,
906 988 960 1072 qui
975 988 1062 1065 dicit,
1076 990 1194 1073 Jupum
1204 992 1286 1054 cuim

183 1095 282 1138 mcum
302 1096 393 1138 suone
413 1084 462 1149 cst,
485 1083 512 1138 et
532 1096 606 1137 onus
626 1096 724 1138 maura
745 1074 813 1138 mc.
860 1074 987 1138 Stemus
1007 1074 1041 1135 in
1061 1074 1170 1158 praelio
1185 1076 1219 1138 in
1234 1076 1285 1141 die

184 1159 323 1237 Domini,
352 1160 517 1246 ⁸qu0niam
546 1159 614 1223 dies
638 1182 680 1223 au
724 1160 795 1223 stiae
825 1164 859 1223 et
888 1158 1103 1223 tribulationis
1131 1169 1286 1226 venerunt

141 1258 280 1329 atsuper
301 1267 368 1309 nos.
414 1245 602 1322 Moriamur,
626 1245 652 1307 si
707 1267 763 1308 eus
777 1244 921 1321 voluerit,
942 1266 1000 1329 pro
1022 1246 1141 1309 sanctis
1162 1246 1285 1332 legibus

184 1338 314 1415 patrum
335 1337 527 1409 nostrorum,
550 1337 588 1395 ut
610 1330 835 1394 haereditatem
860 1352 931 1394 eum
955 1330 1014 1393 illis
1034 1337 1189 1395 aeternam
1211 1355 1284 1397 cou-

184 1416 274 1501 sequi
298 1438 485 1481 mereamur.
531 1417 604 1480 Non
627 1416 725 1479 simus
749 1438 843 1479 canes
869 1416 1046 1493 mutinen
1072 1416 1168 1480 simus
1192 1418 1284 1483 taciti

184 1504 408 1586 speculatores,
424 1524 489 1567 uon
511 1502 609 1566 simus
630 1502 816 1565 mercenarii
837 1502 946 1586 lupum
965 1501 1131 1587 fugientes,
1151 1504 1207 1567 sed
1228 1527 1284 1589 pa-

104 1607 169 1673 149
184 1594 287 1651 stores
308 1587 431 1665 soliciti,
455 1588 622 1673 vigilantes
648 1610 743 1672 super
768 1609 897 1673 gregem
920 1587 1048 1665 Christi,
1072 1589 1284 1673 praedicautes

184 1674 296 1759 majori
310 1696 348 1737 ac
362 1674 485 1748 minori,
502 1674 593 1738 diviti
607 1696 645 1737 ac
659 1674 791 1759 pauperi
807 1695 899 1736 omne
914 1673 1079 1737 consilium
1095 1674 1167 1751 Dei,
1184 1676 1282 1739 omui·
1296 1704 1299 1713 ·

183 1761 244 1823 bus
260 1760 412 1845 gradibus
426 1759 475 1823 uel
494 1759 655 1837 aetatibus,
670 1759 704 1822 in
719 1765 875 1845 quantum
894 1759 982 1822 Deus
1000 1760 1166 1824 donaverit
1180 1783 1283 1846 posse,

181 1856 345 1930 opportuna
358 1846 536 1929 inportune,
552 1868 590 1909 eo
608 1845 713 1924 modo,
729 1866 792 1929 quo
808 1850 936 1908 sanctus
952 1845 1128 1930 Gregorius
1149 1846 1182 1909 in
1202 1847 1285 1911 libro

184 1930 344 1995 Pastorali
359 1930 556 2014 conscripsit.

157 2033 173 2083 5
228 2018 257 2080 8.
286 2017 466 2080 tPraeterea
495 2038 558 2081 non
587 2023 680 2080 taceo
708 2016 861 2081 charitati
885 2024 1008 2094 vestrae,
1034 2016 1108 2101 quia
1137 2017 1283 2083 omnibus

182 2102 281 2166 servis
296 2102 365 2179 Dei,
382 2102 436 2187 qui
456 2102 506 2165 hic
521 2102 570 2167 vel
591 2101 624 2164 in
647 2101 813 2188 Scriptura
828 2102 875 2166 vel
897 2103 930 2165 in
952 2102 1067 2167 timore
1088 2103 1149 2167 Dei
1168 2106 1282 2189 proba

180 2187 296 2252 tissimi
318 2210 386 2251 esse
404 2187 561 2265 videntur,
580 2186 734 2271 displicet,
750 2187 836 2271 quod
855 2189 1004 2265 utonem,
1020 2196 1054 2253 et
1076 2189 1226 2254 honestas
1248 2198 1282 2255 et

181 2273 335 2358 pudicitia
349 2280 463 2337 vestrae
480 2273 639 2337 ¹occlesiae
653 2273 805 2337 illuditur.
847 2274 893 2337 Et
906 2274 1035 2359 aliquod
1050 2275 1283 2340 llevamentum

181 2358 389 2443 turpitudinis
411 2366 505 2436 esset,
530 2358 557 2422 si
577 2358 763 2443 prohiberet
785 2360 923 2443 synodus
947 2368 981 2424 et
1006 2360 1163 2445 principes
1185 2362 1282 2426 vestri

181 2444 364 2508 mulieribus
378 2450 413 2508 et
426 2444 538 2508 velatis
552 2444 691 2507 ioemiuis
712 2445 789 2508 illud
808 2446 884 2518 itur,
900 2452 934 2509 et
948 2446 1167 2530 frequentiam,
1184 2470 1280 2532 quam

141 2530 223 2596 10ad
246 2530 422 2595 Romanam
448 2529 610 2594 civitatem
630 2529 785 2594 veniendo
809 2537 844 2596 et
869 2531 1030 2596 redeundo
1052 2532 1182 2598 iaciunt.
1205 2533 1280 2619 quia

179 2638 297 2701 magua
311 2639 351 2679 ex
365 2623 458 2701 parte
472 2622 616 2701 pereunt,
631 2616 741 2700 paucis
755 2617 992 2681 remanentibus
1013 2618 1156 2704 integris.
1201 2619 1278 2683 Per-

178 2724 288 2802 paucae
303 2702 387 2765 enim
400 2708 476 2765 sunt
490 2701 684 2766 civitatesin
701 2703 934 2787 Langobardia
949 2703 998 2766 vel
1012 2703 1045 2766 in
1061 2704 1207 2783 Francia,
1219 2712 1278 2770 aut

178 2810 212 2850 ru
234 2786 350 2865 Gallia,
366 2788 399 2850 in
421 2809 485 2873 qua
505 2809 570 2850 non
592 2787 635 2851 sit
655 2788 802 2853 adultera
822 2788 870 2852 vel
891 2789 1044 2852 meretrix
1065 2790 1190 2874 generis
1209 2791 1277 2854 An-

199 2874 319 2937 lorum:
353 2873 438 2957 quod
461 2874 644 2937 scandalum
667 2881 725 2950 est,
750 2880 785 2937 et
813 2874 979 2958 turpitudo
1002 2875 1103 2938 totius
1129 2876 1276 2940 ecelesiae.

140 2896 237 3022 uile
256 2965 365 3023 autem
379 2959 433 3044 qui
455 2959 553 3023 laicus
574 2959 669 3023 homo
683 2960 732 3023 vel
753 2960 928 3044 imperator
941 2959 990 3024 vel
1011 2981 1077 3039 rex,
1094 2961 1143 3026 vel
1164 2961 1277 3047 aliquis
1317 2969 1324 2980 '

211 3162 344 3223 flpuiuSp.
410 3163 623 3225 tPrcptereuSp.
699 3162 912 3211 utonumetom.
925 3163 976 3211 CJ.
1049 3166 1183 3212 xecclcsioe
1191 3170 1278 3212 vestre

178 3226 219 3286 Sp.
230 3227 260 3274 G.
276 3228 392 3274 illuditur
402 3241 450 3274 om.
465 3227 515 3276 cl.
634 3229 827 3276 reclamatum
839 3227 889 3275 ΩΙ.

210 3406 250 3455 26.
261 3407 330 3468 altu]
344 3406 412 3454 xviii.
423 3421 460 3455 ιο.
789 3421 829 3468 32.
843 3408 913 3470 dicit]
930 3408 1019 3457 Matth.
1031 3408 1066 3456 xi.
1074 3421 1116 3468 30.

211 3485 250 3536 29.
263 3472 383 3533 Domine]
398 3472 437 3519 Ps.
449 3469 543 3518 lxxxix.
556 3486 577 3519 r.
789 3486 814 3532 3.
826 3474 969 3534 opportune]
984 3472 1153 3521 elimina.

210 3550 234 3598 9.
245 3537 309 3583 illud
321 3537 379 3597 iter]
400 3536 551 3584 Jamdudum
569 3551 623 3584 mos
639 3536 682 3585 ille
698 3537 802 3584 Romam
820 3537 925 3585 adeundi
941 3538 1006 3584 iuter
1022 3537 1115 3600 Anglos
1132 3535 1275 3585 invaluerat.

179 3600 252 3648 Cous.
266 3601 331 3648 Bad.
346 3601 412 3649 Hist.
424 3616 448 3648 r.
462 3610 484 3661 7.
802 3606 806 3612 ’

214 3679 250 3712 12.
261 3666 338 3712 celin
350 3664 471 3722 Francia,
482 3667 565 3712 autin
580 3665 674 3726 Gallia]
693 3665 822 3726 Tanquam
837 3665 862 3713 ia
875 3665 976 3713 diversis
992 3665 1139 3727 regionibus.
1174 3665 1276 3714 Utrum-

177 3743 224 3792 que
233 3744 322 3776 nomeu
333 3745 406 3777 sensu
415 3729 564 3791 sapertun,
572 3745 637 3776 nuuc
646 3730 728 3790 latins,
736 3744 802 3776 nunc
814 3730 929 3790 strictius,
937 3728 1063 3791 accipitur.
1089 3731 1161 3778 Bada
1171 3730 1276 3791 scripsit,

176 3796 310 3854 navigavit
325 3795 442 3855 Galliam,
452 3794 534 3856 ilique
544 3810 561 3842 a
576 3809 636 3854 rege
648 3795 803 3842 blancorum
814 3794 924 3842 Hloduic
940 3793 1075 3856 acceptus,
1088 3796 1133 3842 &a
1163 3795 1229 3841 Hist.
1239 3795 1276 3843 iii.

179 3871 190 3906 1
209 3893 217 3919 ‚
230 3866 346 3920 tanquam
358 3859 445 3906 Franci
456 3866 481 3906 et
492 3858 556 3905 Galli
568 3873 617 3905 uua
629 3866 694 3906 terra
705 3865 793 3906 essent.
821 3859 854 3906 Et
865 3871 949 3907 revera
960 3874 1015 3907 cum
1027 3859 1168 3906 Bouiiacius
1180 3859 1278 3920 scripsit

178 3873 266 3971 linaei
285 3937 383 3970 omnem
401 3923 508 3974 Galliam
528 3922 718 3984 Transalpinam
736 3923 883 3985 subegerant
899 3930 987 3985 prater
1003 3925 1172 3972 Armoricam:
1198 3937 1277 3986 neque

176 4001 233 4035 rara
250 3996 289 4034 est
308 3986 401 4035 mendo
419 3988 546 4035 Gallorum
566 3987 641 4035 simul
660 4002 715 4035 cum
733 3987 826 4035 ditione
837 3988 1004 4045 Francorum3
1024 3988 1230 4049 quemadmodum
1249 3988 1276 4035 iu

176 4051 338 4102 Testamenta
354 4067 374 4100 s.
386 4051 492 4113 Remigii
509 4051 670 4100 nominantur
686 4053 818 4114 coepiscopi
838 4053 986 4111 cumanus,
1003 4053 1099 4111 Gallie,
1117 4058 1192 4114 atque
1203 4053 1276 4100 Neu·

175 4119 252 4178 sima,
273 4130 322 4163 aua
339 4131 396 4164 cum
413 4117 513 4178 regibus
530 4117 686 4164 Francorum
703 4123 729 4164 et
747 4116 798 4164 illis
815 4131 875 4179 quos
892 4117 959 4177 dicit,
970 4119 1042 4180 filice
1057 4132 1121 4164 meos
1138 4119 1276 4164 carissimos

177 4181 293 4228 Francia
302 4181 434 4240 religiosos.
468 4180 594 4228 Flodoard.
612 4181 677 4228 Hist.
689 4181 705 4227 i.
717 4195 741 4242 p.
753 4196 794 4243 53.
806 4194 855 4243 543
871 4188 897 4229 et
907 4183 1038 4230 Zacharias
1054 4195 1118 4244 papa
1133 4180 1231 4242 scripsit
1241 4182 1277 4229 cul

176 4245 287 4293 Francos
298 4252 322 4292 et
333 4246 423 4293 Getlm
457 4245 504 4293 Sed
515 4245 623 4305 epistola
635 4245 752 4306 Stephani
762 4261 831 4307 papa
843 4247 873 4294 ad
884 4247 1033 4294 Francorum
1045 4247 1166 4308 principes
1181 4246 1275 4306 (Mans.

175 4324 199 4371 p.
208 4311 264 4369 380.
274 4307 331 4375 690.
342 4311 400 4372 irc.)
415 4310 475 4357 nibil
487 4309 577 4358 habeut
587 4311 618 4358 de
629 4310 715 4358 Gallis.
749 4311 852 4358 Francia
864 4311 961 4372 proprie
972 4311 1037 4360 dicta
1049 4318 1087 4359 est
1097 4327 1126 4358 ea
1137 4309 1276 4372 provincia-

174 4381 215 4422 tos
225 4374 294 4435 cujus
305 4388 394 4422 nomen
407 4374 492 4422 insuta
500 4373 634 4430 Francicus,
644 4382 669 4423 et
680 4376 822 4436 metropolis
832 4375 928 4424 Parisii.
963 4373 1275 4437 EadmerusBurgundiam

173 4453 188 4485 a
201 4440 304 4486 Francis
314 4438 427 4493 exclusit,
437 4453 493 4487 cum
503 4438 610 4500 scripsit,
620 4441 725 4487 transitu
731 4441 842 4487 Francia
850 4440 1030 4502 Burginatium
1039 4443 1199 4501 intravimus,
1208 4440 1273 4488 Hiat.

174 4503 240 4552 Nor.
251 4503 278 4551 ii.
290 4519 313 4565 p.
322 4516 364 4566 49.
398 4504 472 4552 Plura
484 4504 535 4551 vid.
547 4503 573 4551 in
583 4505 697 4567 Ducaag.
708 4505 735 4552 in
747 4504 866 4554 Francia.
