3100 5125
367 339 371 343 ’
497 344 663 413 eunus
685 319 960 412 Anenounu.
1221 351 1286 423 ree

142 517 176 569 ³5
187 496 270 574 dam,
287 495 351 560 ⁸nil
364 497 552 561 omnimodis
566 497 627 563 sibi
640 519 824 574 reservans3
851 498 907 562 sed
920 521 1043 585 pauper
1056 497 1170 585 spiritu
1184 502 1286 589 magis

185 589 318 668 propter
332 605 466 668 regnum
480 583 628 648 oaelorum
642 604 771 648 manere
786 583 978 649 desiderans.
1103 635 1105 640 .

230 668 376 750 Quicum
389 669 626 755 ingravescente
641 670 776 754 praefata
790 670 988 756 aegritudine,
1000 671 1085 736 diem
1099 671 1164 736 sibi
1173 671 1286 738 mortis

185 753 348 819 imminere
363 754 543 833 baensisset
558 755 671 820 timere
692 755 790 841 eoepit
811 755 906 820 homo
928 756 1025 820 animi
1046 757 1169 858 regalis,
1185 780 1225 824 ne
1242 759 1286 824 ad

186 846 323 904 mortem
337 841 464 906 veniens
481 847 575 905 tanto
596 842 740 906 adfeotus
761 841 879 919 dolore,
895 841 1013 926 aliquid
1034 843 1199 929 indignum
1219 866 1285 910 suae

186 947 340 1011 personae,
355 927 405 992 vel
419 948 474 991 ore
487 927 645 1012 prolemet
658 926 707 991 vel
720 927 855 991 aliorum
874 934 964 991 motu
985 936 1111 1013 gereret
1129 931 1285 995 membro-

188 1032 268 1077 rum.
308 1012 405 1076 Unde
419 1013 524 1077 aeeito
538 1013 581 1077 ad
595 1035 630 1076 se
644 1013 779 1098 praelato
794 1011 882 1077 urbis
895 1013 1069 1078 Luudoniae
1085 1014 1193 1100 inqua
1207 1021 1285 1080 tuno

145 1122 180 1169 40
188 1096 255 1181 ipse
272 1100 432 1176 manebat,
447 1098 603 1184 episeopo,
619 1098 748 1185 rogavit
769 1120 810 1162 ne
831 1098 937 1182 plures
958 1120 997 1162 eo
1018 1100 1172 1164 moriente
1188 1124 1285 1186 quam
1397 1129 1399 1132 ·

188 1182 255 1267 ipse
269 1184 433 1270 episeopus
447 1191 482 1248 et
497 1185 560 1248 duo
575 1185 624 1248 sui
637 1183 774 1248 ministri
792 1185 950 1248 adessent.
1002 1185 1096 1266 Quod
1109 1187 1205 1249 cdum
1220 1187 1284 1273 epi-

186 1269 999 1441 611ῖέξὶΨὲΐὲἙθῗὲᾚρέξοῈῗὲῖζξέ1
1014 1273 1283 1422 ”tblltllm

186 1406 439 1520 consolandam,
455 1464 525 1527 quae
541 1464 664 1506 omnem
680 1441 710 1506 ei
727 1441 923 1506 anxietatem
942 1405 1125 1507 memorata
1146 1443 1283 1508 solioituss

186 1525 269 1589 dinis
290 1529 448 1603 auferret3
476 1527 606 1614 insuper
626 1535 660 1593 et
682 1549 745 1613 qua
767 1527 818 1592 die
843 1533 927 1592 esset
950 1527 1032 1592 bano
1054 1528 1154 1593 vitam
1174 1529 1283 1594 ternri·

143 1635 175 1685 45
185 1619 329 1692 naturus,
345 1615 537 1679 ostenderet.
582 1614 677 1678 Vidit
691 1613 783 1690 enim,
800 1620 837 1678 ut
851 1619 926 1712 post
947 1613 1014 1699 ipse
1033 1615 1200 1692 referebat,
1215 1621 1283 1679 tres

185 1698 228 1762 ad
246 1719 280 1762 se
294 1699 415 1764 venisse
429 1700 514 1764 viros
535 1701 620 1765 elaro
642 1700 770 1765 indutos
792 1699 924 1773 habitu3
949 1721 1083 1783 quorum
1104 1722 1185 1764 unus
1207 1700 1283 1764 resi·

186 1784 264 1848 dens
278 1793 354 1850 ante
368 1786 518 1850 leetulum
532 1787 611 1871 ejus,
626 1786 787 1851 stantibus
809 1784 858 1848 his
873 1784 927 1868 qui
949 1806 1056 1849 seeum
1069 1785 1283 1850 dadveuerant

106 1885 172 1952 154
185 1870 363 1949 comitibus,
378 1880 412 1937 et
426 1872 696 1958 interrogantibus
716 1873 755 1936 de
777 1877 866 1934 statu
884 1871 951 1955 ejus
966 1893 1060 1955 quem
1081 1871 1283 1956 languentem

184 1955 313 2021 visitare
328 1966 507 2033 evenerant,
524 1958 606 2022 dixit
620 1958 705 2043 quod
726 1955 833 2022 anima
855 1956 931 2040 ejus,
948 1963 981 2020 et
1003 1956 1069 2020 sine
1085 1957 1147 2020 ullo
1162 1957 1279 2035 dolore,

184 2047 218 2106 et
232 2064 305 2106 oum
318 2064 434 2130 magno
448 2043 527 2107 lueis
541 2045 707 2129 splendore
719 2049 804 2108 esset
818 2064 983 2128 egressura
999 2043 1038 2107 de
1053 2063 1202 2142 eorporo:
1225 2043 1281 2107 sed

184 2133 218 2192 et
228 2128 360 2193 tertium
375 2130 489 2193 exinde
504 2129 661 2214 diemque
676 2135 760 2194 esset
774 2127 948 2192 moriturus
962 2127 1144 2193 insinuaut.
1188 2127 1282 2208 Quod

183 2211 231 2276 ita
252 2220 423 2299 utrumque
444 2220 481 2280 ut
503 2238 543 2280 ex
558 2215 675 2280 visione
690 2214 802 2278 didioit
820 2215 1011 2298 completum
1026 2220 1086 2278 est.
1131 2213 1215 2278 Nam
1229 2214 1280 2278 die

157 2298 297 2369 sdehino
311 2301 409 2365 tertio
423 2301 580 2387 completa
601 2301 681 2365 hora
700 2322 794 2378 nona,
811 2299 916 2364 subito
931 2297 1022 2384 quasi
1041 2300 1152 2365 leviter
1166 2300 1280 2364 obdor-

181 2384 291 2462 miens,
307 2386 374 2450 sine
389 2387 453 2450 ullo
467 2409 560 2451 sensu
576 2386 693 2451 doloris
708 2386 813 2450 emisit
828 2385 985 2470 spiritum.

224 2469 325 2556 Cujus
346 2473 470 2558 eorpori
492 2472 678 2537 tumulando
701 2480 960 2558 praeparaverant
982 2471 1180 2556 sarcofagum
1200 2470 1279 2558 lapi·
1289 2490 1436 2541 miraculum

180 2556 292 2621 deum:
317 2559 374 2623 sed
388 2581 460 2623 eum
479 2558 553 2623 huie
575 2581 690 2658 eorpus
710 2557 871 2644 imponere
896 2557 1074 2644 coepissent,
1091 2555 1279 2624 invenerunt
1287 2556 1312 2604 ³¹¹
1327 2572 1408 2607 sarco.

179 2643 241 2707 hoe
265 2667 413 2709 mensura
437 2644 533 2730 palmi
558 2646 682 2730 longius
707 2666 776 2710 esse
801 2643 976 2729 saroolago.
1022 2643 1176 2707 Dolautes
1202 2623 1374 2731 ergolhlffi·

178 2728 318 2815 lapidem
331 2730 364 2793 in
376 2738 530 2815 quantum
541 2731 699 2806 valebant,
708 2730 902 2795 addiderunt
915 2728 1105 2814 longitudini
1120 2730 1277 2816 sarcofagi

180 2816 271 2899 quasi
285 2817 420 2880 duorum
436 2838 617 2881 mensnram
631 2816 812 2902 digitorum.
858 2814 922 2879 Sed
937 2836 993 2877 neo
1008 2814 1052 2877 sie
1067 2813 1194 2898 quidem
1209 2838 1278 2879 eor·

140 2922 240 2986 sopus
254 2901 413 2987 capiebat.
457 2903 553 2967 Unde
573 2903 660 2967 faeta
681 2901 868 2967 difficultate
891 2899 1077 2976 tumulandi,
1092 2900 1278 2985 eogitabaut

178 2993 238 3051 aut
252 2988 351 3051 faliud
366 3010 506 3073 quaerere
527 2988 671 3065 looulum,
690 2994 748 3051 aut
769 2988 874 3072 ipsum
893 3008 1017 3071 eorpus,
1036 2985 1062 3049 si
1084 2992 1223 3070 possent,
1243 2986 1277 3050 in

177 3072 311 3157 genibus
326 3074 516 3139 inflectendo
530 3074 683 3151 breviare,
693 3073 793 3137 donee
808 3071 877 3158 ipso
892 3072 993 3136 looulo
1008 3078 1183 3157 oaperetur.
1211 3072 1276 3136 Sed

177 3158 260 3223 mira
284 3181 344 3236 res,
367 3167 402 3224 et
426 3182 491 3223 non
516 3160 577 3223 nisi
602 3159 724 3225 oaelitus
746 3159 842 3235 faeta,
866 3179 906 3221 ne
927 3156 1047 3241 aliquid
1071 3158 1185 3221 horum
1206 3158 1275 3222 fieri

177 3243 318 3323 deberet,
342 3244 514 3330 probibuit.
559 3244 644 3310 Nam
669 3243 775 3308 subito
801 3244 952 3308 adstante
975 3242 1131 3329 episeopo,
1156 3249 1190 3307 et
1210 3243 1275 3307 filio

177 3328 1415 3502 §tumulattuzssnllrblulutluunlunlau

138 3507 227 3575 15eet
241 3502 439 3587 sarcofagum
456 3502 533 3565 illud
550 3523 698 3587 oougruae
720 3500 927 3587 longitudinis
946 3501 989 3565 ed
1010 3521 1190 3564 mensuram
1206 3477 1335 3565 eor-‘¹²¹⁸'

72 3646 77 3651 .
176 3587 271 3671 poris,
287 3588 368 3651 adeo
383 3594 420 3652 ut
434 3611 454 3651 a
468 3593 560 3673 parte
575 3587 689 3674 eapitis
703 3586 800 3651 etiam
815 3586 947 3650 eervioal
968 3591 1076 3670 posset
1093 3584 1271 3672 interponi3

175 3693 197 3734 a
213 3679 305 3757 parte
321 3695 395 3737 vero
409 3674 535 3759 pedum,
550 3695 699 3737 mensura
713 3679 852 3757 quatuor
866 3670 1039 3772 digitorum
1057 3670 1091 3734 in
1109 3672 1274 3756 sarcofago

175 3778 290 3843 eorpus
307 3760 484 3823 exoederet.
529 3758 684 3824 Conditus
705 3765 756 3837 est
776 3764 885 3823 autem
907 3780 940 3820 m
962 3755 1093 3821 eeclesia
1114 3756 1200 3820 beati
1219 3757 1274 3819 do-

174 3844 273 3931 oteris
295 3844 447 3930 gentium,
469 3845 559 3929 eujus
580 3847 712 3910 edoctus
733 3842 863 3908 monitis
885 3842 1023 3908 eoelestia
1044 3863 1173 3927 sperare
1196 3840 1274 3905 didi-

171 3936 272 3995 oerat.

202 4101 293 4147 ‘nibil
302 4100 333 4148 V.
430 4099 566 4149 lamet
576 4102 704 4149 &eminere
715 4100 745 4148 V.
832 4107 911 4147 eeren
923 4099 952 4147 V.
1047 4097 1228 4148 ladvmerunt
1239 4096 1273 4147 V.

170 4170 319 4212 ‘ommni
330 4164 359 4212 V.
426 4164 525 4213 ‘caiam
537 4166 567 4214 V.
633 4167 775 4213 ‘monacho
787 4163 818 4211 V.

207 4313 245 4365 17.
257 4304 362 4352 doctoris
371 4304 496 4365 gentium]
518 4304 676 4366 Sepulchrum
689 4319 709 4351 r.
719 4304 805 4352 Sebbae
816 4302 850 4353 ibi
861 4304 940 4353 vinnm
953 4302 1027 4352 fnisse
1039 4303 1144 4353 traditur
1156 4304 1272 4367 usquead

173 4382 288 4429 mquam
300 4368 408 4418 eeclesiae
419 4369 638 4432 conflagrationem
650 4385 672 4417 a.
685 4367 755 4419 1666.
772 4368 797 4418 S.
