3100 5125
86 319 197 388 -17.
506 305 670 372 GENTIS
692 307 965 374 ANGLORUM.
1218 309 1281 372 143

179 457 320 542 ampulla
342 457 430 522 misit
453 458 494 522 de
515 459 585 523 oleo
607 459 640 522 in
662 466 806 544 pontum,
829 468 863 525 et
886 459 1008 537 statim,
1029 464 1068 523 ut
1091 458 1282 544 praedictum

180 549 261 618 erat,
278 565 335 606 suo
350 543 470 627 quievit
484 567 504 608 a
518 544 649 609 fervore.
695 545 810 629 Sicque
824 547 945 610 factum
959 552 1017 626 est,
1029 551 1067 608 ut
1081 545 1130 608 vir
1144 545 1206 609 Dei
1225 545 1281 610 ltet

179 650 238 711 per
258 628 435 713 prophetiae
458 629 606 714 spiritum
626 636 852 716 tempestatem
874 630 1059 716 praedixerit
1077 632 1227 708 futuram,
1247 640 1281 695 et

179 734 238 798 per
255 714 406 778 virtutem
424 716 565 800 ejusdem
581 715 721 801 spiritus,
736 716 820 781 hanc
837 723 992 793 exortam,
1008 717 1151 799 quamvis
1170 738 1280 800 corpo-

180 799 292 863 raliter
305 801 429 878 absens,
446 801 606 886 sopiverit.
640 801 737 885 Oujus
752 803 896 866 ordinem
909 800 1053 866 miraculi
1068 823 1132 865 nou
1147 801 1280 885 quilibet

139 883 295 947 2sdubius
318 886 446 964 relator,
472 887 528 950 sed
554 884 767 950 lfidelissimus
791 887 869 950 mihi
892 895 1009 950 nostrae
1034 885 1173 950 ecclesiae
1194 909 1280 971 pres-

180 970 282 1052 byter,
313 970 493 1054 Oynimund
521 973 683 1047 vocabulo,
715 974 866 1051 narravit,
897 972 951 1058 qui
986 993 1020 1034 se
1048 971 1108 1034 hoc
1140 973 1181 1035 ab
1211 973 1280 1057 ipso

181 1053 476 1204 Uttlplprlpsbytero,
492 1057 525 1121 in
545 1079 608 1142 quo
627 1065 661 1122 et
682 1079 740 1142 per
754 1080 848 1141 quem
870 1058 1062 1143 completum
1080 1062 1139 1136 est,
1155 1059 1281 1122 audisse

179 1161 237 1224 per
260 1140 270 1202 i
293 1163 311 1204 e
333 1148 378 1205 at.

611 1244 720 1309 OAP.
748 1245 848 1308 XVI.

238 1347 276 1404 Ut
290 1349 360 1403 idem
373 1349 509 1405 admotum
523 1350 557 1405 ab
571 1349 692 1406 hostibus
706 1351 767 1407 urbi
780 1351 862 1425 repta
875 1351 962 1424 iguem
975 1351 1076 1406 orando
1089 1351 1228 1407 moverit.

228 1442 329 1504 Anum
351 1442 492 1525 ejusdem
514 1442 615 1528 patris
633 1443 837 1508 memorabile
857 1442 1044 1506 miraculum
1058 1442 1165 1506 ferunt
1187 1442 1279 1506 multi
1292 1463 1311 1496 ²·
1326 1449 1356 1526 tq
1367 1449 1406 1496 in-

136 1527 234 1610 toqui
256 1549 348 1591 nosse
370 1533 552 1612 potuerunt.
598 1529 713 1592 mNam
733 1536 876 1613 tempore
896 1528 1096 1613 episcopatus
1114 1529 1191 1612 ejus,
1207 1514 1443 1626 hos-{fflffrssgb'

179 1611 244 1675 tilis
270 1613 464 1676 Marciorum
494 1613 660 1691 exercitus,
685 1614 799 1678 Peuda
827 1614 916 1688 duce,
941 1612 1278 1696 Nordanhymbrorum
1381 1594 1422 1640 g.

179 1697 567 1869 ttltfflttlttldt
586 1699 679 1868 ilie
695 1697 1207 1868 ptqpbpqqffiffl
1225 1701 1279 1848 ld

568 1834 576 1863 l

180 1869 292 1931 cabulo
325 1870 577 1953 cognominatur,
613 1883 767 1953 neamque
802 1869 877 1954 quia
909 1891 1011 1953 neque
1039 1868 1145 1944 armis,
1176 1892 1277 1953 neque

180 1954 343 2018 obsidione
359 1977 471 2054 capere
485 1962 623 2040 poterat,
638 1955 774 2018 flammis
796 1956 963 2018 absumere
984 1960 1118 2018 conatus
1138 1961 1206 2017 est:
1232 1955 1277 2017 di-

180 2039 345 2123 scissisque
362 2040 491 2104 ⁰viculis
507 2063 585 2124 quos
607 2041 640 2103 in
660 2040 774 2104 vicinia
796 2040 883 2103 urbis
906 2040 1035 2117 invenit,
1052 2039 1202 2103 eedvexit
1224 2040 1278 2102 illo

137 2145 169 2192 35
179 2124 347 2209 plurimam
372 2126 551 2211 congeriem
576 2125 725 2203 trabium,
748 2125 920 2224 tignorum,
942 2126 1110 2210 parietum,
1133 2124 1277 2210 qvirgeo-

180 2232 259 2285 rum,
277 2217 310 2274 et
324 2211 402 2274 tecti
417 2211 509 2288 fenei,
525 2218 559 2275 et
578 2210 628 2275 his
647 2212 759 2275 urbem
778 2221 820 2274 m'
831 2234 948 2295 magna
962 2210 1133 2274 altitudine
1148 2210 1279 2291 circum7

180 2295 277 2373 dedit,
309 2319 328 2360 a
358 2304 450 2380 parte
476 2310 561 2381 rquae
586 2303 680 2361 terrae
705 2303 755 2360 est
780 2297 948 2382 contigua:
984 2303 1018 2360 et
1047 2297 1123 2359 dum
1148 2303 1278 2359 ventum

179 2388 394 2465 opportunum
409 2389 561 2458 cerneret,
577 2382 677 2446 inlato
691 2383 764 2468 igue
778 2383 963 2445 comburere
979 2383 1090 2445 urbem
1111 2382 1198 2444 nisus
1218 2389 1276 2444 est.

180 2465 250 2546 Quo
266 2473 408 2552 tempore
428 2467 700 2531 reverentissimus
720 2467 856 2531 antistes
871 2467 978 2530 Aidan
994 2467 1144 2529 ininsula
1160 2466 1275 2544 Fame,

181 2575 251 2635 quae
275 2552 399 2617 duobus
421 2554 533 2617 sterme
555 2552 691 2617 millibus
713 2576 864 2638 passuum
885 2554 926 2617 ab
949 2554 1027 2617 urbe
1046 2552 1156 2652 procul
1174 2553 1275 2630 abest,

180 2639 376 2702 morabatur.
422 2638 481 2702 lflo
502 2639 586 2703 euim
612 2640 726 2724 saepius
752 2646 896 2702 tseoretae
923 2639 1076 2702 oratioms
1102 2644 1136 2700 et
1160 2637 1277 2701 silentii

136 2737 276 2792 sooausa
291 2724 437 2789 secedere
453 2732 629 2789 consuerat.
675 2724 820 2809 Denique
837 2746 937 2809 usque
956 2724 1051 2787 hodie
1069 2724 1173 2786 locum
1192 2723 1277 2786 sedis

180 2808 261 2872 illius
285 2810 434 2873 solitariae
458 2810 491 2873 in
516 2810 628 2873 eadem
651 2810 753 2873 insula
775 2811 878 2873 solent
899 2810 1076 2873 ostendere.
1122 2808 1277 2887 Quicum

179 2894 281 2958 ventis
300 2894 505 2958 uferentibus·
517 2895 628 2979 globos
650 2895 731 2981 ignis
752 2918 791 2959 ac
808 2897 929 2959 fumum
948 2916 1045 2979 supra
1064 2915 1171 2956 muros
1190 2893 1278 2955 urbis

180 2980 337 3043 ¹exaltari
353 2981 557 3064 conspiceret,
573 2982 675 3044 fertur
686 2981 816 3044 elevatis
830 2980 874 3045 ad
888 2980 999 3043 caelum
1009 2980 1107 3043 oculis
1119 2979 1277 3041 manibus-

180 3085 250 3148 que,
273 3088 345 3129 cum
366 3066 511 3151 lacrymis
534 3066 671 3129 dixisse:
702 3067 788 3142 Vide,
804 3067 942 3143 Daciae,
961 3076 1076 3149 quauta
1096 3065 1181 3127 molo
1194 3064 1279 3147 fucit

179 3151 302 3213 Peudc.
348 3150 418 3231 Quo
439 3150 533 3228 dicto,
550 3151 660 3215 statim
682 3152 799 3215 mutati
821 3152 862 3215 ab
882 3152 961 3214 urbe
979 3151 1075 3227 venti,
1096 3150 1129 3212 in
1151 3148 1279 3234 eosqui

135 3250 170 3299 45
179 3236 398 3313 accenderant,
414 3236 613 3299 flammarum
635 3236 780 3300 inoendia
801 3243 1009 3313 retorsertmt,
1028 3236 1076 3300 ite
1098 3242 1136 3299 ut
1156 3234 1279 3317 aliquot

179 3320 256 3397 laesi,
279 3342 388 3384 omnes
409 3320 525 3397 territi,
548 3320 732 3407 impugnare
755 3322 842 3386 ultra
863 3323 975 3385 urbem
999 3327 1160 3385 cessarent
1184 3342 1279 3404 quam

180 3405 331 3470 divinitus
345 3420 360 3466 t
362 3407 466 3491 juvari
481 3414 703 3492 cognoverant.

99 3568 166 3615 120
601 3532 709 3597 cnr.
740 3525 867 3596 xvn?

185 3638 222 3694 Ut
236 3646 350 3713 opposta
368 3638 487 3694 ecclesia
505 3638 549 3694 cui
569 3638 638 3695 idem
657 3639 813 3694 accumbens
832 3638 944 3702 obierat,
958 3638 1069 3693 ardente
1082 3644 1179 3693 cetera
1192 3636 1279 3703 dorna

329 3719 448 3793 flammis
461 3718 564 3774 absumi
577 3720 743 3793 nequiuerit;
764 3727 791 3773 et
805 3720 838 3774 de
851 3719 957 3775 iuterna
969 3720 1028 3774 vita
1041 3718 1126 3790 ¹ejus.

225 3810 322 3873 Hunc
343 3833 416 3874 cum
434 3811 502 3875 dies
516 3811 629 3875 mortis
649 3810 755 3897 egredi
773 3832 791 3873 e
811 3833 942 3895 corpore
962 3816 1099 3895 cogeret,
1115 3810 1310 3957 completis3.
1321 3829 1350 3877 tn
1362 3844 1403 3890 ap

156 3895 272 3973 5anuis
287 3896 487 3981 episcopatus
502 3896 550 3959 sui
565 3897 751 3973 *sexdecim
767 3904 839 3960 erat
860 3896 893 3959 in
907 3896 980 3959 villa
994 3895 1090 3981 regia,
1107 3916 1171 3957 non
1197 3916 1277 3979 onge
1286 3901 1364 3955 poem

213 4030 229 4069 k
242 4032 291 4077 Dei
298 4030 375 4091 perv.
474 4028 481 4061 ¹
486 4032 623 4089 fidissimae
634 4032 663 4079 V.
762 4042 786 4069 m
799 4032 870 4078 Nam
881 4046 937 4078 eum
949 4038 1056 4093 ternpore
1068 4031 1097 4078 V.
1187 4042 1203 4071 n
1212 4046 1277 4090 cum,

181 4108 255 4155 quum
268 4094 298 4141 V.
397 4104 411 4135 0
423 4094 591 4157 vinculisque
603 4096 633 4143 V.
742 4105 755 4137 Ρ
765 4096 873 4142 adduxit
885 4097 915 4143 V.
1034 4106 1046 4137 t
1059 4097 1203 4155 virgearum
1214 4098 1278 4141 alta-

180 4172 287 4219 rumque
295 4173 381 4206 rerum
392 4166 417 4206 et
427 4159 466 4205 tie
478 4159 507 4205 V.
519 4166 554 4215 et,
568 4159 614 4207 uisi
624 4159 689 4221 quod
699 4162 851 4219 virgeorum,
864 4159 894 4206 G.
961 4169 1031 4221 *qun
1042 4160 1072 4206 V.
1161 4169 1172 4198 ε
1179 4158 1239 4220 sere
1247 4159 1278 4205 V.

180 4224 295 4269 tremere
306 4222 334 4269 V.
467 4233 482 4261 u
489 4222 635 4284 furentibus
646 4223 675 4270 V.
809 4234 824 4263 ¹
836 4226 955 4271 exhalare
966 4224 996 4270 V.
1114 4232 1130 4269 7
1141 4225 1237 4270 rerum
1248 4222 1278 4272 V.

182 4295 195 4324 2
207 4288 274 4333 iltius
285 4286 315 4334 V.
447 4296 462 4326 ⁸
472 4288 642 4348 septemdecim
654 4288 683 4333 V.

215 4398 237 4432 2.
245 4384 519 4447 apporta-destiuu-]
530 4386 663 4447 Appostum
673 4387 723 4433 rive
729 4386 852 4434 destinam
861 4388 968 4434 celebrat
975 4386 1047 4434 Beda
1057 4387 1152 4433 maban
1161 4387 1279 4447 ligurum,

180 4463 240 4510 qua,
253 4456 282 4497 ut
286 4450 381 4511 futoro,
393 4465 468 4498 ruera
479 4451 541 4497 eder
551 4465 582 4498 er
595 4452 671 4510 lignis
677 4450 834 4513 fabrefacta,
845 4466 864 4499 a
870 4458 946 4513 parte
961 4451 1094 4498 occidentis
1104 4451 1278 4498 sustinebatur.
