3100 5125
475 351 640 416 GENTIS
663 351 936 416 ANGLORUM.
1194 347 1255 416 tsi

161 498 264 598 ragit,
288 499 392 564 altera
405 500 584 577 Aldhelmo,
600 501 651 566 cui
673 501 766 568 anuis
781 509 918 586 quatuor
939 492 1156 567 strenuissime
1178 519 1386 588 praeeardhelm.

160 584 242 659 lmi3
266 586 361 648 ambo
375 592 409 649 et
423 584 456 649 in
470 588 565 650 rebus
579 586 810 664 ecclesiasticis,
827 595 860 651 et
877 587 910 650 in
932 588 1064 652 scientia
1079 588 1257 672 Scriptura
1289 628 1295 633 -

161 692 234 734 rum
248 670 440 735 sufficienter
455 671 613 736 instructi.
658 673 804 756 Denique
819 673 977 750 Aldhelm‚
994 693 1066 736 oum
1087 673 1191 738 adhue
1211 695 1258 736 es

163 762 215 819 set
227 757 404 840 presbyter,
419 765 453 822 et
467 759 568 822 abbas
582 757 766 823 monasterii
782 759 867 842 quod
882 759 1031 843 Mailclnfi
1044 758 1147 824 orbem
1161 773 1258 821 anun·
1269 763 1381 821 Marruuii

123 847 291 927 rooupani,
306 841 442 926 scripsit,
454 844 588 927 jubente
609 844 731 928 syuodo
753 865 819 908 suae
840 845 953 930 gentis,
969 845 1085 908 librum
1099 838 1334 930 egregiumrrbo

162 927 314 992 adversus
328 949 469 992 errorem
484 929 677 1007 Brittonum,
692 951 755 1014 quo
770 930 819 994 vel
833 930 953 1014 pasche
968 953 1030 996 uon
1046 952 1103 994 suo
1118 937 1261 1014 tempore

162 1012 334 1089 celebrant,
350 1013 398 1076 vel
412 1013 475 1078 alia
488 1015 638 1100 perplura
651 1015 872 1080 ecclesiastica
887 1015 1029 1082 castitati
1049 1023 1083 1079 et
1104 1016 1175 1100 paci
1189 1037 1262 1078 eeu=

598 1180 612 1206 α
624 1170 754 1215 nominant
767 1167 828 1214 V.G.

163 1321 239 1426 propo
251 1305 373 1424 lltgrtiierc,
385 1312 537 1374 mamma
547 1312 652 1374 septima
662 1313 708 1374 ipsi
722 1312 859 1362 bonifacio.
884 1304 1001 1362 Biblioth.
1014 1306 1078 1363 Patr.
1091 1314 1142 1362 iilis
1157 1318 1194 1375 71.
1208 1321 1262 1376 145.

182 1393 206 1426 ²·
215 1391 264 1440 9&
293 1409 300 1424 ·
413 1434 416 1438 1

197 1443 230 1491 ib.
241 1442 381 1503 Aldlclmo]
408 1441 531 1491 Kenterus
542 1442 606 1504 regis
618 1443 671 1488 lure
687 1442 883 1504 consanguineus
900 1442 947 1490 fuit
962 1440 999 1490 illi
1015 1450 1092 1504 pater.
1126 1441 1261 1492 Adriauum

164 1505 277 1554 abbatem
290 1504 485 1568 Maildufumquc
496 1505 580 1553 babuit
597 1521 658 1566 puer
676 1507 813 1568 magistros.
848 1507 930 1554 Primo
944 1507 1055 1560 Melduui
1066 1508 1210 1562 monachus,
1222 1509 1263 1554 des

163 1571 222 1618 inde
239 1571 264 1617 in
283 1569 468 1617 Meidunensem
485 1569 597 1618 abbatem
614 1573 709 1618 erectus
726 1585 764 1618 au.
779 1569 824 1632 675
838 1587 852 1617 a
867 1571 995 1619 Leutberio
1006 1573 1127 1634 episcopo,
1140 1579 1262 1618 monastea

164 1636 230 1684 riom
242 1647 312 1682 suum
323 1635 388 1696 qood
401 1635 537 1682 Maildutus
549 1635 715 1695 inchoaverat,
726 1635 796 1682 auxit
813 1643 838 1682 et
852 1636 986 1695 ampliavit,
999 1641 1024 1684 et
1038 1636 1062 1682 iu
1077 1651 1107 1684 eo
1121 1641 1170 1684 tres
1187 1635 1263 1684 eccle

165 1700 222 1758 sias,
240 1712 314 1746 uuam
329 1715 348 1746 s.
361 1700 440 1759 retro,
457 1698 558 1746 alteram
577 1700 599 1746 b.
615 1701 711 1757 Marire,
727 1701 823 1748 tertiam
842 1716 861 1747 s.
879 1699 993 1748 Michaeli
1011 1701 1153 1756 construxit
1197 1701 1263 1750 loca

164 1764 236 1826 plura
248 1757 284 1810 illi
293 1763 351 1812 data
363 1770 420 1810 sunt
431 1763 530 1824 ejusque
538 1764 649 1811 coenobio
661 1781 674 1810 a
686 1765 785 1825 regibus
794 1765 970 1824 comitibusque
981 1765 1128 1826 Marciorum
1141 1773 1165 1812 et
1173 1765 1263 1812 Uuesb

166 1826 303 1880 Saxonum.
314 1828 362 1876 tin.
374 1844 389 1875 a
401 1829 490 1875 comite
502 1821 631 1876 Kent‘ritbo
647 1843 675 1876 ιο
686 1836 808 1892 cassatos;
830 1845 844 1874 a
860 1843 916 1890 rege
930 1829 1059 1876 Ethelredo
1070 1834 1101 1890 45
1115 1837 1231 1887 cassatos,
1250 1845 1264 1877 s

166 1891 316 1942 liertboaldo
327 1893 456 1954 mbregulo
466 1907 500 1949 4ο
510 1901 626 1952 cassatos,
636 1892 781 1941 aCaedualla
795 1901 850 1954 rege
864 1906 910 1952 ¹40
923 1894 1056 1952 manentes,
1066 1894 1207 1950 alialdredo
1219 1907 1265 1942 roo

166 1966 294 2006 manentes
305 1958 358 2006 rice
371 1970 418 2004 roo
428 1965 590 2014 cassamrurn,
608 1958 638 2004 ab
656 1959 701 2006 loa
718 1971 774 2019 rege
791 1965 821 2018 45
840 1963 955 2006 caismos.
988 1959 1105 2006 Condidit
1115 1967 1211 2021 qnoque
1227 1959 1265 2006 hic

166 2021 305 2071 coenobium
314 2022 385 2082 juxta
397 2014 421 2068 n.
435 2021 515 2075 From,
529 2021 570 2069 ubi
582 2037 601 2068 s.
613 2016 723 2069 iohanni
740 2021 868 2069 ecclesiam
885 2023 1051 2079 consecraritr
1069 2036 1114 2070 nec
1131 2037 1179 2069 non
1198 2016 1265 2069 aliud

167 2087 232 2148 apud
244 2087 385 2142 Bradeiord,
401 2085 443 2132 ubi
460 2086 586 2133 ecclesiam
598 2101 618 2133 s.
631 2086 764 2134 Laurentio
781 2086 909 2134 dedicarit.
944 2087 1029 2149 Sergio
1046 2087 1202 2148 pontificante
1219 2087 1266 2134 ivit

167 2152 275 2199 Romam
289 2159 316 2198 et
331 2150 485 2198 monasteriis
496 2152 548 2197 sais
559 2151 685 2212 privilegia
696 2151 837 2211 Apostolica
849 2151 986 2212 acquisivit.
1018 2149 1065 2198 Au.
1080 2162 1124 2212 705
1137 2152 1265 2212 episcopus

167 2216 248 2263 lactus
259 2215 424 2270 tentabunt,
438 2216 592 2261 monasteriis
609 2216 660 2262 auis
677 2216 777 2262 abbates
794 2223 932 2277 preponere
949 2215 1080 2272 statuebat,
1092 2217 1134 2263 sed
1151 2215 1265 2263 monachi

167 2281 320 2336 restiterunt,
326 2286 351 2327 et
360 2279 483 2327 nemiuem
495 2286 582 2340 praeter
593 2281 672 2340 ipsum
684 2279 798 2340 quamdiu
809 2280 1041 2328 rixeritvolucruot.
1063 2281 1091 2327 ln
1102 2281 1264 2332 Schireburrro

167 2345 242 2393 ctiam
255 2345 380 2393 ecclesiam
394 2343 545 2390 constmxit:
564 2351 590 2390 et
606 2344 702 2390 abunde
719 2344 842 2391 consuluit
858 2357 901 2405 per
919 2345 970 2392 lnoe
986 2345 1095 2392 chartam
1106 2339 1264 2404 ecclesiarum

168 2409 279 2458 omnium
289 2408 502 2468 coeoobiornmque
511 2408 727 2456 Uuest-Saxouum
736 2403 897 2456 libertatibus.
924 2409 1034 2457 Tandem
1046 2411 1071 2456 iu
1083 2409 1202 2470 Dnltinge
1213 2409 1265 2468 agri

170 2473 360 2521 sumersetensis
371 2473 429 2519 villa
440 2473 509 2526 obiit,
521 2480 547 2519 et
558 2473 588 2520 ab
599 2474 715 2532 Eguaiuo
728 2473 892 2533 Uuigorneusi
907 2473 1020 2534 episcopo
1037 2473 1182 2530 Meldup'um
1200 2474 1266 2520 delas

169 2545 210 2587 tos
223 2538 248 2586 iu
264 2553 284 2586 s.
303 2535 432 2585 Michaelis
445 2537 547 2585 ecclesia
561 2539 670 2599 sepultus
687 2543 725 2585 est
741 2552 781 2585 an.
799 2546 846 2599 7⁰9
858 2537 881 2583 in
893 2537 979 2599 vigilia
990 2553 1010 2585 s.
1024 2537 1164 2600 Augustini,
1178 2536 1200 2586 8.
1214 2537 1263 2586 kal.

168 2604 239 2661 lou„
250 2610 276 2651 et
286 2602 312 2651 in
324 2610 389 2650 terra
399 2598 442 2649 (liii
449 2600 536 2662 jacuit,
547 2603 624 2651 donec
636 2610 691 2663 post
702 2601 750 2659 24⁶
761 2616 840 2652 annos
851 2603 891 2663 pia
903 2602 1039 2650 Ethelstsni
1050 2604 1115 2663 regis
1126 2616 1184 2649 cora
1195 2605 1266 2650 effer-

169 2675 238 2717 rnmr
247 2674 273 2715 ct
284 2668 405 2715 locaretur
414 2666 440 2713 iu
452 2666 550 2713 scrinio.
584 2667 643 2715 liaec
655 2674 680 2714 et
694 2666 763 2726 plura
774 2666 829 2713 ride
840 2666 866 2712 in
879 2681 898 2712 a.
910 2666 1034 2713 Aldhelmi
1047 2666 1105 2714 Vits
1115 2668 1179 2727 apud
1192 2667 1265 2728 Angl.

170 2732 239 2781 Sacr.
250 2730 276 2779 ii.
311 2730 356 2795 lna
373 2729 444 2790 hrrjus
461 2730 563 2777 consilio
579 2731 669 2778 dicitur
684 2731 849 2778 construxisse
861 2730 1030 2791 Glnstingeose
1047 2730 1228 2784 monasterium.
1240 2742 1265 2779 x.

170 2796 258 2858 Script.
268 2812 291 2858 p.
302 2796 356 2857 758.
392 2796 425 2843 Et
433 2796 531 2855 quidem
545 2811 586 2844 ao.
600 2808 646 2857 704
657 2797 753 2843 decreto
764 2794 843 2842 nostri
854 2794 964 2855 praesulis
975 2794 1021 2841 Ina
1030 2796 1108 2842 fertur
1118 2795 1267 2843 concessisse

169 2860 319 2909 monasterio
331 2860 508 2919 Glastooieosi,
518 2869 547 2910 ut
557 2860 589 2907 sit
599 2862 667 2909 omni
683 2860 860 2919 impedimento
872 2874 952 2907 rerum
964 2860 1114 2914 secularium
1127 2860 1267 2921 tributoque

169 2925 254 2973 libera.
266 2941 306 2973 xv.
318 2925 405 2984 Script.
417 2938 441 2984 p.
454 2938 508 2985 309.
532 2924 678 2972 Aldbelruus
689 2925 776 2971 colimr
789 2938 826 2985 25.
840 2924 911 2971 Maii.
928 2924 954 2971 S.

202 3004 227 3051 9.
237 2989 367 3050 Moildasi]
382 2988 524 3051 Moildasas
534 2992 610 3037 citam
621 2991 773 3037 eremiticam
785 2990 876 3035 ducena
887 2988 930 3035 secl
942 2990 1039 3035 castello
1047 2988 1194 3045 deBbsdon,
1204 2990 1270 3049 quod

171 3053 296 3101 Saronico
306 3054 398 3100 mcum
406 3051 547 3115 Iagebbone
557 3052 823 3113 coclei--Regic
835 3053 955 3099 habitatio
967 3059 991 3100 et
1002 3050 1056 3113 aar
1067 3056 1206 3105 manerium
1218 3067 1268 3099 non

170 3120 244 3178 longe
253 3118 310 3181 suit
325 3133 342 3164 a
359 3120 457 3165 cartello
472 3119 542 3179 opud
554 3118 725 3177 Brokenberg.
733 3118 867 3179 predictus
884 3118 987 3163 eremita
1001 3118 1078 3177 petiit
1094 3131 1110 3163 a
1127 3119 1269 3164 castellanis

171 3185 304 3243 maumam
313 3182 426 3244 sitifini
436 3183 481 3228 cal
492 3185 590 3229 castello
601 3188 626 3229 et
636 3184 750 3229 obtinuit.
784 3183 837 3229 Hic
849 3182 909 3228 dom
919 3181 965 3228 sili
977 3183 1116 3231 neccssaria
1127 3182 1267 3243 dificerent,

169 3249 293 3295 scholares
307 3247 354 3295 eibi
370 3248 397 3295 in
412 3248 569 3307 dismplinam
585 3247 715 3293 manavit.
749 3245 828 3293 Brevi
842 3252 927 3293 antem
939 3252 1044 3307 tempore
1054 3247 1177 3297 scholares
1188 3248 1214 3292 in
1226 3260 1268 3293 aa·

170 3313 260 3371 igaam
276 3317 420 3358 concentum
437 3313 556 3358 coaluere.
594 3310 691 3357 Horam
702 3313 822 3357 consortio
834 3309 862 3357 S.
870 3310 1016 3357 Aldbelmns
1029 3311 1064 3361 ad
1077 3312 1178 3370 plenum
1189 3310 1268 3371 infor-

171 3382 255 3425 mono
265 3382 345 3423 artem
357 3376 512 3423 dialecticam
523 3375 613 3435 odjedt
624 3375 730 3421 erudire.
767 3374 840 3423 Unde
850 3373 1022 3436 bincsngiena
1032 3375 1067 3426 ad
1072 3375 1148 3435 pedes
1159 3374 1268 3421 Adriani

170 3440 267 3487 &latio
278 3454 327 3501 per
342 3440 444 3501 aliquod
458 3446 552 3499 tempta
567 3440 675 3496 amauit,
686 3445 712 3487 et
726 3438 878 3501 sufficienter
888 3440 987 3487 edoctus
997 3438 1145 3487 Melduaom
1162 3438 1266 3497 repetiit.

171 3502 226 3567 ,Qui
233 3510 319 3566 postca
330 3518 386 3551 cnm
397 3506 468 3553 comis
478 3508 528 3550 aaa
538 3503 583 3551 rub
594 3504 718 3565 Maildofo
729 3505 848 3551 mnoclm
858 3509 971 3551 alterceris
982 3508 1028 3559 est,
1037 3504 1133 3551 civetate
1140 3501 1267 3563 Mcudnfo

166 3574 225 3631 post
243 3570 374 3617 tassionem
394 3565 447 3630 ejas
465 3582 544 3615 annos
557 3582 595 3628 14.
621 3568 725 3615 lelandi
739 3568 843 3616 collect.
858 3567 895 3615 iii.
910 3568 962 3627 158.
992 3567 1101 3615 Monast.
1113 3566 1186 3627 Aegl.
1199 3566 1214 3613 i.
1228 3578 1267 3627 50.

171 3632 307 3681 Maildutus
325 3631 372 3679 fuit
391 3633 491 3681 natione
507 3634 602 3681 Scotus.
628 3632 727 3680 Maluit.
740 3632 799 3692 Reg.
814 3632 830 3679 i.
844 3646 866 3679 o.
883 3632 917 3692 [p.
932 3630 979 3692 ¹3.]
1015 3630 1137 3691 Tempore
1155 3630 1268 3679 Mailduli

170 3698 213 3744 vix
225 3696 257 3745 60
268 3704 375 3745 cassatos
388 3696 441 3757 ejus
457 3696 593 3743 coenobiom
611 3696 722 3744 habebat
755 3696 807 3743 Tot
822 3695 889 3743 enim
905 3695 1007 3743 cassatis
1022 3701 1197 3742 annumeratur
1207 3695 1269 3742 villa

171 3761 380 3823 Brocbeoebergc.
402 3762 476 3822 Angl.
487 3762 553 3808 Sacr.
565 3762 592 3808 ii.
604 3774 640 3807 ra.
658 3761 683 3809 S.
784 3798 787 3803 ,

205 3826 238 3873 ib.
246 3824 347 3885 liberam]
368 3825 443 3874 Hunc
455 3827 573 3873 Geruutio
584 3826 635 3884 regi
647 3824 788 3886 Brittouom
801 3822 1006 3871 Cornabiensium
1023 3821 1154 3882 inscripsit.
1187 3822 1268 3884 Quem

171 3890 227 3939 vide
235 3890 300 3951 apud
311 3892 421 3938 mairac.
434 3890 509 3951 Epist
522 3890 548 3937 in
561 3889 677 3936 liibliotb.
689 3895 750 3949 patr.
761 3887 814 3935 xiii.
826 3886 867 3936 86.
884 3888 908 3935 S.

208 3968 245 4002 rr.
258 3953 320 4014 olio]
338 3953 466 4002 Praetereo
476 3955 512 4000 od
520 3954 668 4015 Aldsridam
683 3966 769 4011 regem
782 3952 1010 4001 Nortliontirorum
1026 3951 1102 3999 edidit
1115 3950 1206 3997 librum
1217 3951 1269 3997 lroec

173 4021 338 4067 mucirensem
348 4021 469 4080 capitula,
479 4018 521 4066 De
529 4018 664 4078 septenarii
678 4019 779 4074 numeri
788 4018 913 4077 dignitate
926 4018 1026 4063 collecto
1038 4030 1069 4063 ee
1079 4016 1167 4063 cereris
1178 4019 1202 4059 et
1212 4016 1270 4061 novi

174 4085 316 4136 testamenti
318 4082 428 4146 florilor
438 4090 463 4131 et
470 4083 604 4143 dismplinie
610 4079 818 4143 percomptam.
843 4080 885 4129 De
895 4082 1070 4128 ammonitione
1074 4079 1202 4140 fleterne
1210 4079 1268 4124 cin·

172 4150 265 4197 mora.
282 4148 325 4200 De
335 4148 512 4197 iumentum
523 4160 608 4194 reram
615 4152 720 4203 notura,
729 4160 783 4207 qua
790 4146 923 4193 meandum
931 4146 1100 4205 onetuplrorom
1109 4142 1269 4189 samocinaai

166 4213 325 4277 figurantur.
355 4211 397 4260 De
403 4213 497 4273 pedam
506 4212 610 4270 regulis.
639 4210 681 4259 De
691 4210 863 4271 Metoplmmo.
890 4210 934 4259 De
945 4208 1109 4269 Sinolimpho.
1139 4208 1179 4255 De
1188 4205 1269 4253 Scan-

172 4280 241 4327 sionc
251 4283 275 4325 et
285 4277 369 4338 eclipsi
379 4291 503 4323 camum.
537 4277 578 4324 De
588 4281 665 4323 metro
677 4277 779 4321 alterno
795 4276 958 4334 interrogatio
970 4280 994 4320 et
1004 4274 1132 4333 responsio.
1167 4271 1269 4331 Compo-

173 4344 225 4389 suit
244 4347 268 4388 et
287 4342 401 4402 epistolae
420 4342 520 4387 multas.
543 4337 615 4401 angl.
629 4341 695 4387 Sacc.
705 4338 731 4385 ii.
743 4348 765 4400 7.
799 4339 893 4387 Extant
909 4337 971 4399 apud
989 4336 1051 4385 Bibl.
1070 4344 1132 4397 patr.
1145 4334 1196 4381 xiii.
1230 4334 1270 4383 De

173 4406 247 4456 leude
258 4404 389 4467 virginum
407 4405 522 4465 Carmen,
539 4405 569 4451 de
584 4410 642 4453 octo
660 4402 835 4465 principalibus
853 4402 935 4461 Vitiis,
952 4402 1018 4453 liber¹
1031 4402 1061 4448 de
1075 4398 1268 4462 AEuigmatibue,

173 4468 272 4519 Poetica
282 4468 411 4527 nocuum,
423 4476 449 4517 et
459 4468 520 4517 liber
531 4468 561 4517 ds
572 4467 643 4517 laude
650 4467 812 4530 Wrgiuitatis.
830 4466 855 4515 S.
890 4466 962 4515 conf.
971 4464 1188 4515 Cauisiinesaur.
1197 4466 1271 4513 lissa.

173 4534 190 4581 ἱ.
203 4550 227 4597 1>-
238 4545 292 4597 τοο.

219 4620 317 4661 REDA.
692 4618 710 4657 0
725 4618 744 4657 0
