3100 5125
277 230 320 298 aa
608 225 845 290 msroarm
868 224 1045 291 nomas.
1368 223 1417 286 11.
1434 244 1467 307 9.

278 381 450 467 abnegavit
475 403 509 444 se
535 380 631 446 etiam
655 380 788 444 candem
813 379 992 444 subiturum
1016 400 1086 442 esse
1109 377 1317 463 religionem3
1352 376 1426 447 si4s

278 475 387 532 tamen
420 466 602 530 examinata
630 489 650 530 a
678 465 887 550 prudentibus
916 464 1057 528 sanctior
1084 485 1123 528 ac
1152 465 1223 528 Deo
1251 462 1387 548 dignior

279 558 388 637 posset
402 552 543 616 inveniri.

323 637 440 721 Itaque
457 637 658 721 promittitur
672 638 772 722 virgo,
788 643 886 720 atque
900 634 1046 698 AEduino
1064 634 1214 712 mittitur,
1229 640 1264 697 et
1276 645 1279 648 ’
1282 634 1384 717 juxta

302 723 366 786 uod
389 722 577 806 dispositum
593 723 707 795 fuerat,
724 722 891 786 ordinatur
911 720 1076 806 episcopus
1088 720 1138 784 vir
1154 720 1225 784 Deo
1241 719 1383 783 dilectus

280 745 434 872 l'aulinus
457 808 511 892 qui
537 829 608 870 cum
633 808 687 871 illa
709 807 843 881 veniret,
866 828 998 891 eamque
1021 813 1056 870 et
1079 806 1211 870 comites
1233 806 1311 889 ejus,
1336 827 1383 869 ne

279 890 1424 1044 Eiffiffi&tlilffatlllstlt‘fflssiim⁵⁰

324 1065 500 1129 Ordinatus
523 1071 572 1128 est
597 1070 705 1129 autem
732 1063 885 1128 Paulinus
907 1063 1073 1148 episcopus
1101 1085 1122 1126 a
1145 1063 1244 1127 Justo
1271 1040 1378 1126 archi-
1389 1064 1431 1127 88

280 1150 436 1234 episcopt,
459 1152 518 1214 sub
541 1149 593 1213 die
614 1149 800 1214 duodecima
820 1149 1028 1213 kalendarum
1044 1150 1274 1233 Augustarum,
1291 1171 1380 1212 anno

280 1237 322 1300 ab
337 1235 553 1300 incarnatione
569 1235 698 1298 Domini
713 1234 943 1299 sexcentesimo
957 1233 1104 1298 vicesimo
1118 1233 1251 1317 quinto:
1275 1241 1310 1298 et
1330 1234 1380 1298 sic

280 1343 351 1384 cum
393 1320 506 1388 saluta
521 1321 640 1406 virgine
654 1320 696 1384 ad
710 1342 818 1406 regem
832 1320 1013 1384 AEduinum
1027 1320 1118 1404 quasi
1134 1341 1239 1383 comes
1256 1320 1381 1404 copulae
1491 1345 1494 1347 ’

280 1429 318 1470 ca
389 1406 396 1420 ’
435 1406 573 1472 advenit.
620 1406 683 1470 Sed
704 1405 771 1490 ipse
792 1407 900 1505 potius
921 1411 993 1469 toto
1012 1405 1120 1469 animo
1141 1405 1320 1483 intendens,
1340 1411 1380 1469 ut

279 1498 408 1577 gentem
423 1514 518 1576 quam
535 1491 655 1568 adibat,
671 1491 714 1556 ad
733 1491 927 1576 agmtionem
941 1490 1086 1555 veritatis
1099 1491 1267 1567 advocans,
1282 1491 1403 1574 juxtas

280 1599 387 1641 vocem
409 1578 553 1663 apostoli,
572 1577 626 1641 uni
648 1576 715 1640 viro
737 1591 873 1661 ssponso
895 1576 1048 1675 virginem
1068 1583 1191 1640 castam
1212 1576 1381 1643 exhiberet

281 1663 417 1728 Christo.
463 1663 604 1747 Cumque
624 1663 658 1728 in
679 1662 872 1748 provinciam
886 1669 1032 1738 vemsset,
1051 1661 1211 1726 laboravit
1230 1662 1379 1740 multum,

238 1813 241 1821 ,
280 1755 317 1812 ut
339 1756 373 1812 et
394 1749 518 1834 eosqui
540 1771 647 1814 secum
661 1755 825 1823 venerant,
839 1769 879 1812 ne
901 1771 922 1812 a
935 1748 1000 1811 lide
1019 1747 1224 1820 hdelicerent,
1240 1746 1381 1810 Domino

279 1834 451 1916 adjuvante
465 1834 652 1911 contineret,
668 1841 701 1898 et
716 1833 847 1918 aliquos,
862 1833 889 1896 si
903 1833 986 1913 sorte
1000 1839 1118 1918 posset,
1134 1832 1175 1895 de
1189 1832 1322 1917 paganis
1336 1833 1380 1896 ad

280 1918 354 1984 fidoi
376 1919 514 2003 gratiam
539 1918 741 2003 praedicando
767 1926 975 1984 converteret.
1020 1917 1083 1982 Sed
1109 1917 1193 1982 sicut
1214 1918 1381 2002 apostolus
1415 1996 1418 2002 Ι

279 2004 335 2079 ait,
361 2004 502 2087 quamvis
527 2005 627 2068 multo
650 2012 793 2089 tempore
818 2004 872 2068 illo
896 2004 1063 2068 laborante
1089 2004 1122 2066 in
1147 2004 1263 2067 verbo:
1293 2005 1382 2067 Dour

279 2089 385 2152 soeculi
399 2090 487 2172 layas
504 2091 662 2154 avocavit
680 2101 786 2154 meotes
803 2090 980 2172 infidelium,
996 2111 1033 2152 ce
1054 2091 1097 2154 ets
1110 2089 1247 2173 fulgeret
1263 2089 1379 2152 illumi·
1391 2115 1423 2149 10

280 2175 364 2238 llario
378 2175 526 2259 evangelii
537 2175 645 2260 paca
663 2176 786 2240 otacus.

125 2274 261 2324 Amat.
323 2259 420 2324 Anno
434 2267 542 2324 autem
557 2268 709 2346 sequente
722 2261 809 2325 venit
831 2261 865 2324 in
885 2260 1077 2346 provinciam
1092 2260 1219 2344 quidem
1236 2259 1378 2335 sicarius,

116 2340 215 2388 Eumer.
280 2344 432 2410 vocabulo
463 2346 603 2422 illumcr,
632 2346 746 2410 missus
775 2370 796 2410 a
824 2369 899 2431 rege
928 2346 1179 2410 Occidentalium
1206 2346 1377 2420 Saxonum,

280 2431 405 2493 nomine
418 2431 605 2508 Ouichelmo,
619 2453 749 2516 sperans
764 2454 799 2495 se
813 2454 920 2531 regem
930 2431 1111 2495 AEduinum
1124 2452 1223 2516 regno
1239 2431 1379 2496 simulet

280 2515 346 2581 vita
360 2515 574 2599 privaturum:
600 2517 653 2601 qui
672 2518 813 2583 habebat
834 2539 932 2583 sicam
945 2517 1107 2601 bicipitem
1122 2516 1316 2591 toxicatam
1342 2523 1378 2580 ut
1391 2535 1419 2586 ιε

280 2601 307 2664 si
321 2602 397 2665 ferri
412 2604 523 2667 vulnus
545 2603 711 2687 minusad
733 2610 869 2668 mortem
890 2602 974 2688 regis
990 2603 1158 2681 sufficeret,
1179 2611 1271 2687 peste
1289 2603 1378 2685 juva·

279 2694 369 2751 retur
388 2690 507 2753 veneni.
553 2687 703 2753 Pervenit
725 2695 834 2752 autem
855 2690 898 2753 ad
918 2711 1026 2774 regem
1046 2688 1149 2773 primo
1168 2689 1220 2752 die
1241 2688 1377 2772 paschae,

275 2774 370 2856 juxta
393 2796 518 2837 amnem
544 2774 843 2850 kDeruventionem,
867 2774 923 2838 ubi
951 2782 1028 2839 tunc
1057 2781 1128 2838 erat
1153 2774 1225 2837 villa
1253 2772 1377 2858 regalis,

279 2857 473 2942 intravitque
488 2860 577 2943 quasi
593 2859 742 2923 nuncium
757 2859 876 2923 domini
895 2860 944 2923 sui
964 2859 1120 2923 referens:
1143 2866 1178 2922 et
1197 2880 1270 2922 cum
1284 2858 1379 2921 simu·

279 2943 379 3007 latam
400 2944 590 3028 legationem
612 2966 667 3007 ore
688 2951 798 3010 astuto
819 2946 969 3019 volveret,
987 2946 1165 3009 exsurrexit
1186 2950 1380 3028 repentest

280 3028 449 3113 evaginata
464 3031 523 3092 sub
539 3035 626 3093 veste
641 3030 715 3106 sica,
731 3030 885 3115 impetum
899 3031 975 3095 fecit
989 3030 1022 3093 in
1036 3052 1153 3115 regem.
1200 3029 1293 3109 Quod
1307 3050 1380 3092 cum

280 3112 403 3177 videret
427 3113 509 3177 Lilla
530 3114 674 3178 minister
696 3114 775 3200 ¹regi
796 3116 1012 3192 amicissimus,
1027 3137 1092 3178 non
1111 3116 1232 3179 habens
1253 3121 1422 3178 scutum20

280 3198 323 3262 ad
348 3220 477 3262 manum
504 3220 566 3283 quo
589 3221 696 3285 regem
721 3223 741 3264 a
766 3223 843 3265 nece
866 3201 1059 3277 defenderet,
1083 3222 1157 3264 mox
1186 3200 1379 3283 interposuit

281 3305 395 3367 corpus
410 3306 502 3347 suum
516 3291 593 3349 ante
607 3285 706 3349 ictum
720 3286 909 3371 pungentis:
925 3288 982 3350 sed
996 3292 1090 3350 tanta
1105 3286 1134 3349 vi
1148 3285 1250 3350 hostis
1262 3285 1382 3349 ferrum

281 3368 395 3446 infixit,
418 3377 456 3434 ut
478 3393 536 3454 per
557 3393 672 3455 corpus
693 3370 803 3435 militis
825 3371 917 3435 occisi
940 3372 1039 3436 ctiam
1060 3393 1168 3456 regem
1189 3371 1380 3436 vulneraret.

262 3454 344 3543 *Qui
368 3476 440 3517 cnm
462 3477 537 3521 mox
560 3456 697 3540 undique
718 3457 834 3541 gladiis
855 3458 1071 3542 impeteretur,
1095 3458 1128 3519 in
1150 3459 1218 3541 ipso
1239 3456 1382 3521 tumultu

281 3540 379 3603 etiam
402 3540 498 3604 alium
524 3542 564 3605 de
589 3541 750 3618 militibus,
779 3541 830 3605 cui
854 3565 968 3606 nomen
992 3549 1062 3606 erat
1092 3541 1290 3617 mFrodberi,
1314 3542 1382 3606 sica

281 3626 417 3689 nefanda
432 3627 575 3709 peremit.

118 3722 221 3835 plppfled
340 3712 463 3775 Eadem
486 3723 595 3776 autem
624 3718 718 3775 nocte
748 3719 952 3776 sacrosancta
982 3712 1140 3775 Dominici
1169 3714 1297 3798 paschae
1327 3732 1421 3795 ptr-25

281 3804 409 3880 parerat
423 3798 532 3883 regina
546 3796 645 3860 filiam
659 3798 736 3881 regi,
753 3797 805 3860 cui
819 3820 934 3861 nomen
950 3797 1093 3862 Eanflsd.
1139 3799 1282 3882 Cumque
1296 3796 1382 3858 idem

280 3902 337 3945 rex
359 3890 517 3965 praesente
540 3882 675 3946 Paulino
698 3882 856 3967 episcopo,
878 3884 999 3967 gratias
1021 3890 1131 3969 ageret
1154 3884 1215 3947 diis
1237 3884 1301 3946 suis
1322 3904 1382 3966 pro

316 4035 394 4080 tetro
406 4036 531 4093 virginem
544 4034 573 4081 V.
668 4034 849 4082 hdiscederent
861 4036 890 4083 V.
985 4035 1130 4082 irrumet-ns
1141 4037 1171 4082 V.
1269 4038 1383 4083 room-

283 4100 419 4145 tentionem
431 4099 460 4145 V.
595 4100 603 4138 l
615 4101 683 4158 regis
695 4098 723 4148 V.
856 4110 878 4138 m
894 4099 1012 4148 lbrdhem'
1024 4100 1052 4149 V.

415 4231 437 4277 5.
450 4235 529 4266 vocem
542 4221 654 4281 apostoli]
672 4234 684 4267 z
698 4223 755 4268 Cor.
768 4222 801 4268 xi.
816 4237 837 4269 α.

414 4296 437 4341 9.
450 4286 571 4343 apostolus
582 4285 629 4344 ott]
646 4300 658 4331 2
674 4284 729 4332 Cor.
742 4286 771 4332 iv.
785 4300 807 4343 4„

418 4344 688 4409 mussitationem]
706 4351 829 4398 Derwent.
842 4351 867 4397 S.
903 4351 1023 4413 Darwynt
1037 4352 1163 4400 Bromton.

418 4421 456 4471 17.
468 4413 526 4457 villa
537 4413 641 4472 regalis]
657 4413 748 4475 Aldby.
761 4415 786 4459 S.
