3100 5125
225 346 697 415 UUIREMUTHENSIUM
720 350 779 415 ΕΤ
803 350 1161 416 aYRUUENSIUM.
1205 352 1271 419 327

169 504 244 562 octo
257 520 358 563 annos
372 500 492 564 sollerti
507 500 660 585 regimine
674 500 822 585 praefuit3
848 507 882 564 et
897 508 1012 565 cuncta
1023 524 1094 585 quae
1109 522 1184 565 suus
1199 524 1269 587 pre-

169 585 317 648 decessor
331 585 458 671 egregia
472 585 627 649 virtutum
641 608 740 670 opera
754 586 860 669 coepit,
876 586 944 671 ipse
958 608 1021 649 non
1037 587 1162 671 segnius
1176 588 1268 672 perli-

170 691 241 733 cere
267 671 400 734 curavit.
446 669 608 755 Siquidem
632 671 718 735 inter
739 678 857 735 caetera
881 671 1064 735 monasterii
1093 673 1269 737 necessaria

170 778 241 839 quae
256 756 350 841 longo
364 757 494 841 regendi
509 763 652 841 tempore
667 757 862 841 disponenda
881 757 1045 841 comperit,
1061 757 1160 821 etiam
1179 758 1271 842 plura

129 841 248 910 45fecit
264 842 424 915 oratoria3
450 842 561 905 altaris
581 848 615 905 et
634 843 772 906 ecclesiae
791 864 876 919 vasa,
894 843 943 906 vel
960 842 1149 907 vestimenta
1169 843 1270 907 omnis

170 926 295 1075 ffincris
314 926 498 1011 ampliavit;
526 927 752 991 bibliothecam
773 928 938 1011 utriusque
959 928 1153 1005 monasterii,
1175 950 1271 1011 quam

218 1011 363 1076 nedictus
388 1013 489 1076 abbas
511 1034 629 1098 magna
652 1012 752 1096 ooepit
780 1012 942 1089 instantia,
970 1011 1038 1096 ipse
1069 1034 1132 1077 non
1158 1013 1271 1077 minori

170 1097 344 1183 geminavit
356 1097 531 1161 industria:
547 1097 595 1161 ita
605 1105 643 1162 ut
657 1104 724 1161 tres
738 1098 911 1182 pandectes
925 1119 1015 1163 novae
1027 1098 1270 1177 ‘translationis

170 1184 213 1246 ad
227 1204 326 1245 unum
340 1190 475 1247 vetustae
492 1183 710 1247 translationis
725 1204 819 1267 quem
839 1184 879 1246 de
899 1184 1002 1246 Roma
1024 1183 1187 1259 attulerat,
1204 1183 1272 1269 ipse

171 1288 268 1351 super
301 1268 512 1353 adjungeret;
551 1290 686 1351 quorum
714 1290 813 1331 unum
842 1290 938 1331 senex
975 1268 1110 1331 Romam
1146 1269 1272 1332 rediens

172 1375 278 1416 secum
292 1353 378 1416 inter
391 1354 454 1417 alia
468 1375 526 1438 pro
541 1375 671 1417 munere
685 1352 830 1437 sumpsit,
843 1354 922 1417 dnos
937 1353 1064 1438 utrique
1079 1354 1273 1418 monasterio

87 1451 159 1517 300
172 1438 315 1522 reliquit:
333 1439 411 1502 dato
426 1460 551 1523 quoque
565 1438 874 1523 (losmographorum
886 1438 993 1501 codice
1004 1438 1140 1501 mirandi
1156 1440 1270 1523 operis,

173 1546 267 1607 quem
282 1524 392 1587 Romae
407 1524 599 1587 Benedictus
613 1529 744 1600 emerat,
759 1530 880 1587 terram
895 1530 968 1587 octo
979 1524 1166 1587 familiarum
1177 1525 1273 1607 juxta

173 1608 303 1674 flurium
326 1609 445 1673 Fresca
466 1610 509 1673 ab
523 1609 673 1672 Aldfrido
693 1630 769 1694 rege
790 1608 823 1671 in
846 1608 1011 1694 scripturis
1033 1609 1217 1673 doctissimo
1239 1610 1273 1673 in

173 1694 404 1779 possessionem
434 1694 619 1758 monasterii
647 1694 735 1758 beati
766 1694 859 1757 Pauli
888 1694 1024 1778 apostoli
1054 1695 1270 1778 comparavit3

174 1802 268 1865 quem
292 1779 498 1864 comparandi
521 1780 665 1843 ordinem
689 1779 766 1863 ipse,
790 1778 867 1841 dum
892 1780 995 1842 adhuc
1019 1780 1148 1856 viveret,
1173 1780 1273 1844 Bene-

173 1865 278 1929 dictus
303 1887 375 1927 cum
400 1866 512 1929 eodem
534 1887 609 1964 rege
632 1864 781 1928 Aldfrido
805 1870 981 1941 taxaverat,
1006 1866 1063 1928 sed
1088 1865 1274 1949 priusquam

150 1951 331 2035 scomplere
351 1950 510 2035 potuisset
530 1951 620 2014 0b1it.
666 1950 789 2013 Verum
806 1950 939 2034 probae
953 1956 1041 2014 terra
1060 1952 1272 2035 postmodum,

175 2037 300 2100 Osredo
318 2043 482 2121 regnante,
502 2035 685 2113 ceolfridus,
704 2035 815 2099 addito
836 2036 940 2119 pretio
963 2036 1067 2119 digno,
1083 2042 1204 2099 terram
1218 2059 1272 2099 xx.

174 2121 365 2185 familiarum
382 2122 416 2185 in
434 2123 503 2185 loco
519 2122 573 2205 qui
594 2121 769 2185 incolarum
790 2120 898 2206 lingua
913 2120 968 2184 Ad
984 2120 1102 2184 Villam
1118 2121 1273 2185 Sambuce

174 2214 317 2282 vocatur,
330 2207 404 2290 quia
415 2208 485 2271 haec
494 2206 626 2270 vicinior
636 2206 738 2269 eidem
749 2205 943 2271 monasterio
954 2206 1131 2283 videbatur,
1141 2207 1272 2291 accepit.

177 2292 286 2355 Missis
301 2292 436 2356 Romam
449 2292 612 2355 monacbis
626 2298 770 2376 tempore
785 2293 905 2355 steatae
925 2292 1154 2356 recordationis
1172 2292 1273 2377 Sergii

174 2398 276 2462 papae,
288 2377 484 2463 privilegium
494 2378 586 2441 abeo
599 2400 658 2461 pro
670 2377 806 2440 tuitione
821 2376 870 2439 sui
881 2377 1065 2441 monasterii
1076 2377 1179 2441 instar
1192 2377 1274 2441 illius

138 2464 261 2547 roquod
283 2463 416 2548 Agatho
437 2486 522 2548 papa
543 2463 716 2525 Benedicta
738 2463 881 2538 dederat,
904 2461 1046 2547 accepit:
1081 2463 1166 2547 quod
1188 2462 1274 2527 Brit

175 2547 281 2613 tanias
307 2549 474 2634 perlatum,
497 2555 531 2613 et
554 2571 662 2613 coram
691 2548 812 2632 synodo
840 2548 1045 2632 patefactum,
1070 2547 1275 2632 praesentium

176 2634 394 2718 episcoporum
415 2635 507 2697 simul
529 2641 562 2698 et
587 2633 747 2719 magnifici
771 2631 856 2718 regis
880 2632 1019 2696 Aldfridi
1045 2634 1276 2720 subscriptione

176 2720 398 2786 confirmatum
427 2726 486 2798 est,
512 2720 671 2804 quomodo
700 2719 799 2783 etiam
827 2718 915 2803 prius
943 2718 1019 2781 illud
1048 2719 1097 2780 sui
1121 2719 1274 2804 temporis

176 2825 283 2889 regem
303 2811 337 2868 ct
359 2806 523 2890 episcopos
544 2805 577 2868 in
599 2805 720 2889 synodo
741 2804 865 2888 publice
885 2804 1086 2868 confirmasse
1101 2825 1165 2866 non
1182 2805 1272 2869 latet.

177 2889 387 2974 Temporibus
406 2891 488 2953 illius
507 2891 638 2955 tradens
656 2913 690 2953 se
709 2890 903 2953 monasterio
917 2889 1005 2953 beati
1020 2889 1110 2952 Petri
1128 2890 1273 2974 apostoli,

138 2991 167 3039 15
177 2976 262 3059 quod
276 2977 409 3061 regebat
423 2983 591 3040 veteranus
605 2997 643 3038 ao
658 2975 831 3061 religiosus,
847 2981 880 3038 et
902 2974 935 3036 in
955 2974 1040 3038 omni
1055 2981 1124 3038 tam
1143 2975 1276 3038 seculari

178 3083 273 3144 quam
287 3061 517 3145 scripturarum
532 3061 665 3125 scientia
679 3060 824 3124 eruditus
835 3059 954 3124 (lhristi
969 3059 1104 3122 famulus
1115 3060 1273 3137 Vuitmer,

177 3151 298 3209 terram
327 3147 436 3210 decem
466 3147 655 3211 familiarum
684 3167 779 3232 quam
804 3146 847 3209 ab
870 3144 1017 3209 Aldfrido
1046 3167 1121 3231 rege
1146 3145 1179 3207 in
1204 3166 1275 3230 pos-

178 3231 350 3294 sessionem
373 3238 541 3316 acceperat
562 3231 596 3293 in
621 3232 690 3295 loco
712 3231 792 3294 villae
816 3253 886 3314 quae
911 3230 1039 3294 Daldun
1062 3238 1272 3316 nuncupatur,

178 3315 280 3379 eidem
293 3318 488 3416 monasterio
501 3323 663 3464 ffirpetuae
678 3316 883 3402 possessionis
894 3315 966 3400 jure
981 3317 1120 3417 donavit.
1236 3401 1243 3416 ι

138 3401 1407 3586 ,οὣῑὲῥ,έ.;;ξῑ,3.ῑεῶἐξεξῄῃτέῗῒψ“·

178 3573 327 3656 proudus
345 3595 385 3636 ex
404 3573 545 3657 priorum
558 3573 752 3636 auctoritate
766 3571 958 3646 contribuit;
983 3579 1057 3656 post
1078 3572 1275 3672 incompara-

177 3657 272 3720 bilem
294 3657 407 3721 orandi
430 3658 645 3742 psallendique
670 3656 851 3733 sollertiam,
877 3679 939 3740 qua
964 3657 1031 3742 ipse
1055 3657 1275 3756 tquotid1anus

177 3741 316 3805 exerceri
341 3764 405 3805 non
426 3743 539 3817 desiit3
572 3751 646 3828 post
670 3741 846 3806 mirabilem
869 3748 903 3806 et
928 3743 1090 3805 coercendi
1113 3743 1276 3828 improbos

178 3827 341 3905 fervorem,
364 3834 398 3891 et
419 3828 609 3892 modestiam
630 3827 812 3891 consolandi
833 3826 993 3902 infirmos;
1020 3833 1096 3912 post
1116 3828 1276 3891 insolitam

177 3913 355 3977 rectoribus
384 3919 441 3976 uet
470 3935 552 3977 escae
581 3919 738 3999 potusque
766 3911 969 3996 parcitatem,
994 3919 1027 3977 et
1057 3913 1186 3977 habitus
1209 3913 1276 3976 vili-

178 4003 300 4073 tatem;
324 3998 405 4062 vidit
425 4020 459 4062 se
478 3999 546 4082 jam
568 3997 672 4062 senior
690 4004 725 4061 et
744 3997 855 4082 plenus
870 3998 992 4061 dierum
1006 4020 1070 4061 non
1084 3998 1169 4062 ultra
1183 4019 1275 4083 posse

212 4175 224 4204 1
235 4167 410 4213 translationes
420 4179 496 4227 quam
507 4166 537 4212 de
544 4165 575 4212 V.
641 4175 654 4206 ι
665 4166 705 4213 lta
715 4166 769 4213 cod.
779 4165 810 4213 B.
818 4164 894 4227 Digb.
903 4166 980 4214 ῠιαια
991 4181 1041 4215 om.
1051 4167 1140 4216 calmi.
1206 4166 1277 4229 tune

180 4232 290 4278 exerceri
301 4230 331 4276 V.
430 4237 446 4266 1¹
456 4230 591 4278 recutitus
600 4245 658 4278 esca
667 4230 698 4277 V.

246 4391 270 4437 8.
283 4389 470 4449 reeordationis]
487 4389 579 4450 supple
590 4391 675 4437 beuta
707 4415 711 4420 ’
797 4337 811 4374 t

249 4465 287 4514 ¹5·
301 4454 427 4514 Vollmer]
448 4452 526 4512 cujas
538 4454 632 4501 obitum
644 4454 693 4501 vid.
705 4454 776 4513 infra,
791 4466 827 4516 15.

250 4529 286 4579 ιγ.
298 4517 417 4580 Doldan]
433 4518 513 4571 Hodie
524 4517 630 4579 Dolens,
642 4533 716 4580 prope
725 4533 792 4566 mare
804 4519 834 4566 ad
842 4518 943 4587 'boream
956 4533 971 4566 a
982 4519 1113 4567 Durelmo.
