3100 5125
481 359 646 426 GENTIS
669 359 940 426 ANGLORUM.
1194 364 1257 428 107

163 507 280 594 egregii
307 506 347 573 de
372 509 476 658 lapide
500 513 595 577 fecit:
628 514 717 597 enjus
742 520 830 578 teoto
853 514 901 578 vel
930 515 1025 614 longa
1054 514 1184 590 inauris,
1208 514 1256 577 vel

162 593 269 660 hostili
284 617 381 660 manu
417 598 529 682 ejecto,
544 599 683 682 parietes
698 601 851 663 haetenus
871 607 957 663 stare
972 600 1127 676 videntur,
1143 608 1177 663 et
1192 622 1256 661 om-

123 704 154 739 ιο
162 679 255 744 nibus
268 682 362 745 annis
375 682 482 767 aliqua
496 686 672 754 sanitatum
682 685 880 752 miraculain
896 686 1007 748 eodem
1018 686 1086 749 loco
1099 686 1201 748 solent
1216 685 1258 748 ad

161 765 334 830 utilitatem
359 787 468 832 eorum
489 771 543 854 qui
560 770 697 834 fideliter
718 778 874 854 quaerunt,
891 771 1025 834 ostendi.
1071 771 1109 833 In
1125 794 1187 855 qua
1209 793 1258 834 eo-

160 851 256 916 olesia
270 852 432 931 Paulinus,
448 862 634 920 transeunte
647 857 690 921 ad
704 856 870 920 Christum
882 857 904 919 J
906 863 988 934 usto,
1006 857 1185 921 Honorium
1199 877 1258 941 pro

162 958 201 1000 eo
215 939 411 1004 consecravit
425 940 616 1026 episeopum,
632 949 670 1006 ut
687 943 719 1004 in
734 943 939 1025 sequentibus
954 964 1011 1006 suo
1026 942 1095 1005 loeo
1109 942 1257 1006 dicemus.

207 1022 257 1086 De
276 1024 370 1110 hujus
383 1025 447 1089 fide
463 1028 631 1110 provinoioe
653 1027 796 1092 narravit
817 1027 894 1092 mihi
916 1028 1083 1112 presbyter
1103 1034 1138 1091 et
1159 1028 1259 1091 abbas
1269 1034 1410 1112 baptismus

163 1108 294 1192 quidam
310 1111 359 1174 vir
375 1111 593 1177 veracissimus
608 1113 647 1176 de
669 1113 862 1177 monasterio
884 1113 1091 1189 ιΡ111111111,
1108 1113 1260 1178 vocabulo
1268 1116 1295 1146 ¹²¹
1305 1099 1422 1148 Treoua.

124 1195 268 1270 ubeda,
282 1195 429 1261 retulisse
450 1196 509 1262 sibi
531 1200 689 1283 quendam
710 1199 875 1274 seniorem,
896 1199 1094 1282 baptizatum
1112 1221 1145 1262 se
1164 1199 1260 1262 fuisse

164 1279 217 1342 die
238 1282 344 1345 media
365 1305 387 1346 a
410 1282 546 1348 Paulino
574 1284 730 1370 episcopo,
760 1291 918 1369 praesente
946 1306 1021 1369 rege
1045 1283 1200 1361 AEduino,
1227 1292 1261 1349 et

163 1366 298 1430 multam
319 1368 427 1453 populi
442 1371 571 1434 turbam
587 1371 621 1433 in
634 1370 730 1434 fluvio
745 1371 885 1434 Treenta
901 1371 996 1454 juxta
1014 1369 1175 1434 eivitatem
1190 1393 1261 1454 quae

163 1450 272 1537 lingua
294 1453 348 1515 An
370 1453 472 1518 lorum
495 1455 822 1541 ariovulfingaoaestir
839 1463 987 1519 voeatur:
1013 1456 1066 1539 qui
1084 1455 1182 1518 etiarn
1197 1457 1261 1518 effi-

163 1536 247 1620 giem
273 1476 414 1624 ejusdem
436 1540 562 1605 Paulini
582 1542 702 1605 referre
723 1548 807 1606 esset
831 1541 952 1615 solitus,
976 1541 1167 1640 quodenset
1193 1543 1263 1604 Χ111

164 1621 266 1708 longae
289 1631 431 1702 staturae,
454 1627 616 1710 paululum
637 1627 792 1702 incurvus,
814 1627 905 1711 nigro
927 1627 1049 1710 oaprllo,
1065 1626 1145 1690 faeie
1166 1627 1261 1691 maei-

164 1708 261 1785 lenta,
285 1731 364 1774 uaso
388 1710 513 1777 adnnoo
541 1714 696 1797 pertenui,
721 1712 907 1776 venerabilis
936 1712 1028 1774 simul
1054 1718 1087 1776 et
1112 1712 1262 1776 terribilis

123 1800 306 1878 aoaspeotu
352 1795 478 1861 Habuit
491 1804 601 1863 autem
615 1821 721 1862 seeum
735 1799 769 1860 in
784 1797 959 1861 ministerio
974 1804 1008 1860 et
1022 1798 1046 1862 J
1047 1799 1182 1862 acobum
1197 1798 1262 1862 dia

165 1901 288 1958 oonum,
312 1881 414 1945 virum
437 1883 547 1968 utique
572 1883 763 1947 industrium
786 1905 823 1947 ao
853 1883 990 1947 nobilem
1016 1883 1049 1946 in
1076 1882 1203 1948 (lhristo
1230 1890 1264 1947 et

164 1966 304 2044 ecelesia,
321 1967 374 2050 qui
388 1969 430 2031 ad
446 1976 557 2033 nostra
570 1991 670 2053 usque
685 1975 831 2054 tempora
845 1969 1029 2054 permansit.

209 2051 316 2115 Tanta
336 2060 445 2116 autem
465 2077 504 2118 eo
519 2061 663 2138 tempore
684 2078 747 2138 pax
769 2055 803 2117 in
824 2055 994 2131 Brittania,
1011 2077 1264 2140 quaquaversum
1273 2057 1357 2134 sarus
1368 2056 1414 2102 im-

164 2135 331 2220 imperium
359 2139 444 2222 regis
467 2139 603 2202 AEduini
632 2147 829 2226 pervenerat,
853 2140 948 2204 fuisse
978 2140 1182 2225 perhibetur:
1215 2121 1389 2234 unffi&

165 2221 248 2286 siout
269 2245 370 2306 usque
390 2224 485 2288 hodie
506 2226 539 2288 in
561 2227 729 2310 proverbio
751 2227 877 2304 dicitur,
899 2227 996 2290 etiam
1018 2226 1044 2288 si
1066 2227 1178 2290 mulier
1200 2251 1264 2293 una

165 2329 238 2370 oum
251 2329 362 2373 reeens
375 2317 453 2375 nato
467 2312 598 2395 parvulo
613 2311 706 2376 vellet
725 2318 830 2376 totam
849 2312 1068 2396 perambulare
1089 2312 1224 2376 insulam
1243 2337 1263 2378 a

123 2393 247 2460 amari
268 2395 311 2459 ad
329 2417 426 2472 mare,
442 2397 528 2461 nullo
549 2419 583 2461 se
605 2398 740 2461 laedente
754 2398 883 2461 valeret.
930 2397 1070 2462 Tantum
1084 2409 1160 2460 yrex
1181 2399 1264 2462 idem

166 2479 300 2544 utilitati
319 2503 383 2546 suae
401 2482 506 2567 gentis
523 2483 689 2560 consuluit,
704 2490 742 2547 ut
763 2483 921 2568 plerisque
943 2482 976 2544 in
996 2483 1073 2546 loeis
1090 2484 1145 2547 ubi
1160 2485 1264 2548 fontes

165 2565 287 2629 lucidos
307 2568 402 2651 juxta
424 2569 566 2653 publieos
592 2570 714 2633 viarum
739 2569 894 2633 transitus
926 2570 1118 2654 zconspexit,
1149 2570 1192 2633 ibi
1223 2573 1264 2634 ob

166 2651 364 2737 refrigerium
378 2654 542 2732 viantium,
557 2654 672 2719 erectis
694 2655 857 2739 stipitibus
871 2677 972 2719 aereos
987 2677 1101 2718 oauoos
1116 2657 1265 2740 suspendi

162 2737 300 2821 juberet
319 2761 422 2823 neque
438 2740 497 2803 hos
511 2740 686 2825 quisquam,
702 2741 763 2804 nisi
783 2741 826 2805 ad
846 2763 938 2803 usum
957 2740 1176 2817 necessarium,
1193 2763 1265 2804 oon-

167 2822 292 2907 tingere
333 2848 377 2889 rae
399 2825 619 2911 magnitudine
634 2826 682 2889 vel
696 2826 821 2890 timoris
841 2828 908 2911 ejus
929 2826 1070 2903 auderet,
1088 2825 1135 2889 vel
1149 2827 1268 2889 amoris

125 2909 270 2985 30vellet.
311 2848 455 2976 lantum
480 2934 554 2976 vero
584 2911 618 2975 in
647 2934 746 2997 regno
775 2906 967 2975 excellentiae
994 2911 1116 2987 habuit,
1141 2918 1178 2975 ut
1204 2935 1267 2976 non

201 3101 362 3162 tPartonei,
374 3104 529 3166 Peartanig,
542 3105 688 3153 Peortanen
699 3105 728 3153 V.
834 3117 850 3146 ιι
863 3105 968 3169 Tnils-
980 3104 1086 3165 Taes-
1099 3106 1170 3169 Tuis.
1208 3109 1270 3157 Uul-

158 3165 306 3228 fingcoestir
316 3168 347 3215 V.
447 3180 462 3209 ¹
473 3176 535 3217 esset
546 3172 627 3231 longa
639 3169 668 3217 V.
774 3181 789 3219 y
802 3171 912 3219 Tantum
924 3186 1076 3233 assequerer
1087 3173 1193 3220 utilitati
1205 3174 1268 3221 V.G.

167 3240 182 3271 ι
196 3234 334 3279 cmutrusit
343 3247 390 3281 111.
402 3241 451 3297 typ.
466 3235 491 3295 S,
502 3250 575 3297 quem
587 3234 696 3296 sequitur
707 3235 744 3282 St.
769 3234 863 3284 Tantus
874 3244 912 3284 est
923 3235 976 3283 eod.
989 3236 1053 3283 Mor.

205 3418 242 3453 10.
259 3406 370 3467 11111111]
390 3406 538 3466 conjectura
553 3416 592 3456 est
607 3410 704 3457 stetisse
719 3410 783 3457 bano
799 3409 936 3467 ecclesiam,
953 3409 994 3456 ubi
1011 3408 1082 3457 hodie
1098 3424 1117 3456 s.
1135 3410 1205 3457 Pauli
1222 3417 1269 3469 est,

167 3483 271 3531 eamque
285 3470 344 3517 olim
356 3474 376 3518 i.
389 3470 486 3519 Paulini
504 3472 587 3521 fuisse.
621 3474 758 3521 Nominum
776 3474 912 3522 similitudo
929 3474 1026 3522 facilem
1044 3474 1083 3521 1111
1101 3474 1172 3523 tidem
1190 3477 1271 3523 conci-

167 3532 246 3581 liarit.
264 3534 291 3581 S.

204 3611 242 3655 14.
254 3598 410 3661 peartaneu]
430 3601 467 3646 De
484 3600 556 3661 hujus
571 3602 712 3650 monasterii
729 3602 873 3650 fundatione
893 3602 953 3650 nibil
972 3610 1048 3651 restat
1064 3604 1127 3664 apud
1144 3611 1270 3652 auctores:

168 3662 218 3708 loci
236 3662 297 3710 situs
314 3678 363 3710 non
381 3664 464 3725 procul
482 3681 496 3712 a
513 3666 637 3729 Bardney,
655 3667 680 3713 in
698 3666 767 3727 cujus
785 3668 909 3715 dotatione
927 3668 1047 3727 absorpta
1061 3668 1271 3715 videnturvicinoe

170 3726 269 3787 pietatis
280 3728 393 3789 reliquia.
428 3729 552 3777 Walterns
562 3731 592 3778 de
605 3732 690 3779 Gannt
704 3732 730 3777 in
742 3732 825 3779 charta
837 3733 866 3779 de
883 3732 1060 3779 restauratione
1075 3732 1179 3779 coenobii
1191 3732 1270 3778 Bard-

170 3790 636 3843 11111111111111111111111111(111111
650 3796 760 3843 dominio
775 3810 821 3843 sno
836 3796 861 3843 in
875 3796 1003 3859 Parteney.
1039 3796 1066 3842 11
1085 3795 1199 3856 predicta
1213 3810 1271 3843 vero

169 3855 292 3918 Partensy
301 3856 429 3904 ecclesiam
446 3872 502 3906 cum
520 3859 674 3920 pertinentiis
691 3862 750 3917 suis,
762 3861 882 3921 hospitale
900 3876 919 3908 1.
933 3861 1019 3907 Mariae
1035 3859 1272 3920 Magdalensa-una

169 3932 226 3965 cum
240 3920 291 3967 risu
304 3920 457 3982 franciplegii
468 3922 493 3970 in
507 3923 635 3986 Parteney.
660 3924 729 3972 Mon.
743 3928 807 3987 ling.
819 3926 835 3972 i.
848 3941 871 3986 p.
883 3937 937 3985 143.
969 3925 1029 3971 Vide
1042 3924 1133 3971 Bedam
1146 3924 1181 3969 iii.
1197 3938 1232 3969 11.
1246 3925 1272 3971 S.

207 3981 244 4031 16.
258 3984 510 4049 rmutstngocmar]
531 3988 559 4036 ln
578 3988 649 4048 bajas
660 3989 708 4036 loci
721 3990 769 4036 situ
783 4004 867 4051 parum
880 3988 939 4037 certi
951 3997 995 4036 est.
1032 3988 1179 4035 Memoriam
1189 3996 1272 4035 tamen

170 4048 286 4109 baptismi
299 4049 447 4098 Soutbwella
459 4051 505 4099 sibi
517 4053 638 4111 vendicat,
651 4059 676 4100 et
687 4052 764 4113 pietas
776 4068 869 4113 regum,
882 4060 908 4100 et
924 4052 1088 4113 possessiones
1101 4051 1271 4113 episcoporum

170 4112 246 4161 ntor.
265 4114 360 4160 Paulini
370 4129 545 4173 encaemorum,
557 4122 583 4165 et
593 4116 723 4178 collegiata
734 4118 887 4165 sacerdotum
900 4116 1002 4164 ecclesia
1014 4116 1074 4164 inibi
1093 4115 1207 4165 instituta
1223 4118 1272 4177 pri-

170 4185 235 4223 vatas
245 4177 298 4237 eius
309 4178 357 4225 loci
368 4179 476 4228 historiae
487 4181 560 4227 tidem
573 4187 752 4228 consecrarunt.
769 4181 795 4227 S.

205 4252 243 4301 17.
255 4243 355 4305 caucos]
372 4244 513 4293 M.Westm.
524 4244 607 4303 habet,
621 4260 669 4307 per
683 4246 791 4292 11111111
804 4260 879 4291 areos
892 4245 1020 4300 conduxit,
1034 4244 1117 4293 male:
1135 4260 1191 4292 nam
1206 4246 1272 4294 Beda

169 4320 284 4365 expresse
295 4306 364 4366 dicit,
376 4324 464 4356 caucos
474 4311 588 4373 suspendi
594 4310 699 4371 jrtberet.
734 4309 800 4356 Vasa
812 4308 841 4355 ad
857 4309 955 4357 bibendi
971 4324 1041 4356 usum
1057 4310 1144 4369 posita.
1180 4311 1218 4358 De
1236 4310 1274 4358 bis

170 4369 245 4417 Treb.
256 4370 344 4431 Pollio,
358 4370 421 4421 Item
432 4376 460 4421 in
471 4389 559 4422 caucos
569 4381 593 4423 et
606 4375 715 4435 Scyphos
720 4375 802 4434 pondo
812 4374 934 4421 undecim.
954 4373 1118 4421 AEdilberctus
1127 4390 1170 4423 rex
1180 4375 1274 4423 Cantiae

169 4447 209 4493 ep.
227 4436 257 4481 ad
274 4451 294 4482 s.
307 4436 462 4486 Bonifaciutn
482 4438 551 4501 Mag.
588 4441 697 4486 Caurum
714 4444 861 4499 argenteum
880 4440 948 4485 intua
965 4439 1113 4486 deauratum
1128 4447 1272 4501 pensantem

171 4500 248 4547 libros
259 4506 317 4549 tres.
334 4502 360 4549 S.
384 4503 464 4563 Epist.
479 4504 589 4551 bonifac.
601 4505 636 4551 xl.
649 4503 728 4552 Serar.
761 4503 795 4550 Et
805 4502 854 4550 vid.
868 4502 908 4549 Da
921 4502 1004 4563 caiigo
1016 4502 1040 4549 in
1054 4519 1077 4551 v.

699 4568 753 4628 aa
