3100 5125
492 357 656 431 eENTIS
680 362 950 431 ANeLORUM.
1224 367 1268 433 99

170 515 354 592 mmmm,
371 516 424 601 qui
445 524 522 581 ana
544 531 615 581 eum
636 518 790 603 regnave,
810 538 869 602 pa
890 500 1014 581 evasa
1035 509 1177 580 oeneus
1197 514 1268 578 aa

169 601 219 664 vel
233 623 340 687 regna,
355 603 457 666 multo
478 624 633 666 annorum
650 611 795 688 tempore
813 603 965 687 profugus
979 607 1169 687 vagaretur3
1195 606 1266 664 tan-

170 686 243 749 dem
257 687 345 751 venit
366 689 429 751 ¹ad
449 687 658 765 Redualdum,
673 689 843 752 obsecrans
861 695 900 751 ut
918 689 1017 750 vitam
1037 703 1128 750 suam
1144 707 1165 748 a
1181 683 1266 749 tanti

170 773 381 856 perseeutoris
394 766 517 845 insidiis
531 775 668 838 tutando
683 781 842 837 servaret:
867 773 920 857 qui
940 772 1076 836 libenter
1092 788 1165 835 eum
1185 770 1268 833 exei-

130 884 162 918 20
171 857 269 941 piens,
285 857 431 942 promisit
453 881 487 922 se
508 881 578 942 quae
596 860 796 943 ypetebatur,
812 879 882 922 esse
898 859 1066 922 fauturum.
1110 855 1159 920 At
1179 861 1267 940 post·

171 964 268 1026 quam
291 936 445 1006 AEdilfrid
471 944 504 1006 in
529 945 588 1008 hae
614 965 686 1007 eum
711 944 872 1028 provineia
896 942 1089 1029 apparuisse,
1117 948 1151 1005 et
1179 941 1267 1025 apud

171 1048 279 1126 regem
300 1028 382 1092 illius
403 1028 601 1093 familiariter
622 1048 694 1092 eum
717 1029 808 1092 soeiis
830 1022 977 1092 babitare
1000 1026 1156 1113 cognovit,
1179 1027 1268 1090 misit

171 1134 312 1190 nunoros,
329 1115 382 1197 qui
398 1114 563 1178 Redualdo
582 1115 748 1198 peuuniam
769 1114 903 1177 multam
922 1133 980 1198 pro
994 1135 1072 1176 neee
1090 1109 1159 1198 ejus
1173 1112 1266 1176 offer·

170 1205 261 1261 rent:
285 1220 388 1282 neque
402 1200 522 1284 aliquid
539 1200 682 1284 profecit.
729 1198 822 1262 Misit
841 1200 987 1274 seeundo,
1003 1197 1090 1261 misit
1106 1198 1213 1273 tertio,
1234 1203 1271 1262 et

172 1283 347 1368 eopiosiora
373 1285 520 1370 zargenti
545 1285 629 1348 dona
652 1283 795 1360 offerens,
822 1290 856 1347 et
880 1283 997 1347 bellum
1019 1284 1148 1367 insuper
1170 1282 1214 1345 illi
1240 1277 1268 1346 si

172 1375 435 1447 contemneretur,
451 1366 601 1433 indioens.
646 1370 707 1450 Qui
722 1369 770 1433 vel
784 1369 878 1432 minis
892 1371 1022 1446 fruetus,
1037 1369 1086 1432 vel
1100 1375 1270 1454 corruptus

129 1479 160 1526 ²⁵
172 1454 362 1532 muneribus,
381 1457 477 1520 oessit
498 1455 693 1538 depredanti,
711 1460 763 1518 aot
786 1453 851 1518 sive
871 1454 1012 1518 oeoidere
1029 1475 1064 1516 se
1078 1451 1267 1532 AEduinum,

172 1559 227 1602 seu
243 1540 403 1624 legatariis
416 1542 544 1606 tradere
558 1541 712 1624 premisit.
757 1540 851 1620 Quod
864 1540 919 1602 ubi
934 1539 1125 1602 bfidissimus
1138 1539 1268 1622 quidam

170 1624 291 1688 amieus
315 1625 397 1688 illius
422 1626 656 1702 animadvertit,
682 1625 815 1690 intravit
839 1624 1016 1688 eubieulum
1042 1646 1104 1708 quo
1130 1624 1269 1688 dormire

172 1709 369 1794 disponebat,
391 1718 461 1775 erat
483 1709 568 1774 euim
589 1711 692 1796 prima
712 1710 794 1774 hora
814 1709 926 1787 noetis,
943 1716 977 1773 et
994 1715 1159 1774 evocatum
1173 1711 1268 1786 foras,

172 1795 248 1878 quid
272 1817 347 1880 erga
376 1819 448 1860 eum
476 1817 571 1880 agere
600 1815 657 1860 rex
685 1795 890 1880 promisisset,
915 1795 1052 1870 edocuit,
1079 1800 1113 1858 et
1141 1794 1271 1879 insuper

171 1880 305 1966 adjecit:
331 1882 369 1946 Si
383 1903 450 1965 erpo
464 1883 519 1957 air,
535 1883 593 1946 luae
606 1883 675 1966 ipae
689 1881 764 1944 loru
779 1881 905 1944 odaeum
924 1891 952 1944 to
971 1881 1008 1944 de
1024 1881 1082 1944 leo
1096 1879 1268 1963 prooiraoie,

172 1975 201 2029 et
223 1987 259 2029 ou
281 1967 317 2028 iu
340 1965 405 2030 loru
427 1965 629 2042 introducam,
652 1965 705 2029 ubi
726 1987 882 2050 uuuquum
907 1976 935 2030 to
956 1965 1004 2030 ott
1023 1965 1202 2030 Redualdue
1223 1960 1273 2029 ool

128 2051 373 2135 soledetate
396 2053 532 2118 tumetra
556 2052 687 2116 ualeant.
734 2051 795 2130 Qui
818 2051 885 2115 ait:
920 2052 1048 2115 Gratiae
1069 2049 1190 2135 quidem
1213 2071 1270 2135 epo

172 2135 376 2200 batavoleulice
396 2146 482 2211 ture:
504 2157 563 2202 uou
583 2143 681 2200 temera
701 2137 753 2200 boe
767 2137 875 2219 faeere
888 2157 1012 2222 possum
1028 2136 1111 2221 quod
1129 2137 1268 2221 etpumia,

171 2231 205 2284 ul
213 2231 340 2306 puerum
354 2223 435 2306 quod
448 2244 515 2286 otuu
529 2229 612 2286 tauro
627 2239 693 2306 repe
707 2222 776 2298 iuti,
792 2223 857 2306 ipae
864 2223 988 2304 primae
1001 2222 1128 2284 irritum
1133 2221 1269 2303 sarium,

172 2327 239 2370 eum
253 2307 305 2371 lla
319 2308 395 2370 milui
409 2307 458 2370 ull
470 2308 545 2370 muli
556 2309 676 2390 feeerit,
692 2307 742 2370 ult
756 2307 857 2370 adbuc
870 2307 1106 2370 inimicitiam
1119 2306 1268 2370 intulerit.

174 2393 256 2469 Quia
275 2393 388 2476 potius,
411 2394 439 2456 au'
460 2391 625 2456 meriturus
645 2413 720 2468 aum,
744 2393 797 2456 uu
818 2414 863 2455 nra
881 2391 977 2476 mapa
998 2414 1091 2476 quum
1110 2391 1271 2476 ambitor

171 2479 330 2563 quiequam
352 2490 415 2541 cmo
437 2479 527 2541 uerti
546 2479 661 2542 tradet.
710 2479 773 2555 Quo
794 2479 875 2540 euim
893 2499 973 2540 uiuae
987 2477 1123 2561 sapiam,
1142 2478 1196 2563 qui
1210 2499 1272 2563 per

128 2584 268 2635 asumuea
290 2564 461 2628 Brittania
483 2564 668 2648 prooiuoiue,
693 2572 734 2627 tot
757 2584 908 2626 eduorum
930 2574 1150 2647 nummumque
1172 2564 1271 2626 uerri·

172 2648 248 2711 oubb
269 2648 472 2733 uupabuudue,
495 2649 622 2713 muium
645 2648 779 2712 uitulum
801 2648 958 2711 midiae?
1002 2648 1153 2711 Abeunte
1172 2648 1271 2733 igitur

171 2734 273 2797 amieo
289 2734 441 2799 remansit
456 2732 593 2798 AEduini
613 2734 698 2797 solus
716 2733 802 2808 foris,
817 2733 1021 2815 residensque
1040 2738 1174 2796 moestus
1193 2740 1271 2797 aute

171 2818 334 2903 palatium,
369 2818 477 2884 multis
511 2820 609 2903 acepit
645 2818 875 2904 cogitationum
907 2818 1040 2881 testibus
1071 2817 1162 2895 affiei,
1184 2817 1270 2902 ‘quid

171 2913 291 2989 egeret,
307 2927 407 2988 quove
421 2906 534 2990 pedem
549 2911 688 2969 verteret
703 2904 835 2967 nesoius.

216 2988 356 3074 Oumque
379 2990 433 3053 diu
455 2990 562 3055 tacitis
584 2990 700 3053 mentis
721 2988 894 3073 angoribus
920 2994 953 3052 et
977 3009 1061 3051 oaeeo
1084 2995 1271 3073 carperetur

204 3179 220 3208 1
231 3170 267 3215 ad
275 3182 361 3229 regem
372 3168 532 3216 Reduuldum
543 3166 605 3214 V.G.
682 3176 697 3215 r
705 3164 806 3232 petetur
817 3166 879 3212 V.G.
963 3172 976 3203 2
987 3166 1046 3211 uari
1058 3171 1083 3211 et
1092 3167 1196 3225 argenti
1206 3164 1270 3211 V.G.

171 3244 187 3275 α
198 3234 238 3281 Ita
249 3233 302 3281 cod.
315 3234 378 3281 Mor.
391 3240 416 3281 et
426 3233 456 3281 V.
481 3232 548 3280 Male
559 3238 588 3279 ut
599 3231 624 3277 S.
636 3245 708 3291 quem
720 3229 830 3291 sequitur
841 3230 877 3278 St.
1014 3229 1196 3291 bfidelterimm
1206 3230 1269 3277 V.G.

171 3308 184 3337 0
197 3312 236 3345 me
247 3312 295 3344 om.
308 3296 370 3345 V.G.
387 3312 466 3359 neque
476 3298 591 3357 uguomu
601 3295 670 3343 Vere.
684 3294 743 3341 Sax.

171 3444 197 3493 in
210 3444 296 3504 Capite
307 3444 394 3504 primo.
417 3442 483 3489 Nar'n
493 3440 595 3490 absurde
605 3440 681 3488 codex
692 3442 720 3489 Α.
730 3440 762 3487 Τ.
771 3439 799 3487 C.
812 3455 866 3500 pag.
879 3454 908 3499 14
929 3437 1085 3486 traditionem
1095 3439 1162 3486 illam
1173 3441 1271 3498 torquet

171 3510 202 3557 ad
210 3508 303 3556 AEllam
311 3522 391 3569 regem
400 3507 486 3556 Ocrid.
496 3507 587 3554 saxon.
596 3513 689 3566 patrem
698 3505 780 3553 Cissae.
788 3506 813 3550 S.
831 3504 904 3552 cont.
912 3506 1030 3550 Bremton
1038 3503 1268 3562 ReguNorthumb.

171 3588 195 3635 p.
210 3584 264 3635 779.
288 3573 347 3619 Hac
364 3572 448 3619 omnia
462 3572 529 3619 suere
545 3576 603 3619 ante
618 3570 688 3617 A.D.
701 3568 757 3616 616.
781 3568 837 3615 Vid.
849 3584 915 3629 supr.
927 3568 957 3614 ad
969 3582 993 3631 9.
1017 3566 1105 3615 Matth.
1119 3566 1270 3615 Westm.ait

172 3637 306 3685 AEdvinum
317 3651 331 3683 e
343 3635 422 3696 patria
432 3635 557 3695 expulsum
570 3634 681 3682 exulasse
692 3633 751 3680 xvii.
764 3647 843 3679 anuos
853 3631 916 3692 apud
928 3632 1089 3679 Redvaldum.
1123 3631 1270 3678 AEdilt‘ridus

170 3716 274 3762 regnare
290 3700 381 3761 inrepit
394 3699 462 3748 A.D.
475 3712 529 3761 593.
546 3698 636 3746 Cbron.
654 3699 709 3745 Sax.
744 3698 825 3745 Causa
841 3696 977 3743 inimicitia
994 3710 1042 3743 uon
1055 3695 1155 3752 dicitur,
1173 3695 1215 3742 sed
1231 3694 1268 3741 vi·

171 3766 242 3813 detur
254 3770 309 3811 orta
321 3765 395 3811 fuisse
412 3778 426 3811 e
442 3762 575 3813 oemamiue
586 3762 734 3809 diversarum
748 3761 932 3821 turpiumque
943 3760 1034 3821 regiam
1046 3765 1189 3819 potestatem
1202 3766 1267 3817 pete-

170 3830 238 3877 bant.
266 3829 346 3876 Juxta
357 3828 461 3876 Floreat.
472 3828 528 3887 Vig.
537 3827 680 3888 Genealog,
692 3834 717 3874 et
728 3826 786 3873 Sim.
800 3827 867 3873 Dun.
879 3825 949 3872 Pras.
963 3824 1028 3871 Hist.
1040 3823 1079 3870 hic
1094 3838 1175 3871 rerum
1190 3830 1269 3870 status

171 3894 245 3941 fuisse
257 3893 360 3940 videtur.
395 3890 439 3939 lda
455 3891 546 3951 primus
562 3906 604 3937 rex
621 3890 805 3938 Nerthumbriae
817 3889 866 3936 fuit
882 3889 912 3935 ab
930 3890 959 3934 Α.
969 3888 1001 3935 Ι).
1015 3898 1062 3947 547
1080 3887 1110 3934 ad
1128 3898 1190 3950 5592
1216 3893 1267 3932 tum

169 3958 224 4019 ejus
237 3958 302 4004 lilius
314 3956 393 4013 Adde,
403 3961 428 4003 et
438 3956 493 4002 dein
507 3955 550 4002 alii
562 3955 606 4001 filii
618 3954 705 4002 fratres
716 3954 788 4014 hujus
801 3959 964 4013 regnaverunt
974 3964 1046 4009 super
1058 3951 1194 4005 Bernicios,
1204 3947 1270 3997 AEllu

169 4036 228 4070 vero
239 4020 352 4081 regnavit
363 4022 388 4067 iu
400 4020 486 4073 Delta,
499 4020 529 4065 ab
541 4020 569 4067 Α.
579 4019 611 4067 D.
623 4032 671 4083 559
680 4020 710 4065 ad
720 4019 776 4079 589.
802 4018 902 4064 Mortuo
913 4016 979 4063 AElla
990 4015 1068 4061 filium
1079 4014 1131 4074 ejus
1142 4014 1268 4061 trimulum

171 4086 293 4133 ilduinum
305 4085 400 4144 expulit
409 4084 557 4131 AEthelricus
566 4082 631 4131 lilius
640 4084 688 4129 ldae
698 4081 750 4145 (qui
760 4090 811 4128 tum
822 4080 886 4142 patri
897 4087 923 4128 et
933 4080 1050 4128 fratribus
1061 4079 1111 4125 erlis
1121 4089 1271 4125 suceesserut

169 4151 196 4197 in
214 4147 339 4211 Bernieia)
354 4158 379 4197 et
393 4163 494 4209 regnum
514 4148 643 4195 Deirorum
657 4161 701 4193 suo
718 4160 795 4206 reguo
812 4144 907 4205 adjecit,
924 4151 949 4191 et
964 4143 1073 4205 quinque
1086 4142 1167 4189 'annos
1182 4143 1268 4191 tenuit.

171 4215 272 4261 Mortuo
289 4211 424 4261 AEtbelrico
443 4212 507 4259 lilius
526 4211 579 4271 ejus
597 4210 742 4258 AEdilfridus
761 4210 784 4257 ei
802 4208 919 4257 successit
934 4208 1009 4256 A.D.
1021 4220 1078 4269 593.
1096 4207 1122 4253 in
1139 4207 1268 4267 imperium

170 4278 295 4339 utriusque
306 4278 398 4339 populi,
408 4277 485 4324 donec
496 4291 511 4323 a
522 4275 648 4323 Redraldo
657 4275 752 4321 ooclsus
759 4280 804 4321 est.

205 4343 394 4406 repetebatur]
415 4341 506 4389 Melius
520 4340 623 4387 fortasse
639 4346 704 4385 esset
714 4339 882 4401 petebantur:
899 4337 940 4385 sed
958 4336 1016 4383 ferri
1033 4342 1113 4397 potest
1124 4336 1268 4397 petebatur,

169 4420 242 4454 seusu
254 4407 353 4466 perinde
365 4420 394 4453 ao
404 4404 551 4463 rogabatur.
586 4402 679 4451 Similis
691 4401 770 4451 forma
781 4410 820 4451 est
830 4401 896 4450 iufra
905 4401 941 4449 iii.
954 4413 976 4464 5.
990 4412 1030 4461 53.

204 4485 242 4533 39.
255 4486 316 4518 ceco
328 4476 475 4532 carperetur
485 4469 547 4531 igue]
563 4468 635 4517 Conf.
646 4468 714 4527 Virg.
728 4468 787 4516 AEn.
798 4467 832 4515 ir.
844 4480 868 4513 a.

690 4532 744 4591 oa
