3100 5125
228 393 258 456 vi
634 394 925 458 PRAEFATIO.

227 544 321 607 nibus
335 545 530 628 depromptae
543 553 626 623 sunt,
642 547 826 632 plerumque
841 566 915 609 vero
937 543 999 608 alia
1019 544 1112 609 litera
1127 566 1197 629 quae
1217 551 1325 609 aucto-

228 650 296 691 rem
325 651 417 692 suum
446 631 572 714 prodat.
633 632 750 696 Literae
777 631 824 695 vel
853 630 932 715 sigla
962 652 1032 714 quae
1062 630 1200 715 singulos
1229 630 1325 694 libros

227 714 364 798 scriptos
387 716 434 779 vel
456 716 560 780 editos
583 717 636 801 qui
659 717 692 779 in
713 717 855 802 margine
878 715 1019 779 citantur
1040 716 1216 800 designant,
1242 715 1324 780 infra

227 799 459 864 describuntur.

273 885 377 949 Notas
400 886 527 949 Smithii
549 888 591 950 ad
614 887 731 951 calcem
752 886 877 972 paginae
893 886 1023 951 distinxi
1045 886 1138 950 litera
1159 886 1190 949 S.
1211 886 1243 947 in
1261 886 1323 950 fine

227 970 364 1055 scripta:
388 972 448 1034 nisi
464 973 549 1058 quod
563 973 659 1035 semel
674 973 790 1057 pagina
804 992 862 1056 331
884 994 955 1035 eam
969 980 1081 1036 notare
1095 971 1196 1035 omisi.
1241 972 1324 1035 Sunt

226 1078 352 1140 quoquc
371 1079 537 1142 perpaucae
560 1058 688 1122 smithii
710 1059 827 1122 notulae
850 1058 935 1122 inter
956 1058 1126 1121 lectionum
1141 1056 1321 1134 varietates,

225 1142 281 1205 ubi
296 1144 619 1227 oportebateandem
636 1143 873 1208 distinctionem
894 1165 1040 1217 servare;
1065 1144 1121 1206 sed
1140 1142 1322 1227 imprudens

1533 120 1541 255 l

1497 236 1547 707 l

226 1227 260 1289 id
274 1228 473 1312 praetermisi.
518 1230 563 1293 Et
585 1236 661 1293 sunt
681 1231 823 1315 profecto
838 1251 901 1292 non
916 1229 1023 1327 magni
1037 1228 1198 1304 momenti,
1215 1227 1322 1312 quales
1430 1254 1432 1261 ’

225 1312 342 1398 legenti
357 1313 423 1377 fere
441 1336 480 1377 ex
501 1315 570 1399 ipsa
588 1338 622 1379 re
643 1315 804 1379 constabit
819 1339 838 1379 a
855 1314 982 1378 Smithn
997 1314 1134 1378 editione
1149 1314 1322 1377 translatas

224 1420 312 1462 esse:
347 1422 421 1463 nam
447 1409 571 1464 caeterae
597 1401 776 1485 hujusmodi
801 1401 928 1476 notulae,
953 1421 1022 1484 quae
1043 1420 1121 1463 meae
1147 1406 1231 1477 sunt,
1258 1398 1322 1483 ple-

224 1506 331 1568 raeque
360 1485 408 1549 vel
437 1485 539 1570 ipsam
570 1486 697 1550 Smithii
730 1486 900 1557 lectionem
936 1486 1117 1569 respiciunt,
1148 1485 1197 1548 vel
1225 1484 1322 1548 libros

224 1570 327 1634 citant
341 1570 455 1655 quibus
471 1572 576 1636 Smith
589 1594 653 1636 non
668 1594 744 1635 usus
759 1579 818 1635 est.

302 1818 310 1827 ,
389 1752 547 1836 Expositis
562 1752 716 1836 &plorem
729 1772 797 1835 qcoe
811 1751 845 1813 tn
859 1750 996 1834 marytres
1010 1750 1155 1833 baptmtar.

224 1871 260 1925 V.
382 1882 473 1937 notat,
597 1872 745 1929 Editiones
759 1880 825 1927 ante
841 1870 935 1927 Smith
949 1871 1089 1945 vulgatas.

225 1950 260 2006 st
263 1994 587 2011 .................
599 1954 760 2008 Editionem
776 1952 944 2008 Stevenson.
1047 1984 1055 1999 ·

223 2032 300 2087 W...
610 2032 980 2089 -WhelociCantabn
999 2032 1083 2104 1643.

224 2110 249 2167 C
252 2154 584 2171 .................
609 2144 683 2157 —-
699 2112 827 2169 Coloniae
847 2112 931 2169 1688.

224 2192 249 2246 L
252 2235 585 2251 .................
608 2226 683 2237 --
697 2192 817 2249 Lovanii
839 2213 846 2249 ι
853 2193 920 2269 566,

225 2272 253 2326 G
255 2314 584 2331 .................
606 2308 687 2319 --
702 2274 790 2329 Giles.

224 2352 332 2407 Bened.
357 2400 585 2411 ............
609 2388 680 2397 -κ
700 2355 915 2410 Benedictinam
930 2353 1121 2427 Epistolarum
1137 2351 1278 2425 Gregorii.

224 2432 268 2487 M.
283 2432 327 2488 vel
341 2434 427 2489 Mans
443 2481 589 2493 ........
602 2434 806 2491 collectionem
822 2434 1012 2491 Consiliorum
1027 2433 1134 2490 Mansi.

222 2512 250 2568 J.
266 2511 385 2570 Diacon,
400 2559 424 2572 ..
441 2561 446 2572 .
460 2561 465 2572 .
482 2563 487 2572 .
501 2563 506 2572 .
522 2563 547 2574 ..
563 2516 738 2574 ..Johannis
752 2516 873 2572 Diaconi
886 2514 982 2572 Vitam
997 2514 1139 2590 Gregorii.

224 2593 294 2650 Sex.
309 2595 354 2650 vel
370 2596 451 2654 Vers.
464 2596 532 2653 Sar.
558 2644 563 2654 .
577 2644 583 2654 .
596 2597 762 2652 Versionem
775 2595 946 2653 saxonicam
959 2596 1091 2652 Historiae
1106 2594 1319 2651 Ecclesiasticae.

224 2673 286 2730 Ser.
316 2721 586 2736 ..............
598 2678 759 2732 Editionem
776 2677 967 2751 Epistolarum
985 2675 1120 2732 Bonifacii
1137 2673 1249 2731 Serarii.

224 2756 329 2812 c.et1
332 2799 583 2816 .............
595 2760 675 2814 Duos
693 2759 846 2814 earundem
865 2757 976 2813 codices
996 2757 1096 2830 quibus
1116 2775 1184 2810 usus
1206 2763 1250 2810 est
1268 2753 1321 2810 Se·

670 2857 770 2895 rarius.

224 2918 272 2989 Sp.
312 2963 336 2974 ..
353 2964 377 2975 ..
394 2965 417 2974 ..
434 2964 458 2976 ..
474 2965 499 2975 ..
515 2964 539 2976 ..
556 2919 756 2976 ..Editionem
771 2915 937 2992 Spelmanni
952 2916 980 2972 in
996 2915 1131 2974 Conciliis
1145 2916 1274 2972 Britann.

224 2997 297 3052 Cod.
310 2998 378 3052 Mor
379 3040 579 3056 ...........
592 2999 726 3054 Codicem
741 2999 831 3055 Mori.

224 3077 297 3132 Cod.
312 3077 444 3134 Dunelm.
471 3124 495 3135 ..
511 3124 536 3136 ..
553 3125 577 3136 ..
603 3110 669 3120 -κ
702 3079 838 3135 Historiae
859 3078 1063 3134 Ecclesiasticae
1089 3076 1119 3132 in
1144 3077 1322 3132 Bibliotheca

668 3157 802 3214 Ecclesiae
816 3158 1014 3213 Dunelmensis
1032 3167 1238 3212 conservatum.

224 3239 297 3296 Cod.
313 3239 347 3294 B.
362 3239 449 3313 Digb.
469 3285 532 3297 ...,
551 3285 575 3297 ..
597 3271 677 3282 -
692 3237 827 3293 Historiae
842 3237 984 3292 Abbatum
1001 3238 1031 3291 in
1052 3237 1229 3293 Bibliotheca
1243 3237 1320 3292 Bod-

669 3318 771 3382 leiana,
788 3316 883 3390 Digby
904 3334 966 3373 112.

224 3399 296 3456 Cod.
313 3399 346 3455 Β.
362 3401 447 3456 Fairf.
468 3446 492 3456 ..
510 3445 575 3456 ....
599 3431 680 3443 -—
695 3397 830 3454 Historiae
848 3397 974 3470 ejusdem
994 3396 1023 3452 in
1045 3396 1220 3453 Bibliotheca
1234 3393 1319 3453 ’Bod-

667 3479 768 3542 leiana‚
785 3478 897 3533 Fairdax
912 3478 940 3532 6.

224 3559 296 3616 cod.
312 3559 398 3616 Mert.
429 3607 453 3616 ..
601 3589 679 3602 -·-
694 3557 829 3631 Epistolae
849 3558 884 3612 ad
899 3558 1073 3631 Eogbertum
1094 3557 1123 3614 in
1144 3555 1321 3613 Bibliotheca

669 3639 790 3714 Collegii
804 3637 941 3694 Mertoni.

1515 1386 1547 1727 l

1514 2322 1540 2730 „

1512 4641 1537 5096 ἃ
