3100 5125
369 895 700 981 HISTORIAE
755 893 1285 979 ECCLESIASTICAE
1397 928 1452 993 103

533 1104 744 1178 GENTIS
786 1100 1121 1175 ANGLORUM

644 1305 782 1370 LIBER
804 1304 1010 1370 TERTIUS.

688 1536 964 1586 ...φ-.-

751 1751 858 1814 oAP.
882 1751 908 1813 l.
1388 1780 1402 1830 5
1517 1650 1526 1884 1

283 1887 320 1944 Ut
329 1887 415 1962 primi
428 1905 594 1943 successores
608 1887 724 1943 AEdciui
738 1889 821 1962 repis,
837 1897 864 1944 et
871 1889 956 1962 fidem
969 1906 1024 1944 auc
1034 1888 1124 1961 pestis
1137 1887 1339 1962 “prodiderunt
1352 1897 1381 1944 et

314 1987 423 2042 requam
432 1986 519 2042 porro
536 1967 673 2023 osualdus
689 1967 936 2024 Christianissimae
948 1987 998 2023 rec
1010 1977 1151 2041 atrumque
1163 1969 1336 2024 restauravit.

125 2087 263 2147 anta.
365 2076 391 2138 T
411 2075 578 2138 interiecto
598 2074 631 2137 in
650 2098 757 2161 pugna
772 2075 927 2153 AEduino,
944 2076 1082 2160 suscepit
1096 2098 1156 2160 pro
1173 2076 1228 2140 illo
1246 2098 1381 2162 regnum
1524 2044 1526 2202 Ι

119 2155 243 2234 Oseierex
387 2160 565 2237 Deirorum‚
589 2161 628 2223 de
650 2183 713 2244 qua
734 2161 896 2246 provincia
918 2161 970 2225 ille
991 2161 1116 2246 generis
1141 2162 1324 2247 prosapiam
1346 2168 1380 2226 et

119 2221 258 2269 ¹³⁰¹'⁰'¹¹¹”·
281 2246 455 2332 primosus
474 2245 563 2330 regni
582 2247 749 2324 moueat,
764 2247 847 2308 auus
864 2247 971 2331 patrus
989 2248 1057 2330 ejus
1071 2246 1210 2323 musei,
1226 2248 1379 2311 vocabulo
1390 2274 1420 2306 ,ο

284 2331 383 2406 Osric,
405 2331 459 2414 qui
481 2331 523 2394 ad
543 2330 802 2415 praedicationem
824 2331 961 2409 Paulini,
984 2332 1058 2395 fidei
1080 2339 1150 2395 erat
1172 2333 1380 2396 sacramentis

120 2421 222 2468 nautae
282 2416 432 2480 imbutus.
478 2417 580 2479 Porro
602 2437 734 2500 regnum
749 2416 976 2493 Berniciorum‚
991 2439 1066 2480 nam
1085 2417 1119 2478 in
1136 2418 1194 2480 has
1212 2419 1292 2481 duas
1309 2439 1381 2502 pro-

121 2485 255 2533 B⁶¹¹¹³⁰³⁰⁵
283 2500 401 2566 vincias
437 2523 493 2565 cns
504 2501 841 2587 Nordanhymbrorum
851 2502 1028 2601 antiquitus
1039 2502 1139 2567 divisa
1150 2510 1229 2581 erat,
1242 2503 1382 2589 suscepit

283 2588 365 2650 filius
429 2587 549 2649 dilfridi
564 2586 618 2670 qui
633 2587 672 2650 de
687 2586 740 2651 illa
754 2588 916 2672 provincia
930 2588 1055 2673 genesis
1069 2594 1103 2651 et
1117 2589 1207 2673 regni
1227 2590 1382 2674 originem

284 2674 428 2749 duxerat,
444 2673 569 2736 nomine
585 2672 729 2735 Eanirid.
774 2672 936 2756 Siquidem
950 2680 1092 2758 tempore
1107 2680 1178 2737 toto
1193 2696 1256 2757 quo
1271 2696 1381 2759 regna
1523 2705 1526 2782 Ι

283 2758 491 2835 diffidam,
507 2757 984 2842 filiipraefatiregisAEdilfridi
1000 2758 1144 2842 quiante
1161 2758 1248 2821 illum
1269 2781 1381 2843 regna-

284 2851 383 2919 verat,
396 2866 467 2906 eum
479 2865 595 2927 magna
609 2842 759 2906 nobilium
771 2844 938 2926 juventute
952 2844 1038 2928 apud
1054 2844 1182 2907 Scottus
1194 2844 1257 2907 sive
1270 2844 1380 2908 Pictos
1392 2865 1415 2913 15

284 2928 465 3004 exulabant,
481 2927 588 3011 ibique
603 2928 645 2991 ad
660 2928 838 2992 doctrinam
854 2929 1037 2993 Scottorum
1051 2928 1237 2993 catechizati
1253 2938 1287 2993 et
1305 2930 1381 3013 bap

722 3088 736 3117 ἃ
742 3080 908 3139 perdiderant
918 3079 949 3127 V.

320 3221 357 3255 rr.
370 3210 397 3255 in
409 3210 454 3255 tes
464 3208 527 3254 duae
539 3206 692 3268 menindus]
714 3207 743 3255 Iu
760 3206 861 3255 Deiram
873 3222 927 3269 qnae
943 3206 974 3255 ab
987 3207 1098 3255 Humbra
1113 3206 1240 3269 incipiens,
1251 3208 1283 3255 ad
1293 3209 1383 3256 Tesam

286 3272 386 3320 durium
399 3270 585 3329 terminabatur,
598 3278 623 3317 et
637 3270 662 3317 in
678 3270 818 3319 Berniciam
828 3286 883 3333 quse
894 3287 908 3319 a
919 3272 985 3319 Tesa
1000 3286 1077 3332 usque
1087 3273 1119 3319 ad
1128 3272 1244 3319 Twedam
1256 3274 1383 3333 protende·

285 3338 364 3385 batur.
388 3336 460 3383 Unde
470 3334 543 3383 etiam
555 3334 654 3397 quidam
665 3350 734 3397 reges
746 3335 974 3399 Ncrdbymbrorum
984 3336 1119 3398 regnabant
1130 3350 1203 3397 super
1210 3337 1276 3385 solos
1284 3338 1383 3393 Deiros,

286 3402 351 3448 sieut
361 3400 443 3457 AElle3
459 3399 558 3461 quidam
568 3413 640 3460 super
651 3401 717 3447 solos
728 3398 863 3457 Bernicios,
875 3400 940 3449 sicat
950 3401 1022 3448 Adde
1032 3400 1098 3448 tilius
1111 3400 1220 3461 ejusdem
1232 3402 1316 3462 AElle3
1332 3402 1384 3463 qui-

286 3466 341 3512 dam
356 3478 429 3525 super
442 3474 556 3524 auosque
568 3464 631 3511 sicut
643 3464 766 3511 AEduiuus
777 3464 843 3511 iilius
855 3464 964 3525 ejusdem
978 3465 1061 3522 AEllae,
1072 3472 1098 3512 et
1112 3480 1131 3512 s.
1145 3463 1279 3525 Osnaldus,
1291 3473 1318 3513 et
1331 3475 1385 3526 post

286 3543 342 3577 eum
353 3529 428 3575 frater
439 3528 491 3588 ejus
502 3528 590 3577 Osuiu.
623 3528 645 3575 A
657 3537 767 3590 tempore
777 3528 846 3589 cujus
857 3528 936 3577 Osuiu
947 3535 1049 3589 numae
1060 3528 1128 3589 regio
1138 3528 1183 3576 sub
1195 3544 1245 3576 uno
1256 3545 1333 3591 reguo
1348 3546 1385 3578 re·

286 3592 385 3641 mansit.
409 3592 448 3640 lte
464 3593 520 3640 Ric.
537 3593 602 3653 Hag.
618 3608 642 3639 x.
658 3594 710 3641 Scr.
727 3608 750 3654 p.
765 3592 820 3641 ecs
856 3594 952 3641 Harum
969 3599 1051 3640 mareu
1069 3592 1248 3653 provinciarum
1265 3596 1384 3642 terminos

286 3657 358 3719 longe
375 3656 446 3704 aliter
461 3656 580 3705 dederunt
596 3657 703 3718 quidam.
737 3657 828 3705 Deiros
838 3658 870 3704 ad
880 3658 1001 3715 Tuedam,
1015 3657 1141 3704 Bernicios
1155 3658 1187 3704 ad
1201 3658 1293 3705 belum
1310 3660 1385 3706 Edin-

286 3721 414 3783 burgicum
425 3721 597 3769 extendentes:
616 3728 642 3769 et
652 3720 778 3769 Bernieios
789 3721 886 3782 quidem
898 3722 929 3768 ad
939 3722 1029 3769 fretum
1040 3721 1211 3781 inveniamus;
1228 3721 1319 3770 Deiros
1327 3737 1385 3770 vero

288 3800 337 3834 nou
353 3786 418 3833 ultre
435 3786 524 3833 Tesam
542 3786 650 3833 fluvium.
670 3786 695 3833 S.
730 3784 818 3833 Obiter
834 3786 977 3845 notandum,
995 3785 1090 3833 nullum
1105 3785 1205 3833 Addam
1220 3786 1306 3834 filium'
1315 3787 1385 3836 AElla

289 3865 395 3911 nuquam
407 3850 491 3909 fuisse,
503 3857 620 3911 quantum
632 3864 646 3897 e
657 3849 786 3897 chronicis
796 3850 974 3910 deprehendere
984 3864 1121 3910 mutnus.

324 3928 360 3973 ¹4·
364 3914 419 3975 fieti
427 3913 531 3976 prefati
540 3916 608 3973 regis
618 3913 767 3976 AEdilfride]
788 3913 823 3961 Hi
840 3922 931 3976 septem
950 3914 1024 3972 inere,
1035 3928 1139 3976 quorum
1157 3913 1257 3962 nomina
1274 3914 1386 3962 dedimus

288 3992 361 4038 supra
372 3979 403 4025 ad
414 3978 439 4025 ii.
451 3993 475 4040 9.
511 3978 612 4032 Eanirid
623 3985 682 4027 natu
695 3978 816 4025 maximus
827 3978 882 4027 fuit.
914 3977 954 4027 De
965 3978 1010 4025 hoc
1021 3978 1154 4026 certamine
1165 3978 1230 4025 conf.
1242 3993 1309 4039 supr.
1320 3980 1351 4026 ad
1360 3978 1384 4027 ii.

291 4055 329 4089 12.
363 4043 530 4103 Suspicaretur
541 4042 644 4091 fortasse
658 4042 748 4107 aliquis
760 4042 843 4091 odium
855 4042 950 4091 hostilis
961 4042 1022 4104 regii
1033 4042 1128 4104 generis
1139 4042 1228 4089 Edviui
1241 4043 1386 4091 &nitidum

290 4106 400 4153 nonnihil
414 4106 519 4153 movisse
536 4108 567 4154 ad
583 4106 739 4167 rejiciendam
751 4106 824 4156 fidem
835 4106 1000 4164 Christianam
1011 4121 1085 4168 quem
1097 4107 1138 4153 ace
1149 4106 1241 4166 primm
1252 4106 1387 4155 intuleratz

289 4176 314 4217 et
325 4170 372 4218 fuit
382 4170 449 4217 AElla
461 4176 529 4231 pater
540 4170 652 4229 AEduiut
664 4170 740 4236 (quod
751 4186 826 4236 supra
837 4179 922 4222 notare
933 4170 1025 4233 omia)
1040 4169 1071 4218 ab
1082 4169 1132 4217 alia
1142 4169 1227 4231 stirpe,
1239 4186 1290 4219 noa
1301 4171 1332 4219 ab
1343 4172 1387 4220 Ida

289 4233 368 4294 primo
381 4234 568 4297 Nordhymbria
579 4249 643 4297 rege

325 4311 362 4359 15.
376 4298 471 4345 Scottoe
478 4302 529 4345 sice
540 4298 635 4359 Pictos]
657 4300 705 4347 Hic
718 4299 825 4361 primum
836 4300 903 4347 Beda
914 4302 1011 4348 Scottos
1021 4306 1094 4348 vocat
1105 4314 1154 4348 uon
1167 4300 1262 4362 eosqui
1273 4298 1387 4362 primitus

290 4368 314 4409 et
325 4369 389 4409 recte
402 4362 479 4409 Scotti
491 4362 567 4418 fuere,
578 4363 671 4411 scilicet
683 4364 808 4412 Hibernia
819 4363 922 4423 incolas,
934 4365 975 4412 sed
992 4365 1126 4413 mundum
1141 4365 1300 4413 recentiorem
1316 4378 1385 4413 usum

289 4425 382 4486 eosqui
395 4440 450 4473 cum
462 4426 535 4475 Pictis
547 4426 705 4476 Caledoniam
717 4427 867 4476 habitabant.
