3100 5125
371 356 437 422 AD
460 356 768 424 EOGBERGTUM
792 357 1087 424 ANTISTITEM.
1203 358 1268 425 385

174 507 365 571 Ambrosius
389 508 450 573 hoc
471 510 512 573 de
534 509 599 573 fide
618 511 756 593 loquens=
769 509 930 586 admonet,
957 516 995 573 ut
1016 510 1113 573 verba
1136 508 1270 593 symboli

98 612 165 679 307
175 592 342 657 matutinis
363 616 488 679 semper
507 594 595 657 horis
615 595 725 659 fideles
753 594 869 679 quique
893 594 1072 670 decantent,
1096 600 1130 658 st
1153 595 1213 659 hoc
1236 616 1271 659 se

175 678 266 761 quasi
288 677 436 743 antidoto
456 680 612 764 spirituali
631 687 745 744 contra
766 679 884 743 diaboli
906 701 1027 744 venena
1048 701 1118 764 quae
1140 678 1201 743 illis
1224 680 1271 745 in·

176 764 281 826 terdiu
303 764 351 827 vel
376 772 473 830 noctu
494 773 569 832 astu
589 765 728 851 maligno
751 764 887 849 objicere
909 772 1026 849 posset,
1048 764 1270 848 praemuniant.

177 847 363 913 Orationem
377 872 452 915 vero
467 850 667 915 Dominicam
686 850 801 934 saepius
816 850 1001 913 ndecantari
1016 850 1085 948 ipsa
1102 848 1199 914 etiam
1213 872 1272 917 nos

175 936 372 998 consuetudo
386 936 503 999 sedulae
518 935 747 1020 deprecationis
761 957 800 999 ac
814 957 952 1019 genuum
966 934 1109 999 flemonis
1124 935 1241 999 docuit.

154 1039 167 1085 5
222 1018 313 1097 Quod
329 1019 356 1082 si
370 1021 439 1085 haec
452 1028 490 1085 ut
502 1020 698 1106 suggerimus
709 1020 742 1083 in
756 1020 902 1105 regendis
916 1020 1142 1104 pascendisque
1153 1019 1273 1085 Christi

178 1104 288 1167 ovibus
312 1111 371 1169 tua
394 1107 564 1204 pastoralis
585 1104 761 1170 auctoritas
787 1106 964 1189 perfecerit,
987 1104 1050 1169 dici
1063 1126 1139 1168 non
1164 1112 1273 1189 potest

179 1195 334 1270 quantum
347 1190 406 1253 tibi
424 1213 568 1276 supernae
590 1190 743 1255 mercedis
763 1192 850 1273 apud
867 1191 1034 1255 Pastorem
1055 1197 1220 1274 pastorum
1238 1191 1273 1255 in

177 1272 286 1336 futuro
299 1277 537 1372 praeparaveris.
581 1276 709 1355 Quanto
724 1275 809 1338 euim
822 1276 945 1339 rariora
959 1276 1052 1359 hujus
1067 1275 1272 1341 sacratissimi

178 1358 1273 1528 tffltztlt”bffigssllssssffltltll’lsldlssl

141 1552 170 1587 ιο
177 1550 234 1611 per
248 1530 392 1593 crebram
407 1469 539 1615 symboli
553 1530 602 1595 vel
615 1468 769 1595 oratioriis
788 1469 896 1595 sacrari)
902 1468 1154 1594 decantaliouem
1169 1531 1211 1594 ad
1225 1530 1271 1592 in-

177 1612 347 1691 tellectum,
369 1638 518 1694 amorem,
540 1638 638 1700 spem,
659 1615 766 1693 fidem,
788 1622 822 1679 et
843 1614 1078 1699 inquisitionem
1100 1616 1272 1679 eorundem

177 1720 248 1780 quae
263 1699 476 1765 decantantur
489 1700 665 1766 coelestium
684 1701 848 1775 donorum,
868 1706 1003 1785 paterna
1022 1700 1143 1783 pictate
1157 1722 1196 1764 ac
1211 1700 1271 1763 sol-

177 1781 340 1847 licitudine
354 1793 582 1869 nprovocaeum
596 1786 787 1851 accenderis.
832 1785 921 1849 Sicut
936 1785 1128 1849 econtrario
1147 1785 1173 1849 si
1188 1806 1273 1848 com·¹

177 1867 308 1931 missum
321 1870 380 1934 tibi
394 1893 416 1934 a
430 1871 569 1934 Domino
582 1871 745 1956 negotium
758 1870 863 1935 minus
878 1870 1045 1955 diligenter
1059 1869 1270 1954 compleveris,

177 1975 236 2037 pro
250 1955 428 2019 retentione
443 1955 556 2019 talenti
570 1978 643 2019 cum
662 1978 752 2019 servo
773 1977 910 2040 nequam
932 1963 965 2019 et
984 1955 1074 2039 pigro
1093 1961 1217 2038 partem
1238 1977 1277 2020 es

178 2045 363 2122 recepturus
377 2040 410 2103 in
423 2040 551 2105 futuro:
574 2041 712 2105 maxime
732 2041 759 2103 si
773 2040 961 2125 temporalia
975 2040 1017 2103 ab
1032 2039 1092 2103 illis
1106 2040 1272 2105 commoda

140 2151 150 2183 1
155 2144 337 2271 sffiqqrpppc
348 2132 454 2271 datque
475 2126 617 2272 accippre
637 2126 884 2275 praesbuppseris,
901 2126 1014 2275 qouibus
1032 2125 1271 2273 iffaDelefflis

178 2292 309 2355 micans
323 2232 857 2381 affaglllnilsliislssil
872 2233 1159 2359 dixllsimaaa
1173 2232 1272 2359 stall

171 2379 342 2462 predicate
360 2380 487 2444 dicentes
507 2382 583 2465 quic
603 2382 828 2465 approperata
849 2402 973 2464 repetam
995 2380 1152 2445 eoebrcm:
1176 2381 1271 2464 paulo

178 2469 252 2546 post
274 2464 467 2548 ‘subjunxit,›
483 2466 606 2529 dicens:
633 2466 740 2529 Gratis
760 2464 924 2549 cceepsae‘s,
946 2466 1044 2550 protis
1063 2466 1155 2539 dote;
1183 2466 1272 2529 colite

173 2548 326 2632 possidere
339 2571 461 2626 aarum,
476 2573 567 2635 usqae
581 2560 745 2635 cremum.
791 2551 825 2615 Si
840 2573 916 2636 ergo
930 2550 999 2614 illos
1013 2550 1114 2635 gratis
1130 2549 1273 2636 Evange-

139 2659 171 2694 ιο
179 2633 256 2696 lium
275 2635 447 2732 praedicare
465 2637 571 2736 jussit,
585 2657 687 2735 neque
704 2657 818 2733 aurum
832 2637 1072 2784 veluargentum,
1088 2635 1137 2734 vel
1154 2635 1275 2720 aliquid

179 2740 320 2802 pecumae
342 2722 525 2804 temporalis
543 2722 585 2784 ab
602 2743 649 2784 ers
663 2721 777 2804 qurbus
799 2721 938 2805 praedma
959 2727 1017 2784 ant
1038 2742 1182 2804 accipere
1203 2743 1274 2805 per·

178 2803 283 2901 misit:
308 2804 385 2931 quid
407 2827 486 2891 rogo
510 2806 571 2870 illis
590 2805 644 2890 qui
666 2806 716 2868 his
737 2806 898 2870 contraria
919 2813 1043 2892 gerunt,
1066 2804 1195 2889 periculi
1217 2805 1274 2868 im-

180 2896 421 3053 milladttende
434 2973 509 3058 quid
528 2975 707 3060 gravissimi
725 2974 850 3040 sceleris
870 2975 913 3039 illi
933 2973 1149 3039 commiserint
1163 2973 1217 3059 qui
1239 2980 1407 3044 etnoeesns

178 3064 307 3122 terrena
327 3061 370 3124 ab
391 3059 590 3124 auditoribus
611 3060 677 3124 suis
697 3061 787 3124 lucra
801 3060 1038 3146 diligentissime
1052 3059 1221 3144 requirere,
1238 3066 1374 3125 etegestas
1385 3066 1411 3108 et

1243 3167 1272 3208 r·
1281 3124 1391 3186 paucitas

178 3165 237 3226 pro
251 3165 362 3208 eorum
375 3145 478 3208 salute
491 3152 614 3209 aeterna
634 3145 713 3208 nihil
727 3146 854 3209 omnino
871 3145 1081 3230 praedicaudc,
1098 3145 1146 3209 vel
1160 3145 1242 3208 exho
1298 3196 1414 3237 aetorum.

179 3230 288 3305 tando,
307 3229 356 3293 vel
378 3228 580 3313 increpando,
600 3229 719 3294 laboris
735 3231 917 3314 impendere
938 3231 1161 3294 ⁵contendunt.
1206 3204 1297 3294 Sol-P

139 3335 169 3385 ²5
179 3312 266 3377 licite
279 3321 376 3400 atque
390 3314 568 3392 intentione
582 3315 714 3392 curiosa,
729 3315 864 3380 antistes
879 3315 1088 3390 dilectissime,
1104 3315 1272 3399 perpende.

179 3398 368 3464 Audivimus
379 3399 472 3475 enim,
482 3399 613 3463 etfama
623 3407 682 3477 est,
693 3401 767 3484 quia
781 3401 890 3466 multae
899 3399 979 3464 villae
993 3422 1032 3464 ac
1047 3399 1139 3463 viculi
1154 3406 1272 3464 nostrae

177 3483 282 3567 gentis
301 3485 334 3547 in
352 3485 512 3548 montibus
531 3483 597 3548 sint
616 3484 782 3548 inaccessis
799 3507 837 3550 ac
857 3485 989 3550 saltibus
1009 3483 1147 3548 dumosis
1166 3483 1271 3568 positi,

178 3567 232 3630 ubi
257 3589 418 3654 nunquam
443 3568 551 3633 multis
573 3570 812 3634 transeuntibus
835 3569 926 3634 annis
953 3569 996 3633 sit
1016 3569 1100 3633 visus
1125 3569 1271 3648 antistes,

178 3652 231 3736 qui
246 3653 366 3718 ibidem
385 3653 504 3738 aliquid
525 3654 691 3720 ministerii
710 3661 769 3719 aut
789 3655 902 3740 gratiae
917 3654 1054 3719 coelestis
1071 3654 1269 3729 exhibuerit3

210 3809 338 3853 accusari
349 3806 378 3853 V.
445 3809 554 3854 omenti
565 3809 666 3868 reciplm
676 3805 707 3853 V.
784 3804 1015 3868 cproooectuscod.
1030 3805 1104 3852 Mert.
1170 3811 1272 3852 ucoca·

176 3871 337 3930 ganeandum
346 3871 448 3918 distem
459 3869 488 3917 V.
565 3865 748 3933 raeljaaritv.
815 3871 970 3917 timendum
980 3869 1011 3916 V.

177 4022 242 4067 nem,
253 4009 297 4055 sed
305 4014 329 4055 el
339 4017 499 4056 mmmmm
509 4022 604 4069 quoque
615 4008 689 4054 vala
700 4022 755 4069 qaoe
766 4009 794 4054 in
810 4008 888 4054 mirrea
904 4006 1074 4064 celebratione,
1086 4012 1110 4052 et
1121 4004 1200 4068 cfficb
1212 4005 1271 4067 bep-

178 4073 245 4118 lismi
254 4074 386 4119 sdmniler
396 4071 524 4128 dicuntrer,
535 4073 696 4132 interpretari
707 4077 782 4132 atque
799 4085 920 4132 erponere
932 4085 1003 4132 posse
1015 4071 1117 4131 propriu
1129 4070 1218 4130 lingrec
1228 4071 1272 4132 qui

177 4137 290 4182 nesdcnt
300 4137 412 4187 dise-anu
425 4149 520 4182 nemon
531 4142 556 4181 ee
566 4136 621 4196 ipsa
631 4142 790 4182 commenta
801 4149 856 4196 que·
866 4135 893 4182 la
904 4135 979 4181 mace
990 4149 1021 4180 ce
1032 4134 1186 4194 baptismate,
1196 4135 1235 4180 vel
1243 4133 1270 4180 la

177 4201 234 4246 allis
249 4201 418 4247 ecelesiasticis
433 4199 522 4262 qffieile
539 4201 665 4247 abluerer
681 4200 856 4262 conficiuntur,
874 4200 934 4261 quid
947 4200 1111 4260 spiritualiter
1129 4199 1272 4261 significent

177 4265 285 4311 ediscere
293 4265 418 4311 studeant.
438 4263 546 4310 wilkins
556 4262 574 4310 i.
586 4277 609 4323 p.
619 4262 658 4327 pta

210 4340 250 4388 54.
265 4327 565 4388 Ambrosias-admouet]
590 4327 733 4388 Symbolum
752 4341 847 4389 quoque
866 4327 1004 4388 specialiter
1019 4326 1132 4374 debemur
1152 4332 1272 4388 tauquam

176 4393 255 4442 nostrl
265 4392 425 4451 simmam
435 4391 516 4438 cerdis
525 4393 681 4439 celemensis
697 4393 763 4438 torte
779 4391 886 4454 quotidie
901 4405 1042 4438 recemeree
1062 4405 1110 4452 quc
1123 4392 1199 4437 ellam
1215 4404 1272 4438 eum

176 4461 305 4507 memus
314 4456 418 4518 aliquid
429 4457 512 4503 calmo
521 4456 700 4502 recunmdum
711 4462 753 4504 est.
774 4455 887 4503 Ambrae.
900 4455 939 4503 De
950 4454 1046 4516 Virgin.
1056 4453 1092 4500 iii.
1103 4465 1128 4514 4.
1138 4467 1177 4503 ao.

211 4519 411 4583 approbaveris]
431 4518 507 4583 lege,
513 4519 666 4590 metabere.
819 4529 857 4581 ιγ.
869 4517 978 4580 Baetes]
999 4517 1089 4568 Matth.
1099 4533 1124 4566 x.
1138 4527 1161 4580 7.
