3100 5125
489 366 654 429 GENTIS
678 366 948 429 ANGLORUM.
1202 370 1266 431 315

170 514 294 599 eclipsis
316 516 390 580 solis
411 518 498 580 facta
519 524 578 580 est.
633 518 752 580 Postea
774 519 885 581 eodem
907 540 990 581 anno
1012 524 1045 580 et
1067 539 1182 595 mense,
1206 520 1266 581 hoc

129 607 230 676 uest,
252 624 336 665 nono
359 603 565 666 kalendarum
589 603 843 681 Februariarum,
867 604 941 666 luna
964 602 1102 688 eclipsim
1124 604 1265 687 pertulit,

171 686 329 751 horrendo
344 694 377 751 et
391 688 560 772 nigerrimo
575 694 675 751 scuto.

215 773 405 849 Bonifacius,
430 774 539 857 quiet
563 773 737 849 Vinfridus‚
768 773 965 838 Francorum
994 773 1168 859 episcopus,
1195 798 1267 837 curn

172 858 402 943 quinquaginta
422 860 525 922 tribus
544 859 699 941 martyrio
721 865 892 923 coronatus
912 865 980 933 est;
1006 865 1039 923 et
1059 882 1117 945 pro
1132 883 1170 924 eo
1185 862 1267 924 ltad-

171 966 266 1028 gerus
281 951 485 1008 consecratur
499 944 754 1029 archiepiscopus
768 968 789 1007 a
805 944 968 1029 Stephano
982 967 1075 1029 papa.

216 1032 313 1092 Anno
340 1047 400 1113 757
431 1030 638 1093 AEdilbaldus
667 1052 724 1092 rex
755 1030 948 1093 Merciorum
971 1054 992 1095 a
1015 1030 1079 1094 suis
1108 1032 1268 1095 tutoribus

131 1136 164 1182 30
173 1122 268 1179 noctu
290 1122 394 1179 morte
415 1116 632 1179 fraudulenter
653 1114 876 1179 miserabiliter
897 1123 1078 1201 peremptus
1100 1118 1265 1181 occubuit:

173 1200 357 1264 Beomedus
386 1222 520 1285 regnare
549 1201 666 1284 ooepit:
701 1200 907 1283 uuymuulfus
935 1223 992 1264 rex
1017 1202 1269 1267 Occidentalium

173 1286 335 1349 Saxonum
357 1286 445 1349 obiit.
491 1286 614 1349 Eodem
635 1285 732 1349 etiam
753 1308 837 1349 anno
859 1286 939 1363 Offa,
959 1287 1069 1372 fugato
1092 1288 1267 1366 Beonredo‚

174 1372 367 1435 Marciorum
382 1393 515 1455 regnum
529 1369 769 1456 sanguinolento
786 1371 930 1454 quaesivit
944 1372 1059 1456 gladic.

217 1458 313 1521 Anno
329 1459 391 1539 758
411 1458 610 1520 Eadberctus
632 1478 690 1519 rex
710 1456 1047 1541 Nordauhymbrorum
1070 1457 1131 1520 Dei
1152 1458 1269 1524 amoris

173 1564 269 1606 causa
289 1551 322 1606 ct
342 1542 477 1606 caelestis
496 1542 609 1626 patriae
624 1541 783 1619 violentia,
806 1549 939 1627 accepta
962 1544 1063 1606 sancti
1087 1544 1176 1606 Petri
1198 1549 1268 1606 ton-

130 1646 163 1696 35
174 1649 257 1704 sura,
273 1628 338 1691 filio
353 1650 410 1690 suo
426 1627 557 1707 Osuulfo
572 1648 704 1711 regnum
718 1626 856 1710 reliquit.

216 1713 313 1776 Anno
330 1731 391 1796 759
408 1714 557 1777 Osuulfus
572 1736 592 1775 a
607 1712 672 1775 suis
691 1712 844 1775 ministris
863 1712 1038 1777 facinorose
1058 1713 1177 1776 occisus
1198 1720 1266 1787 est;

172 1807 206 1862 et
229 1799 415 1862 Edilualdus
436 1820 521 1863 anno
543 1799 653 1861 eodem
679 1820 700 1861 a
721 1820 780 1861 sua
808 1797 899 1881 plebe
929 1799 1055 1869 electus,
1078 1799 1210 1863 intravit
1236 1799 1269 1861 in

172 1907 323 1969 regnum:
354 1885 444 1968 cujus
468 1885 605 1947 secundo
628 1905 712 1946 anno
736 1906 852 1967 magna
872 1884 1038 1947 tribulatio
1064 1884 1269 1948 mortalitatis

173 1970 260 2033 venit
275 1978 308 2034 et
323 1971 447 2032 duobus
460 1971 558 2033 ferme
577 1968 670 2031 annis
687 1968 871 2053 permansit,
887 1968 1112 2053 populantibus
1128 1970 1216 2033 duris
1231 1992 1268 2033 ac

173 2056 304 2118 diversis
317 2054 568 2141 aegritudinibus,
583 2053 720 2116 maxime
734 2060 843 2117 tamen
859 2054 1046 2137 dysenteriae
1060 2055 1221 2140 languore.

130 2160 164 2205 40
219 2146 315 2205 Anno
330 2146 388 2221 761
408 2141 537 2224 OEngus
553 2139 719 2202 Pictorum
740 2161 797 2202 rex
816 2139 904 2215 obiit,
920 2139 974 2224 qui
989 2140 1078 2224 regni
1094 2141 1141 2203 sui
1156 2140 1269 2225 princi-

172 2227 260 2311 pium
289 2249 387 2311 usque
413 2226 454 2289 ad
482 2226 579 2288 finem
607 2224 746 2288 facinore
775 2230 907 2288 cruento
936 2232 1090 2310 tyrannus
1120 2225 1270 2311 perduxit

174 2312 332 2376 carnifex:
357 2318 389 2375 et
406 2310 516 2375 Osuini
531 2310 653 2373 occisus
668 2316 727 2373 est.

217 2400 315 2461 Anno
330 2401 371 2478 76
371 2414 392 2481 5
409 2396 609 2459 Aluchredus
624 2417 682 2457 rex
697 2401 860 2479 susceptus
875 2402 924 2459 est
939 2395 971 2457 in
987 2418 1128 2481 regnum.

218 2484 314 2545 Anno
330 2486 392 2565 766
408 2482 605 2567 Ecgberctus
627 2480 881 2565 archiepiscopus
895 2482 1049 2628 prosapia
1068 2481 1165 2567 regali
1188 2480 1269 2545 dita

175 2581 228 2634 tus
249 2593 287 2634 ac
307 2569 413 2633 divina
425 2567 567 2632 scientia
581 2567 731 2644 imbutus,
748 2573 782 2630 et
799 2567 895 2630 ¹Erit
918 2568 1050 2630 ubertus
1070 2589 1142 2631 vere
1162 2567 1270 2631 fideles

133 2676 164 2724 45
174 2655 312 2742 episcopi
327 2656 370 2718 ad
385 2654 556 2717 Dominum
570 2653 795 2737 migraverunt.

402 2825 418 2853 u
434 2813 593 2875 Cynaculfm
603 2813 633 2861 V.
786 2823 802 2852 ¹
814 2812 1002 2861 Fruaeaernrm
1012 2813 1042 2860 V.

175 2983 234 3029 quas
250 2981 336 3016 omnes
352 2964 436 3013 omisit
452 2961 591 3010 Chronicon
609 2962 767 3017 Saxonicum,
785 2967 809 3008 ct
826 2961 851 3008 in
869 2963 967 3024 reliquis
984 2970 1100 3026 qrrantum
1124 2963 1271 3024 deprendere

175 3032 305 3095 possimus,
318 3034 376 3080 satis
388 3036 474 3078 exacta
484 3042 537 3074 esse
548 3027 650 3086 videtur,
660 3027 720 3073 fides
730 3026 783 3086 ejus
795 3032 866 3086 atque
876 3029 1007 3075 auctoritas
1015 3029 1039 3074 in
1050 3029 1080 3074 iis
1090 3041 1143 3089 quae
1152 3035 1272 3075 memorat

176 3113 224 3146 uon
242 3097 331 3158 injuria
351 3096 431 3158 potior
449 3092 543 3139 censeri
561 3100 641 3151 posset
660 3106 733 3152 qunm
753 3105 807 3151 qua
828 3091 949 3149 Chropico
966 3093 1096 3150 Saronico,
1113 3092 1271 3154 quantumvis

175 3165 289 3224 pretioso,
301 3163 416 3217 debetur;
433 3165 458 3208 ct
469 3156 558 3204 rectius
570 3156 708 3204 chronicon
718 3156 773 3202 huic
785 3169 858 3216 quam
870 3157 931 3205 hanc
944 3157 1064 3205 Chronico
1077 3157 1254 3205 accommodes.
