3100 5125
264 271 330 334 aa
596 263 833 331 HISTORIAE
856 262 1033 330 EOOLES.
1285 254 1348 322 IV.
1363 277 1444 340 29—

264 421 403 486 oaelestia
427 439 606 505 suspensus
650 418 796 503 Denique
817 437 891 482 oum
916 415 1103 482 saorifioium
1129 413 1200 478 Deo
1226 411 1367 476 vietimae

265 505 414 572 salutaris
432 505 570 581 offerret,
585 526 650 568 non
668 504 793 567 elevata
812 503 846 565 in
867 502 969 566 altum
988 521 1073 578 voce,
1089 500 1146 563 sed
1164 498 1304 583 profusis
1325 512 1389 561 exs

265 591 330 656 imo
343 597 472 676 pectore
486 589 640 673 laorymis,
656 587 795 652 Domino
809 609 867 651 auo
881 594 957 651 vota
971 585 1225 650 commendabat.
1277 623 1280 628 -

103 698 239 761 numen
309 677 443 740 Duobus
456 683 565 739 autem
579 674 671 738 annis
685 674 718 736 in
732 673 918 758 episcopatu
932 671 1070 757 peractis
1085 669 1214 754 repetiit
1229 667 1367 732 insulam

103 764 234 815 caeterea
265 783 303 826 ae
328 759 556 825 monasterinm
577 781 678 836 suum,
701 758 806 822 divino
828 756 1010 822 admonitus
1036 756 1173 832 oraculo,
1198 753 1273 839 quia
1297 751 1367 815 dies

103 845 219 879 recem
266 846 325 911 sibi
348 847 461 910 mortis
483 845 532 908 vel
551 844 625 909 vitae
648 844 751 928 magis
772 842 856 906 illius
879 864 949 927 quae
972 842 1040 906 sola
1060 842 1127 905 vita
1149 839 1283 903 dicenda
1305 844 1365 912 est,

262 933 330 1017 jam
351 930 556 1030 adpropiaret
578 929 746 994 introitus:
772 928 935 1012 sicutipse
955 948 1079 1012 quoque
1093 933 1237 1009 tempore
1252 923 1366 988 eodem

265 1017 432 1093 nonnullis,
459 1016 516 1080 sed
538 1015 643 1078 verbis
665 1013 910 1089 obscurioribus,
935 1035 1005 1096 quae
1029 1020 1137 1076 tamen
1161 1010 1366 1094 postmodum

266 1102 433 1165 manifeste
461 1101 720 1185 intelligerentur,
745 1099 840 1163 solita
868 1098 928 1162 sibi
953 1096 1155 1180 simplicitate
1180 1094 1364 1179 pandebat;
1377 1115 1407 1148 10

267 1187 455 1272 quibusdam
469 1192 578 1250 autem
592 1185 652 1249 hoe
668 1184 753 1248 idem
766 1183 865 1248 etiam
879 1183 1046 1248 manifeste
1060 1181 1230 1246 revelabat.

679 1409 786 1474 OAP.
814 1407 956 1472 XXIX.

321 1531 360 1590 Ut
373 1534 443 1590 iden
448 1533 511 1606 jam
524 1532 663 1607 epiecopus
676 1531 778 1587 obitam
791 1549 865 1587 mum
875 1531 1000 1605 proeime
1005 1529 1134 1604 futuram
1148 1530 1317 1586 Herebereto

644 1611 813 1667 anachoreta
821 1612 991 1685 pradiaerit.

108 1727 249 1776 nanuum
313 1717 403 1781 Enna
417 1717 501 1781 enim
516 1716 696 1802 ipresbyter
709 1717 1012 1794 l‘dimensionis
1025 1718 1152 1781 nomine
1162 1715 1366 1794 ¹Hereberot‚
1378 1734 1406 1782 ¹⁵

266 1805 454 1904 jamdudum
467 1803 535 1866 viro
550 1802 612 1866 Dei
626 1803 777 1887 spiritalis
792 1803 941 1868 amioitiae
960 1804 1079 1868 l'oedere
1101 1802 1287 1887 copulatus;
1313 1802 1367 1886 qui

107 1889 250 1939 minente.
270 1912 304 1953 m
324 1889 428 1953 insula
449 1888 554 1973 stagni
575 1887 657 1951 illius
678 1889 864 1988 pergrandis
886 1889 926 1952 de
949 1911 1011 1973 quo
1032 1888 1258 1952 Deruentionis
1279 1887 1367 1951 fluvii

270 1974 444 2060 primordia
463 1980 757 2058 erumpunt‚v1tam
779 1974 896 2038 dueens
918 1973 1102 2051 solitariam,
1123 1973 1214 2036 annis
1236 1972 1367 2058 singulis

269 2081 342 2122 eum
356 2059 485 2123 visitare
499 2064 534 2121 et
547 2059 669 2122 monita
683 2060 725 2123 ab
741 2081 778 2122 eo
793 2067 955 2159 perpetuae
976 2059 1087 2123 salutis
1107 2059 1216 2122 audire
1232 2059 1365 2122 solebat.

271 2144 335 2207 Hie
357 2165 429 2206 oum
447 2143 574 2206 audiret
591 2164 663 2206 eum
684 2143 725 2208 ad
748 2145 911 2208 ciuitatem
931 2144 1173 2229 mLugubaliam
1194 2144 1365 2219 devenisse,

270 2229 356 2292 venit
379 2250 419 2291 ex
442 2250 538 2302 more,
562 2228 691 2313 cupiens
714 2230 906 2294 salutaribus
932 2231 1000 2314 ejus
1023 2229 1299 2293 exhortationibus
1324 2228 1367 2293 ad
1377 2247 1410 2282 το

271 2335 408 2398 superna
431 2311 589 2376 desideria
612 2315 714 2399 magis
738 2315 902 2401 magisque
921 2315 1066 2378 nocendi.
1110 2315 1171 2394 Qui
1196 2314 1273 2376 dum
1299 2335 1368 2377 sese

270 2399 460 2463 alterutrum
483 2398 617 2462 eaelestis
640 2399 713 2464 vitae
738 2400 858 2485 poculis
882 2401 1074 2476 debriarent,
1098 2400 1178 2463 dixit
1200 2398 1286 2462 inter
1306 2398 1370 2463 alia

270 2484 423 2548 antistes:
455 2484 613 2563 Maeonio,
633 2485 743 2568 frater
763 2485 987 2564 Hermerotem
1012 2486 1096 2548 modo
1121 2485 1274 2570 qmdquc’d
1295 2505 1370 2570 opus

270 2570 367 2647 babae,
389 2591 436 2634 uie
462 2570 630 2654 interropea
655 2593 822 2655 maurisque
851 2572 1007 2657 bpuaeie:
1034 2582 1196 2656 postquam
1224 2570 1304 2634 mim
1329 2569 1368 2632 ab

270 2656 399 2719 inuicem
420 2655 548 2740 waiet
560 2656 725 2740 fuerimus,
746 2678 805 2719 um
826 2657 911 2721 abra
931 2678 984 2719 rme
1005 2657 1039 2719 iu
1060 2657 1113 2720 boe
1133 2656 1243 2719 sceau
1264 2655 1369 2719 caruis

271 2740 418 2805 obtatibiu
432 2740 559 2804 inuicem
572 2740 757 2825 aspiciemus
805 2742 908 2806 Oeam
921 2764 987 2806 ema
1001 2762 1128 2825 namque
1142 2741 1242 2825 nquoii
1254 2750 1368 2824 tempas
1537 2722 1542 2861 l

271 2848 345 2890 mace
369 2826 556 2890 nautaticum
578 2826 680 2902 instat,
702 2836 730 2890 et
754 2827 838 2891 caba
862 2838 904 2891 eet
926 2828 1068 2911 depositio
1090 2826 1278 2890 tabmuaoubi
1300 2826 1408 2890 mei-²5

273 2912 334 2991 Qui
360 2911 428 2974 haee
449 2912 581 2974 audiens
602 2911 787 2995 provolutus
808 2918 857 2976 est
879 2914 947 2998 ejus
970 2911 1119 2997 vestigiis,
1142 2919 1176 2976 et
1196 2911 1275 2975 fusis
1297 2932 1368 2973 oum

272 2995 392 3081 gemitu
413 2996 569 3080 lacrymis,
587 2996 718 3069 Obsecro,
734 2997 847 3081 inquit,
857 3020 918 3082 per
932 2998 1107 3073 Dominam,
1126 3018 1162 3059 ue
1178 3018 1223 3059 ure
1242 2998 1368 3072 danaae,

272 3080 326 3144 aad
337 3080 385 3143 tui
398 3102 508 3144 memor
521 3081 564 3144 sie
575 3082 726 3164 fidissimi
743 3083 866 3162 adam,
882 3104 1016 3170 ropinqua
1036 3103 1200 3166 supertiam
1214 3082 1370 3167 panum,

305 3278 314 3317 ί
326 3279 392 3325 enim
402 3279 503 3340 quidam
511 3280 642 3341 presbyter
652 3279 715 3327 V.G.
813 3282 896 3329 kvitoe
907 3288 931 3329 et
942 3297 1038 3330 mamm
1050 3284 1175 3345 probitate
1185 3285 1331 3331 venerabilii
1341 3284 1371 3333 V.

273 3342 428 3390 lHeriberct
440 3343 470 3390 V.
536 3353 560 3383 m
572 3344 740 3404 Legaraiiam
751 3345 782 3391 V.
848 3355 864 3385 11
876 3348 937 3408 qaia
948 3347 977 3394 V.

307 3518 331 3568 6.
343 3518 447 3579 duobus]
469 3519 500 3567 In
512 3520 568 3568 MS.
582 3521 647 3569 Mori
659 3528 706 3569 ete.
721 3520 762 3569 hie
780 3520 867 3582 incipit
884 3529 956 3583 caput
969 3533 1009 3582 27,
1020 3523 1090 3584 eique
1101 3523 1232 3585 apponitur
1249 3524 1274 3571 in
1292 3524 1373 3573 indice

274 3583 361 3632 titulus
369 3585 493 3644 Quantis
501 3585 601 3645 capitia
612 3586 656 3633 red
663 3585 696 3632 ob
704 3586 812 3634 rationes
819 3586 925 3634 redditas
934 3587 959 3633 in
970 3587 1035 3635 notis
1043 3588 1074 3635 nd
1081 3595 1155 3649 eaput
1166 3600 1196 3645 14
1205 3602 1254 3635 non
1264 3595 1374 3637 mutatur

277 3647 391 3696 chiffletii
402 3648 462 3695 ordo
473 3649 512 3696 vel
523 3663 646 3697 numerus.
664 3651 688 3696 S.

310 3726 348 3774 ¹9·
359 3712 540 3774 Mgumbam]
561 3714 614 3761 Rex
628 3713 757 3775 Ecgfridus
774 3721 892 3776 prasente
909 3714 1038 3762 Theodoro
1055 3715 1233 3778 archiepiscopo
1250 3730 1300 3763 una
1316 3730 1373 3765 curn

275 3783 341 3824 tem
361 3777 474 3837 praedicta
492 3777 556 3837 apud
575 3777 712 3826 Eboracum
730 3779 798 3827 dedit
818 3793 838 3826 s.
855 3778 992 3827 cudbercto
1011 3782 1097 3827 utiam
1115 3782 1218 3829 Crecam
1236 3788 1261 3827 et
1277 3782 1329 3827 teia
1346 3782 1374 3827 in

276 3842 385 3889 menan
395 3843 472 3903 mrim
481 3844 546 3889 uitta
553 3843 682 3898 milliaria,
692 3848 722 3889 ut
732 3843 832 3891 baberet
841 3842 985 3890 Eboracum
996 3845 1049 3891 iens
1060 3846 1099 3891 vei
1107 3845 1214 3901 rediens,
1222 3846 1375 3893 mansionen

277 3906 320 3952 ubi
335 3909 458 3967 quiescere
469 3912 567 3967 periet:
590 3906 633 3953 ubi
651 3909 828 3953 monachornm
847 3908 1023 3954 latitationem
1044 3908 1161 3956 instituit.
1195 3909 1234 3956 Et
1251 3910 1311 3971 qaia
1328 3910 1374 3955 iila

278 3977 348 4016 terra
358 3972 441 4017 minue
457 3968 583 4032 sufficiente
596 3976 662 4027 erat,
675 3970 855 4031 lugubaliam,
866 3986 920 4033 que
931 3971 1000 4019 Luci
1008 3978 1120 4032 vocatur,
1136 3974 1163 4019 in
1178 3975 1285 4020 circuitu
1300 3975 1374 4034 qain-

279 4034 357 4081 decim
368 4034 489 4080 miHioria
499 4034 629 4081 tabentem
640 4036 667 4081 in
677 4042 841 4095 augmentum
856 4038 978 4096 aucepritr
999 4036 1041 4082 ubi
1056 4038 1132 4084 etiam
1147 4038 1375 4085 sanctimonialium

279 4099 473 4157 congregatione
487 4097 608 4155 stabilita,
620 4100 736 4158 reginam
752 4100 810 4146 dato
825 4100 912 4146 babitu
926 4101 1054 4159 religionis
1068 4104 1230 4158 consecrauit,
1240 4109 1265 4149 et
1277 4103 1304 4148 in
1316 4116 1376 4163 pro-

273 4162 374 4223 fectam
385 4162 473 4208 diuina
483 4163 609 4209 servitutis
619 4164 713 4209 sciolas
725 4164 840 4211 inretituit.
868 4164 933 4211 Alie
943 4178 1037 4225 qaoque
1048 4171 1176 4213 terrarum
1183 4168 1342 4227 possessiones
1352 4167 1376 4211 ei

280 4226 378 4272 donata
387 4231 456 4283 eunt,
468 4240 530 4287 quas
541 4228 582 4273 bie
591 4228 693 4286 angiam
704 4233 749 4285 eet,
762 4234 786 4275 et
803 4241 852 4275 non
868 4230 1033 4281 neceesarium
1044 4243 1153 4290 ponere:
1170 4232 1269 4292 seriata
1279 4236 1337 4277 runt
1347 4230 1376 4275 in

280 4290 384 4335 certate
402 4292 516 4336 eceleeiae.
541 4291 602 4338 Sim.
619 4290 687 4339 Dun.
700 4290 719 4339 i.
729 4306 754 4356 9.
800 4292 895 4339 Harum
919 4291 1077 4340 donationum
1100 4294 1209 4341 chartam
1232 4308 1246 4341 e
1267 4293 1376 4356 registris

281 4352 397 4400 Dunelm.
416 4353 570 4415 exscriptam,
588 4370 643 4403 cum
661 4355 804 4417 subscriptio
820 4355 942 4404 Theodori
959 4363 985 4405 et
1001 4361 1093 4419 septem
1109 4358 1277 4419 episcoporum
1296 4357 1375 4407 nomi·

280 4415 362 4476 nibus,
373 4416 428 4465 ride
438 4417 549 4478 Appeud.
561 4418 595 4465 N.
607 4418 668 4467 xxii.
687 4419 712 4466 ς.
