<?xml version="1.0" encoding="UTF-8"?>
<!DOCTYPE html PUBLIC "-//W3C//DTD XHTML 1.0 Transitional//EN"
    "http://www.w3.org/TR/xhtml1/DTD/xhtml1-transitional.dtd">
<html xmlns="http://www.w3.org/1999/xhtml" xml:lang="en" lang="en">
 <head>
  <title>
</title>
<meta http-equiv="Content-Type" content="text/html;charset=utf-8" />
  <meta name='ocr-system' content='tesseract 3.04.00' />
  <meta name='ocr-capabilities' content='ocr_page ocr_carea ocr_par ocr_line ocrx_word'/>
</head>
<body>
  <div class='ocr_page' id='page_1' title='image "./historiaecclesi00hussgoog_0053.png"; bbox 0 0 3100 5125; ppageno 0'>
   <div class='ocr_carea' id='block_1_1' title="bbox 297 274 1475 347">
    <p class='ocr_par' dir='ltr' id='par_1_1' title="bbox 297 274 1475 347">
     <span class='ocr_line' id='line_1_1' title="bbox 297 274 1475 347; baseline -0.008 0"><span class='ocrx_word' id='word_1_1' title='bbox 297 284 341 347; x_wconf 75' lang='lat'><strong>34</strong></span> <span class='ocrx_word' id='word_1_2' title='bbox 625 275 861 342; x_wconf 80' lang='lat' dir='ltr'>HISTORIAE</span> <span class='ocrx_word' id='word_1_3' title='bbox 885 274 1063 341; x_wconf 83' lang='lat' dir='ltr'><strong>EOOLES.</strong></span> <span class='ocrx_word' id='word_1_4' title='bbox 1343 274 1371 337; x_wconf 93' lang='lat' dir='ltr'><strong>I.</strong></span> <span class='ocrx_word' id='word_1_5' title='bbox 1392 274 1475 337; x_wconf 80' lang='lat'><strong>18-</strong></span> 
     </span>
    </p>
   </div>
   <div class='ocr_carea' id='block_1_2' title="bbox 297 427 1440 769">
    <p class='ocr_par' dir='ltr' id='par_1_2' title="bbox 297 427 1440 769">
     <span class='ocr_line' id='line_1_2' title="bbox 298 427 1440 512; baseline -0.007 -15"><span class='ocrx_word' id='word_1_6' title='bbox 298 434 437 497; x_wconf 87' lang='lat' dir='ltr'><strong>tissimas</strong></span> <span class='ocrx_word' id='word_1_7' title='bbox 454 430 625 495; x_wconf 91' lang='lat' dir='ltr'><strong>lectionum</strong></span> <span class='ocrx_word' id='word_1_8' title='bbox 642 428 825 493; x_wconf 86' lang='lat' dir='ltr'><strong>testimonia</strong></span> <span class='ocrx_word' id='word_1_9' title='bbox 843 428 1075 512; x_wconf 75' lang='lat' dir='ltr'><strong>sequebantur:</strong></span> <span class='ocrx_word' id='word_1_10' title='bbox 1099 427 1295 492; x_wconf 90' lang='lat' dir='ltr'><strong>convincitur</strong></span> <span class='ocrx_word' id='word_1_11' title='bbox 1308 428 1396 493; x_wconf 86' lang='lat' dir='ltr'><strong>vani-</strong></span> <span class='ocrx_word' id='word_1_12' title='bbox 1406 455 1440 489; x_wconf 82' lang='lat'><strong>20</strong></span> 
     </span>
     <span class='ocr_line' id='line_1_3' title="bbox 298 514 1396 601; baseline -0.004 -20"><span class='ocrx_word' id='word_1_13' title='bbox 298 524 359 593; x_wconf 84' lang='lat' dir='ltr'><strong>tas,</strong></span> <span class='ocrx_word' id='word_1_14' title='bbox 378 517 512 601; x_wconf 89' lang='lat' dir='ltr'><strong>perfidia</strong></span> <span class='ocrx_word' id='word_1_15' title='bbox 533 516 739 588; x_wconf 85' lang='lat' dir='ltr'><strong>confutatur;</strong></span> <span class='ocrx_word' id='word_1_16' title='bbox 762 515 810 577; x_wconf 84' lang='lat' dir='ltr'><strong>itu</strong></span> <span class='ocrx_word' id='word_1_17' title='bbox 829 520 867 577; x_wconf 92' lang='lat' dir='ltr'><strong>ut</strong></span> <span class='ocrx_word' id='word_1_18' title='bbox 886 514 928 577; x_wconf 84' lang='lat' dir='ltr'><strong>ad</strong></span> <span class='ocrx_word' id='word_1_19' title='bbox 948 514 1087 599; x_wconf 85' lang='lat' dir='ltr'><strong>singulas</strong></span> <span class='ocrx_word' id='word_1_20' title='bbox 1107 515 1274 577; x_wconf 89' lang='lat' dir='ltr'><strong>verborum</strong></span> <span class='ocrx_word' id='word_1_21' title='bbox 1292 514 1396 598; x_wconf 87' lang='lat' dir='ltr'><strong>objec-</strong></span> 
     </span>
     <span class='ocr_line' id='line_1_4' title="bbox 298 599 1396 684; baseline -0.005 -18"><span class='ocrx_word' id='word_1_22' title='bbox 298 604 402 667; x_wconf 90' lang='lat' dir='ltr'><strong>tiones</strong></span> <span class='ocrx_word' id='word_1_23' title='bbox 417 624 522 665; x_wconf 89' lang='lat' dir='ltr'><strong>errare</strong></span> <span class='ocrx_word' id='word_1_24' title='bbox 537 623 581 677; x_wconf 84' lang='lat' dir='ltr'><strong>se,</strong></span> <span class='ocrx_word' id='word_1_25' title='bbox 597 601 673 662; x_wconf 94' lang='lat' dir='ltr'><strong>dum</strong></span> <span class='ocrx_word' id='word_1_26' title='bbox 686 600 878 684; x_wconf 89' lang='lat' dir='ltr'><strong>respondere</strong></span> <span class='ocrx_word' id='word_1_27' title='bbox 894 600 1044 684; x_wconf 69' lang='lat' dir='ltr'><strong>‘nequiit</strong></span> <span class='ocrx_word' id='word_1_28' title='bbox 1060 599 1237 663; x_wconf 86' lang='lat' dir='ltr'><strong>fateretur:</strong></span> <span class='ocrx_word' id='word_1_29' title='bbox 1260 599 1396 684; x_wconf 87' lang='lat' dir='ltr'><strong>populus</strong></span> 
     </span>
     <span class='ocr_line' id='line_1_5' title="bbox 297 684 1381 769; baseline -0.004 -17"><span class='ocrx_word' id='word_1_30' title='bbox 297 688 420 752; x_wconf 79' lang='lat' dir='ltr'>arbiter</span> <span class='ocrx_word' id='word_1_31' title='bbox 433 688 485 751; x_wconf 85' lang='lat' dir='ltr'><strong>vix</strong></span> <span class='ocrx_word' id='word_1_32' title='bbox 499 708 611 750; x_wconf 90' lang='lat' dir='ltr'><strong>manus</strong></span> <span class='ocrx_word' id='word_1_33' title='bbox 626 685 777 761; x_wconf 89' lang='lat' dir='ltr'><strong>continet,</strong></span> <span class='ocrx_word' id='word_1_34' title='bbox 791 684 943 769; x_wconf 89' lang='lat' dir='ltr'><strong>judicium</strong></span> <span class='ocrx_word' id='word_1_35' title='bbox 957 691 1065 747; x_wconf 90' lang='lat' dir='ltr'><strong>tamen</strong></span> <span class='ocrx_word' id='word_1_36' title='bbox 1080 684 1216 748; x_wconf 86' lang='lat' dir='ltr'><strong>clamore</strong></span> <span class='ocrx_word' id='word_1_37' title='bbox 1231 690 1381 748; x_wconf 85' lang='lat' dir='ltr'><strong>testatur.</strong></span> 
     </span>
    </p>
   </div>
   <div class='ocr_carea' id='block_1_3' title="bbox 715 802 984 868">
    <p class='ocr_par' dir='ltr' id='par_1_3' title="bbox 715 802 984 868">
     <span class='ocr_line' id='line_1_6' title="bbox 715 802 984 868; baseline -0.011 0"><span class='ocrx_word' id='word_1_38' title='bbox 715 802 823 868; x_wconf 81' lang='lat' dir='ltr'><strong>OAP.</strong></span> <span class='ocrx_word' id='word_1_39' title='bbox 847 802 984 865; x_wconf 91' lang='lat' dir='ltr'>XVIII.</span> 
     </span>
    </p>
   </div>
   <div class='ocr_carea' id='block_1_4' title="bbox 302 890 1438 1129">
    <p class='ocr_par' dir='ltr' id='par_1_4' title="bbox 302 890 1438 1129">
     <span class='ocr_line' id='line_1_7' title="bbox 302 890 1396 967; baseline -0.002 -18"><span class='ocrx_word' id='word_1_40' title='bbox 302 894 339 950; x_wconf 86' lang='lat' dir='ltr'><strong>Ut</strong></span> <span class='ocrx_word' id='word_1_41' title='bbox 363 895 431 949; x_wconf 82' lang='lat' dir='ltr'><strong>idem</strong></span> <span class='ocrx_word' id='word_1_42' title='bbox 449 893 541 967; x_wconf 82' lang='lat' dir='ltr'><strong>filium</strong></span> <span class='ocrx_word' id='word_1_43' title='bbox 566 892 668 948; x_wconf 78' lang='lat' dir='ltr'><strong>tribuni</strong></span> <span class='ocrx_word' id='word_1_44' title='bbox 690 911 786 947; x_wconf 80' lang='lat' dir='ltr'><strong>cecam</strong></span> <span class='ocrx_word' id='word_1_45' title='bbox 811 892 1018 954; x_wconf 76' lang='lat' dir='ltr'><strong>intaminaverit,</strong></span> <span class='ocrx_word' id='word_1_46' title='bbox 1044 910 1077 947; x_wconf 89' lang='lat' dir='ltr'><strong>ee</strong></span> <span class='ocrx_word' id='word_1_47' title='bbox 1100 890 1193 947; x_wconf 84' lang='lat' dir='ltr'><strong>deiude</strong></span> <span class='ocrx_word' id='word_1_48' title='bbox 1217 891 1253 946; x_wconf 84' lang='lat' dir='ltr'><strong>ed</strong></span> <span class='ocrx_word' id='word_1_49' title='bbox 1275 898 1396 947; x_wconf 80' lang='lat' dir='ltr'><strong>sanctum</strong></span> 
     </span>
     <span class='ocr_line' id='line_1_8' title="bbox 339 970 1438 1047; baseline -0.007 -18"><span class='ocrx_word' id='word_1_50' title='bbox 339 973 474 1029; x_wconf 84' lang='lat' dir='ltr'><strong>Albanum</strong></span> <span class='ocrx_word' id='word_1_51' title='bbox 487 972 654 1047; x_wconf 76' lang='lat' dir='ltr'><strong><em>perveniens,</em></strong></span> <span class='ocrx_word' id='word_1_52' title='bbox 669 973 799 1047; x_wconf 83' lang='lat' dir='ltr'><strong>reliquias</strong></span> <span class='ocrx_word' id='word_1_53' title='bbox 815 972 911 1027; x_wconf 80' lang='lat' dir='ltr'><strong><em>ibidem</em></strong></span> <span class='ocrx_word' id='word_1_54' title='bbox 925 980 951 1027; x_wconf 81' lang='lat' dir='ltr'><strong>et</strong></span> <span class='ocrx_word' id='word_1_55' title='bbox 964 973 1050 1045; x_wconf 67' lang='lat' dir='ltr'><strong>spelm</strong></span> <span class='ocrx_word' id='word_1_56' title='bbox 1063 974 1204 1047; x_wconf 70' lang='lat' dir='ltr'><strong>occeperit,</strong></span> <span class='ocrx_word' id='word_1_57' title='bbox 1219 980 1245 1026; x_wconf 85' lang='lat' dir='ltr'><strong>et</strong></span> <span class='ocrx_word' id='word_1_58' title='bbox 1260 970 1396 1027; x_wconf 77' lang='lat' dir='ltr'><strong>bectonem</strong></span> <span class='ocrx_word' id='word_1_59' title='bbox 1406 986 1438 1036; x_wconf 82' lang='lat'><strong>25</strong></span> 
     </span>
     <span class='ocr_line' id='line_1_9' title="bbox 338 1053 1032 1129; baseline -0.003 -20"><span class='ocrx_word' id='word_1_60' title='bbox 338 1054 528 1129; x_wconf 84' lang='lat' dir='ltr'><strong>apostolorum.</strong></span> <span class='ocrx_word' id='word_1_61' title='bbox 543 1053 600 1107; x_wconf 87' lang='lat' dir='ltr'><strong>sive</strong></span> <span class='ocrx_word' id='word_1_62' title='bbox 613 1053 728 1109; x_wconf 82' lang='lat' dir='ltr'><strong>aliorum</strong></span> <span class='ocrx_word' id='word_1_63' title='bbox 741 1060 891 1126; x_wconf 80' lang='lat' dir='ltr'><strong>martyrum</strong></span> <span class='ocrx_word' id='word_1_64' title='bbox 899 1054 1032 1125; x_wconf 78' lang='lat' dir='ltr'><strong><em>posuerit.</em></strong></span> 
     </span>
    </p>
   </div>
   <div class='ocr_carea' id='block_1_5' title="bbox 137 1128 1453 3497">
    <p class='ocr_par' dir='ltr' id='par_1_5' title="bbox 137 1128 1397 1217">
     <span class='ocr_line' id='line_1_10' title="bbox 137 1128 1397 1217; baseline 0.005 -32"><span class='ocrx_word' id='word_1_65' title='bbox 137 1139 286 1217; x_wconf 67' lang='lat' dir='ltr'><strong>perfacetum</strong></span> <span class='ocrx_word' id='word_1_66' title='bbox 342 1133 418 1193; x_wconf 82' lang='lat' dir='ltr'><strong>Tun</strong></span> <span class='ocrx_word' id='word_1_67' title='bbox 434 1130 539 1193; x_wconf 91' lang='lat' dir='ltr'><strong>subito</strong></span> <span class='ocrx_word' id='word_1_68' title='bbox 554 1130 683 1213; x_wconf 90' lang='lat' dir='ltr'><strong>quidam</strong></span> <span class='ocrx_word' id='word_1_69' title='bbox 698 1128 872 1193; x_wconf 88' lang='lat' dir='ltr'><strong>tribunitiae</strong></span> <span class='ocrx_word' id='word_1_70' title='bbox 892 1128 1063 1213; x_wconf 88' lang='lat' dir='ltr'><strong>potestatis</strong></span> <span class='ocrx_word' id='word_1_71' title='bbox 1083 1150 1154 1191; x_wconf 90' lang='lat' dir='ltr'><strong>eum</strong></span> <span class='ocrx_word' id='word_1_72' title='bbox 1174 1128 1307 1213; x_wconf 84' lang='lat' dir='ltr'><strong>conjuge</strong></span> <span class='ocrx_word' id='word_1_73' title='bbox 1325 1149 1397 1211; x_wconf 76' lang='lat' dir='ltr'><strong>pro</strong></span> 
     </span>
    </p>

    <p class='ocr_par' dir='ltr' id='par_1_6' title="bbox 137 1214 1442 2301">
     <span class='ocr_line' id='line_1_11' title="bbox 137 1214 1398 1291; baseline -0.003 -12"><span class='ocrx_word' id='word_1_74' title='bbox 137 1219 246 1251; x_wconf 74' lang='lat' dir='ltr'><strong>rneaeeo.</strong></span> <span class='ocrx_word' id='word_1_75' title='bbox 299 1216 384 1280; x_wconf 87' lang='lat' dir='ltr'><strong>cedit</strong></span> <span class='ocrx_word' id='word_1_76' title='bbox 409 1216 441 1278; x_wconf 94' lang='lat' dir='ltr'><strong><em>in</em></strong></span> <span class='ocrx_word' id='word_1_77' title='bbox 467 1215 614 1291; x_wconf 90' lang='lat' dir='ltr'><strong>medium,</strong></span> <span class='ocrx_word' id='word_1_78' title='bbox 641 1215 738 1278; x_wconf 88' lang='lat' dir='ltr'><strong>filiam</strong></span> <span class='ocrx_word' id='word_1_79' title='bbox 764 1215 873 1277; x_wconf 86' lang='lat' dir='ltr'><strong>decem</strong></span> <span class='ocrx_word' id='word_1_80' title='bbox 898 1236 1054 1277; x_wconf 89' lang='lat' dir='ltr'><strong>annorum</strong></span> <span class='ocrx_word' id='word_1_81' title='bbox 1079 1236 1195 1277; x_wconf 88' lang='lat' dir='ltr'><strong>caecam</strong></span> <span class='ocrx_word' id='word_1_82' title='bbox 1224 1214 1398 1277; x_wconf 78' lang='lat' dir='ltr'><strong>curandam</strong></span> 
     </span>
     <span class='ocr_line' id='line_1_12' title="bbox 299 1298 1395 1384; baseline -0.003 -20"><span class='ocrx_word' id='word_1_83' title='bbox 299 1300 517 1365; x_wconf 90' lang='lat' dir='ltr'><strong>sacerdotibus</strong></span> <span class='ocrx_word' id='word_1_84' title='bbox 527 1300 670 1378; x_wconf 82' lang='lat' dir='ltr'><strong>offerens,</strong></span> <span class='ocrx_word' id='word_1_85' title='bbox 683 1322 778 1384; x_wconf 90' lang='lat' dir='ltr'><strong>quam</strong></span> <span class='ocrx_word' id='word_1_86' title='bbox 789 1300 834 1362; x_wconf 93' lang='lat' dir='ltr'><strong>illi</strong></span> <span class='ocrx_word' id='word_1_87' title='bbox 844 1298 1031 1363; x_wconf 89' lang='lat' dir='ltr'><strong>adversariis</strong></span> <span class='ocrx_word' id='word_1_88' title='bbox 1042 1298 1147 1362; x_wconf 87' lang='lat' dir='ltr'><strong>offerri</strong></span> <span class='ocrx_word' id='word_1_89' title='bbox 1159 1305 1395 1383; x_wconf 83' lang='lat' dir='ltr'><strong>praeoeperunt:</strong></span> 
     </span>
     <span class='ocr_line' id='line_1_13' title="bbox 299 1383 1398 1469; baseline -0.003 -19"><span class='ocrx_word' id='word_1_90' title='bbox 299 1388 355 1450; x_wconf 90' lang='lat' dir='ltr'><strong>sed</strong></span> <span class='ocrx_word' id='word_1_91' title='bbox 374 1386 407 1449; x_wconf 91' lang='lat' dir='ltr'><strong><em>hi</em></strong></span> <span class='ocrx_word' id='word_1_92' title='bbox 427 1385 618 1449; x_wconf 88' lang='lat' dir='ltr'><strong>conscientia</strong></span> <span class='ocrx_word' id='word_1_93' title='bbox 637 1386 789 1469; x_wconf 80' lang='lat' dir='ltr'><strong>puniente</strong></span> <span class='ocrx_word' id='word_1_94' title='bbox 807 1384 960 1461; x_wconf 80' lang='lat' dir='ltr'><strong>deterriti,</strong></span> <span class='ocrx_word' id='word_1_95' title='bbox 972 1385 1111 1469; x_wconf 84' lang='lat' dir='ltr'><strong>jungunt</strong></span> <span class='ocrx_word' id='word_1_96' title='bbox 1126 1406 1198 1447; x_wconf 89' lang='lat' dir='ltr'><strong>cum</strong></span> <span class='ocrx_word' id='word_1_97' title='bbox 1212 1383 1398 1468; x_wconf 89' lang='lat' dir='ltr'><strong>parentibus</strong></span> 
     </span>
     <span class='ocr_line' id='line_1_14' title="bbox 298 1470 1442 1556; baseline -0.006 -22"><span class='ocrx_word' id='word_1_98' title='bbox 298 1494 416 1556; x_wconf 85' lang='lat' dir='ltr'><strong>preces,</strong></span> <span class='ocrx_word' id='word_1_99' title='bbox 440 1478 474 1535; x_wconf 92' lang='lat' dir='ltr'><strong>et</strong></span> <span class='ocrx_word' id='word_1_100' title='bbox 495 1470 690 1534; x_wconf 91' lang='lat' dir='ltr'><strong>curationem</strong></span> <span class='ocrx_word' id='word_1_101' title='bbox 711 1471 850 1555; x_wconf 81' lang='lat' dir='ltr'><strong>parvulae</strong></span> <span class='ocrx_word' id='word_1_102' title='bbox 875 1492 896 1533; x_wconf 90' lang='lat' dir='ltr'><strong>a</strong></span> <span class='ocrx_word' id='word_1_103' title='bbox 920 1470 1137 1533; x_wconf 89' lang='lat' dir='ltr'><strong>sacerdotibus</strong></span> <span class='ocrx_word' id='word_1_104' title='bbox 1162 1470 1442 1554; x_wconf 78' lang='lat' dir='ltr'><strong>deprecanturz3o</strong></span> 
     </span>
     <span class='ocr_line' id='line_1_15' title="bbox 299 1555 1399 1640; baseline -0.003 -20"><span class='ocrx_word' id='word_1_105' title='bbox 299 1558 353 1640; x_wconf 90' lang='lat' dir='ltr'><strong>qui</strong></span> <span class='ocrx_word' id='word_1_106' title='bbox 367 1557 534 1620; x_wconf 89' lang='lat' dir='ltr'><strong>inclinatos</strong></span> <span class='ocrx_word' id='word_1_107' title='bbox 548 1557 655 1619; x_wconf 91' lang='lat' dir='ltr'><strong>animo</strong></span> <span class='ocrx_word' id='word_1_108' title='bbox 669 1556 866 1619; x_wconf 86' lang='lat' dir='ltr'><strong>adversarios</strong></span> <span class='ocrx_word' id='word_1_109' title='bbox 880 1555 1050 1631; x_wconf 86' lang='lat' dir='ltr'><strong>intuentes,</strong></span> <span class='ocrx_word' id='word_1_110' title='bbox 1067 1556 1244 1619; x_wconf 87' lang='lat' dir='ltr'><strong>oraticnem</strong></span> <span class='ocrx_word' id='word_1_111' title='bbox 1258 1555 1399 1619; x_wconf 87' lang='lat' dir='ltr'><strong>breviter</strong></span> 
     </span>
     <span class='ocr_line' id='line_1_16' title="bbox 299 1640 1398 1725; baseline 0 -22"><span class='ocrx_word' id='word_1_112' title='bbox 299 1643 454 1705; x_wconf 84' lang='lat' dir='ltr'><strong>fundunt:</strong></span> <span class='ocrx_word' id='word_1_113' title='bbox 479 1664 517 1705; x_wconf 89' lang='lat' dir='ltr'><strong>ac</strong></span> <span class='ocrx_word' id='word_1_114' title='bbox 539 1640 652 1705; x_wconf 91' lang='lat' dir='ltr'><strong>deinde</strong></span> <span class='ocrx_word' id='word_1_115' title='bbox 668 1642 846 1704; x_wconf 84' lang='lat' dir='ltr'><strong>Germanus</strong></span> <span class='ocrx_word' id='word_1_116' title='bbox 867 1640 977 1725; x_wconf 86' lang='lat' dir='ltr'><strong>plenus</strong></span> <span class='ocrx_word' id='word_1_117' title='bbox 994 1640 1114 1724; x_wconf 77' lang='lat' dir='ltr'><strong>Spiritu</strong></span> <span class='ocrx_word' id='word_1_118' title='bbox 1135 1646 1255 1715; x_wconf 81' lang='lat' dir='ltr'><strong>sanct0,</strong></span> <span class='ocrx_word' id='word_1_119' title='bbox 1271 1640 1398 1703; x_wconf 90' lang='lat' dir='ltr'><strong>invocat</strong></span> 
     </span>
     <span class='ocr_line' id='line_1_17' title="bbox 301 1725 1397 1809; baseline -0.002 -20"><span class='ocrx_word' id='word_1_120' title='bbox 301 1728 512 1799; x_wconf 78' lang='lat' dir='ltr'><strong>Trinitatem3</strong></span> <span class='ocrx_word' id='word_1_121' title='bbox 537 1748 595 1789; x_wconf 87' lang='lat' dir='ltr'><strong>nec</strong></span> <span class='ocrx_word' id='word_1_122' title='bbox 609 1748 707 1801; x_wconf 89' lang='lat' dir='ltr'><strong>mora,</strong></span> <span class='ocrx_word' id='word_1_123' title='bbox 723 1727 940 1789; x_wconf 77' lang='lat' dir='ltr'><strong>adhaerentem</strong></span> <span class='ocrx_word' id='word_1_124' title='bbox 954 1726 1046 1788; x_wconf 88' lang='lat' dir='ltr'><strong>lateri</strong></span> <span class='ocrx_word' id='word_1_125' title='bbox 1068 1748 1125 1789; x_wconf 87' lang='lat' dir='ltr'><strong>suo</strong></span> <span class='ocrx_word' id='word_1_126' title='bbox 1145 1725 1305 1809; x_wconf 75' lang='lat' dir='ltr'><strong>capsulam</strong></span> <span class='ocrx_word' id='word_1_127' title='bbox 1325 1748 1397 1789; x_wconf 89' lang='lat' dir='ltr'><strong>cum</strong></span> 
     </span>
     <span class='ocr_line' id='line_1_18' title="bbox 299 1810 1398 1895; baseline -0.003 -18"><span class='ocrx_word' id='word_1_128' title='bbox 299 1820 482 1877; x_wconf 89' lang='lat' dir='ltr'><strong>sanctorum</strong></span> <span class='ocrx_word' id='word_1_129' title='bbox 493 1811 631 1895; x_wconf 88' lang='lat' dir='ltr'><strong>reliquiis</strong></span> <span class='ocrx_word' id='word_1_130' title='bbox 645 1811 725 1875; x_wconf 91' lang='lat' dir='ltr'><strong>collo</strong></span> <span class='ocrx_word' id='word_1_131' title='bbox 739 1811 881 1875; x_wconf 89' lang='lat' dir='ltr'><strong>avulsam</strong></span> <span class='ocrx_word' id='word_1_132' title='bbox 894 1811 1039 1874; x_wconf 91' lang='lat' dir='ltr'><strong>manibus</strong></span> <span class='ocrx_word' id='word_1_133' title='bbox 1054 1810 1301 1894; x_wconf 88' lang='lat' dir='ltr'><strong>comprehendit,</strong></span> <span class='ocrx_word' id='word_1_134' title='bbox 1314 1833 1398 1874; x_wconf 88' lang='lat' dir='ltr'><strong>earn-</strong></span> 
     </span>
     <span class='ocr_line' id='line_1_19' title="bbox 300 1896 1397 1981; baseline 0 -22"><span class='ocrx_word' id='word_1_135' title='bbox 300 1920 361 1981; x_wconf 88' lang='lat' dir='ltr'><strong>que</strong></span> <span class='ocrx_word' id='word_1_136' title='bbox 376 1898 409 1959; x_wconf 93' lang='lat' dir='ltr'><strong><em>in</em></strong></span> <span class='ocrx_word' id='word_1_137' title='bbox 424 1905 595 1980; x_wconf 88' lang='lat' dir='ltr'><strong>conspectu</strong></span> <span class='ocrx_word' id='word_1_138' title='bbox 610 1896 749 1959; x_wconf 89' lang='lat' dir='ltr'><strong>omnium</strong></span> <span class='ocrx_word' id='word_1_139' title='bbox 763 1896 874 1979; x_wconf 88' lang='lat' dir='ltr'><strong>puellae</strong></span> <span class='ocrx_word' id='word_1_140' title='bbox 890 1896 989 1959; x_wconf 89' lang='lat' dir='ltr'><strong>oculis</strong></span> <span class='ocrx_word' id='word_1_141' title='bbox 1004 1896 1182 1980; x_wconf 88' lang='lat' dir='ltr'><strong>adplicavit,</strong></span> <span class='ocrx_word' id='word_1_142' title='bbox 1196 1918 1274 1979; x_wconf 90' lang='lat' dir='ltr'><strong>quos</strong></span> <span class='ocrx_word' id='word_1_143' title='bbox 1286 1896 1397 1959; x_wconf 89' lang='lat' dir='ltr'><strong>statim</strong></span> 
     </span>
     <span class='ocr_line' id='line_1_20' title="bbox 299 1980 1439 2066; baseline 0 -21"><span class='ocrx_word' id='word_1_144' title='bbox 299 1990 490 2045; x_wconf 78' lang='lat' dir='ltr'><strong>⁸evacuat0s</strong></span> <span class='ocrx_word' id='word_1_145' title='bbox 526 1982 666 2045; x_wconf 91' lang='lat' dir='ltr'><strong>tenebris</strong></span> <span class='ocrx_word' id='word_1_146' title='bbox 701 1980 807 2045; x_wconf 92' lang='lat' dir='ltr'><strong>lumen</strong></span> <span class='ocrx_word' id='word_1_147' title='bbox 843 1981 987 2045; x_wconf 87' lang='lat' dir='ltr'><strong>veritatis</strong></span> <span class='ocrx_word' id='word_1_148' title='bbox 1023 1982 1172 2066; x_wconf 90' lang='lat' dir='ltr'><strong>implevit.</strong></span> <span class='ocrx_word' id='word_1_149' title='bbox 1239 1981 1397 2045; x_wconf 85' lang='lat' dir='ltr'><strong>Exultant</strong></span> <span class='ocrx_word' id='word_1_150' title='bbox 1407 1998 1439 2045; x_wconf 83' lang='lat'><strong>35</strong></span> 
     </span>
     <span class='ocr_line' id='line_1_21' title="bbox 299 2066 1397 2165; baseline -0.001 -35"><span class='ocrx_word' id='word_1_151' title='bbox 299 2074 458 2165; x_wconf 67' lang='lat' dir='ltr'><strong>parentes</strong></span> <span class='ocrx_word' id='word_1_152' title='bbox 481 2066 666 2129; x_wconf 77' lang='lat' dir='ltr'><strong>miraculum</strong></span> <span class='ocrx_word' id='word_1_153' title='bbox 687 2066 821 2152; x_wconf 89' lang='lat' dir='ltr'><strong>populus</strong></span> <span class='ocrx_word' id='word_1_154' title='bbox 843 2067 1077 2131; x_wconf 89' lang='lat' dir='ltr'><strong>contremiscit:</strong></span> <span class='ocrx_word' id='word_1_155' title='bbox 1100 2075 1174 2151; x_wconf 91' lang='lat' dir='ltr'><strong>post</strong></span> <span class='ocrx_word' id='word_1_156' title='bbox 1197 2088 1292 2150; x_wconf 92' lang='lat' dir='ltr'><strong>quam</strong></span> <span class='ocrx_word' id='word_1_157' title='bbox 1314 2066 1397 2129; x_wconf 91' lang='lat' dir='ltr'><strong>diem</strong></span> 
     </span>
     <span class='ocr_line' id='line_1_22' title="bbox 300 2151 1398 2235; baseline 0.001 -22"><span class='ocrx_word' id='word_1_158' title='bbox 300 2158 348 2215; x_wconf 83' lang='lat' dir='ltr'><strong>ita</strong></span> <span class='ocrx_word' id='word_1_159' title='bbox 362 2175 402 2216; x_wconf 87' lang='lat' dir='ltr'><strong>ex</strong></span> <span class='ocrx_word' id='word_1_160' title='bbox 417 2152 530 2215; x_wconf 91' lang='lat' dir='ltr'><strong>animis</strong></span> <span class='ocrx_word' id='word_1_161' title='bbox 544 2152 684 2216; x_wconf 91' lang='lat' dir='ltr'><strong>omnium</strong></span> <span class='ocrx_word' id='word_1_162' title='bbox 699 2152 803 2215; x_wconf 88' lang='lat' dir='ltr'><strong>suasio</strong></span> <span class='ocrx_word' id='word_1_163' title='bbox 818 2152 926 2235; x_wconf 91' lang='lat' dir='ltr'><strong>iniqua</strong></span> <span class='ocrx_word' id='word_1_164' title='bbox 945 2152 1050 2215; x_wconf 91' lang='lat' dir='ltr'><strong>deleta</strong></span> <span class='ocrx_word' id='word_1_165' title='bbox 1069 2159 1128 2228; x_wconf 89' lang='lat' dir='ltr'><strong>est,</strong></span> <span class='ocrx_word' id='word_1_166' title='bbox 1144 2159 1181 2216; x_wconf 92' lang='lat' dir='ltr'><strong>ut</strong></span> <span class='ocrx_word' id='word_1_167' title='bbox 1197 2151 1398 2215; x_wconf 88' lang='lat' dir='ltr'><strong>sacerdotum</strong></span> 
     </span>
     <span class='ocr_line' id='line_1_23' title="bbox 300 2236 1119 2301; baseline 0.002 -3"><span class='ocrx_word' id='word_1_168' title='bbox 300 2236 477 2301; x_wconf 78' lang='lat' dir='ltr'><strong>doctrinam</strong></span> <span class='ocrx_word' id='word_1_169' title='bbox 492 2237 673 2301; x_wconf 80' lang='lat' dir='ltr'><strong><em>sitientibus</em></strong></span> <span class='ocrx_word' id='word_1_170' title='bbox 688 2237 851 2301; x_wconf 81' lang='lat' dir='ltr'><strong><em>desideriis</em></strong></span> <span class='ocrx_word' id='word_1_171' title='bbox 867 2244 1075 2301; x_wconf 81' lang='lat' dir='ltr'><strong>sectarentur.</strong></span> <span class='ocrx_word' id='word_1_172' title='bbox 1114 2254 1119 2267; x_wconf 66' lang='grc'><em>“</em></span> 
     </span>
    </p>

    <p class='ocr_par' dir='ltr' id='par_1_7' title="bbox 138 2322 1402 2408">
     <span class='ocr_line' id='line_1_24' title="bbox 138 2322 1402 2408; baseline 0 -22"><span class='ocrx_word' id='word_1_173' title='bbox 138 2336 257 2399; x_wconf 72' lang='lat' dir='ltr'><strong>Reliquiae</strong></span> <span class='ocrx_word' id='word_1_174' title='bbox 344 2323 532 2407; x_wconf 74' lang='lat' dir='ltr'><strong>Comprensa</strong></span> <span class='ocrx_word' id='word_1_175' title='bbox 542 2322 649 2406; x_wconf 90' lang='lat' dir='ltr'><strong>itaque</strong></span> <span class='ocrx_word' id='word_1_176' title='bbox 660 2323 869 2408; x_wconf 86' lang='lat' dir='ltr'><strong>perversitate</strong></span> <span class='ocrx_word' id='word_1_177' title='bbox 880 2322 1061 2398; x_wconf 90' lang='lat' dir='ltr'><strong>damnabili,</strong></span> <span class='ocrx_word' id='word_1_178' title='bbox 1073 2323 1202 2406; x_wconf 87' lang='lat' dir='ltr'><strong>ejusque</strong></span> <span class='ocrx_word' id='word_1_179' title='bbox 1214 2322 1402 2387; x_wconf 83' lang='lat' dir='ltr'><strong>auctoribus</strong></span> 
     </span>
    </p>

    <p class='ocr_par' dir='ltr' id='par_1_8' title="bbox 138 2403 1453 3497">
     <span class='ocr_line' id='line_1_25' title="bbox 138 2403 1395 2492; baseline 0 -21"><span class='ocrx_word' id='word_1_180' title='bbox 138 2403 262 2450; x_wconf 65' lang='lat' dir='ltr'><strong>aurumi.</strong></span> <span class='ocrx_word' id='word_1_181' title='bbox 299 2408 482 2485; x_wconf 85' lang='lat' dir='ltr'><strong>confutatis,</strong></span> <span class='ocrx_word' id='word_1_182' title='bbox 508 2414 605 2491; x_wconf 91' lang='lat' dir='ltr'><strong>atque</strong></span> <span class='ocrx_word' id='word_1_183' title='bbox 630 2407 744 2472; x_wconf 89' lang='lat' dir='ltr'><strong>animis</strong></span> <span class='ocrx_word' id='word_1_184' title='bbox 770 2409 910 2470; x_wconf 87' lang='lat' dir='ltr'><strong>omnium</strong></span> <span class='ocrx_word' id='word_1_185' title='bbox 935 2408 1008 2471; x_wconf 90' lang='lat' dir='ltr'><strong>fidei</strong></span> <span class='ocrx_word' id='word_1_186' title='bbox 1033 2408 1175 2492; x_wconf 90' lang='lat' dir='ltr'><strong>puritate</strong></span> <span class='ocrx_word' id='word_1_187' title='bbox 1205 2408 1395 2491; x_wconf 85' lang='lat' dir='ltr'><strong>compositis,</strong></span> 
     </span>
     <span class='ocr_line' id='line_1_26' title="bbox 300 2492 1441 2579; baseline -0.001 -23"><span class='ocrx_word' id='word_1_188' title='bbox 300 2494 480 2556; x_wconf 89' lang='lat' dir='ltr'><strong>sacerdotes</strong></span> <span class='ocrx_word' id='word_1_189' title='bbox 516 2494 646 2557; x_wconf 88' lang='lat' dir='ltr'><strong>beatum</strong></span> <span class='ocrx_word' id='word_1_190' title='bbox 676 2493 838 2556; x_wconf 83' lang='lat' dir='ltr'><strong>Albanum</strong></span> <span class='ocrx_word' id='word_1_191' title='bbox 874 2500 1056 2578; x_wconf 86' lang='lat' dir='ltr'><strong>martyrem,</strong></span> <span class='ocrx_word' id='word_1_192' title='bbox 1088 2492 1209 2557; x_wconf 87' lang='lat' dir='ltr'><strong>tacturi</strong></span> <span class='ocrx_word' id='word_1_193' title='bbox 1238 2493 1308 2555; x_wconf 93' lang='lat' dir='ltr'><strong>Deo</strong></span> <span class='ocrx_word' id='word_1_194' title='bbox 1339 2516 1398 2579; x_wconf 88' lang='lat' dir='ltr'><strong>per</strong></span> <span class='ocrx_word' id='word_1_195' title='bbox 1406 2521 1441 2566; x_wconf 88' lang='lat'><strong>40</strong></span> 
     </span>
     <span class='ocr_line' id='line_1_27' title="bbox 299 2578 1396 2664; baseline 0.001 -23"><span class='ocrx_word' id='word_1_196' title='bbox 299 2578 402 2662; x_wconf 89' lang='lat' dir='ltr'><strong>ipsum</strong></span> <span class='ocrx_word' id='word_1_197' title='bbox 415 2579 537 2664; x_wconf 82' lang='lat' dir='ltr'><strong>gratias</strong></span> <span class='ocrx_word' id='word_1_198' title='bbox 554 2581 725 2664; x_wconf 88' lang='lat' dir='ltr'><strong>petierunt,</strong></span> <span class='ocrx_word' id='word_1_199' title='bbox 741 2580 796 2642; x_wconf 93' lang='lat' dir='ltr'><strong>ubi</strong></span> <span class='ocrx_word' id='word_1_200' title='bbox 811 2581 988 2643; x_wconf 71' lang='lat' dir='ltr'><strong>Gennanus</strong></span> <span class='ocrx_word' id='word_1_201' title='bbox 1011 2579 1150 2642; x_wconf 90' lang='lat' dir='ltr'><strong>omnium</strong></span> <span class='ocrx_word' id='word_1_202' title='bbox 1171 2579 1396 2663; x_wconf 71' lang='lat' dir='ltr'><strong>apostolorum,</strong></span> 
     </span>
     <span class='ocr_line' id='line_1_28' title="bbox 299 2664 1399 2749; baseline 0.002 -21"><span class='ocrx_word' id='word_1_203' title='bbox 299 2665 555 2748; x_wconf 85' lang='lat' dir='ltr'><strong>diversorumque</strong></span> <span class='ocrx_word' id='word_1_204' title='bbox 575 2672 754 2749; x_wconf 81' lang='lat' dir='ltr'><strong>martyrum</strong></span> <span class='ocrx_word' id='word_1_205' title='bbox 776 2687 882 2728; x_wconf 91' lang='lat' dir='ltr'><strong>secum</strong></span> <span class='ocrx_word' id='word_1_206' title='bbox 904 2664 1051 2748; x_wconf 86' lang='lat' dir='ltr'><strong>reliquias</strong></span> <span class='ocrx_word' id='word_1_207' title='bbox 1073 2665 1202 2742; x_wconf 84' lang='lat' dir='ltr'><strong>habens,</strong></span> <span class='ocrx_word' id='word_1_208' title='bbox 1221 2664 1308 2728; x_wconf 86' lang='lat' dir='ltr'><strong>facta</strong></span> <span class='ocrx_word' id='word_1_209' title='bbox 1329 2687 1399 2730; x_wconf 89' lang='lat' dir='ltr'><strong>ora·</strong></span> 
     </span>
     <span class='ocr_line' id='line_1_29' title="bbox 299 2750 1400 2835; baseline 0.001 -23"><span class='ocrx_word' id='word_1_210' title='bbox 299 2750 386 2813; x_wconf 91' lang='lat' dir='ltr'><strong>tione</strong></span> <span class='ocrx_word' id='word_1_211' title='bbox 408 2751 504 2835; x_wconf 88' lang='lat' dir='ltr'><strong>jussit</strong></span> <span class='ocrx_word' id='word_1_212' title='bbox 526 2751 633 2814; x_wconf 92' lang='lat' dir='ltr'><strong>revelli</strong></span> <span class='ocrx_word' id='word_1_213' title='bbox 657 2750 843 2834; x_wconf 84' lang='lat' dir='ltr'><strong>sepulcrum,</strong></span> <span class='ocrx_word' id='word_1_214' title='bbox 867 2750 1008 2833; x_wconf 91' lang='lat' dir='ltr'><strong>pretiosa</strong></span> <span class='ocrx_word' id='word_1_215' title='bbox 1031 2750 1147 2813; x_wconf 89' lang='lat' dir='ltr'><strong>ibidem</strong></span> <span class='ocrx_word' id='word_1_216' title='bbox 1170 2772 1302 2814; x_wconf 91' lang='lat' dir='ltr'><strong>munera</strong></span> <span class='ocrx_word' id='word_1_217' title='bbox 1328 2772 1400 2814; x_wconf 91' lang='lat' dir='ltr'><strong>con-</strong></span> 
     </span>
     <span class='ocr_line' id='line_1_30' title="bbox 300 2836 1400 2920; baseline 0 -22"><span class='ocrx_word' id='word_1_218' title='bbox 300 2836 444 2909; x_wconf 84' lang='lat' dir='ltr'><strong>diturus3</strong></span> <span class='ocrx_word' id='word_1_219' title='bbox 468 2836 630 2900; x_wconf 86' lang='lat' dir='ltr'><strong>arbitrans</strong></span> <span class='ocrx_word' id='word_1_220' title='bbox 659 2843 882 2920; x_wconf 90' lang='lat' dir='ltr'><strong>oportunum,</strong></span> <span class='ocrx_word' id='word_1_221' title='bbox 909 2842 946 2898; x_wconf 88' lang='lat' dir='ltr'><strong>ut</strong></span> <span class='ocrx_word' id='word_1_222' title='bbox 975 2836 1118 2899; x_wconf 90' lang='lat' dir='ltr'><strong>membra</strong></span> <span class='ocrx_word' id='word_1_223' title='bbox 1148 2841 1330 2898; x_wconf 90' lang='lat' dir='ltr'><strong>sanctorum</strong></span> <span class='ocrx_word' id='word_1_224' title='bbox 1359 2859 1400 2900; x_wconf 85' lang='lat' dir='ltr'><strong>ex</strong></span> 
     </span>
     <span class='ocr_line' id='line_1_31' title="bbox 300 2859 1400 3005; baseline 0.002 -23"><span class='ocrx_word' id='word_1_225' title='bbox 300 2920 431 2982; x_wconf 90' lang='lat' dir='ltr'><strong>diversis</strong></span> <span class='ocrx_word' id='word_1_226' title='bbox 456 2921 636 3005; x_wconf 87' lang='lat' dir='ltr'><strong>regionibus</strong></span> <span class='ocrx_word' id='word_1_227' title='bbox 665 2859 805 2998; x_wconf 83' lang='lat' dir='ltr'><strong>collecta,</strong></span> <span class='ocrx_word' id='word_1_228' title='bbox 834 2942 911 3005; x_wconf 89' lang='lat' dir='ltr'><strong>quos</strong></span> <span class='ocrx_word' id='word_1_229' title='bbox 938 2934 1056 3004; x_wconf 88' lang='lat' dir='ltr'><strong>upares</strong></span> <span class='ocrx_word' id='word_1_230' title='bbox 1085 2921 1206 2992; x_wconf 90' lang='lat' dir='ltr'><strong>meritis</strong></span> <span class='ocrx_word' id='word_1_231' title='bbox 1235 2928 1400 3005; x_wconf 89' lang='lat' dir='ltr'><strong>receperat</strong></span> 
     </span>
     <span class='ocr_line' id='line_1_32' title="bbox 300 3005 1400 3090; baseline 0.002 -22"><span class='ocrx_word' id='word_1_232' title='bbox 300 3005 420 3081; x_wconf 78' lang='lat' dir='ltr'><strong>caelum,</strong></span> <span class='ocrx_word' id='word_1_233' title='bbox 451 3006 585 3088; x_wconf 90' lang='lat' dir='ltr'><strong>sepulcri</strong></span> <span class='ocrx_word' id='word_1_234' title='bbox 615 3028 739 3090; x_wconf 90' lang='lat' dir='ltr'><strong>quoque</strong></span> <span class='ocrx_word' id='word_1_235' title='bbox 767 3007 860 3069; x_wconf 91' lang='lat' dir='ltr'><strong>unius</strong></span> <span class='ocrx_word' id='word_1_236' title='bbox 889 3012 1015 3070; x_wconf 87' lang='lat' dir='ltr'><strong>teneret</strong></span> <span class='ocrx_word' id='word_1_237' title='bbox 1042 3006 1224 3088; x_wconf 88' lang='lat' dir='ltr'><strong>hospitium.</strong></span> <span class='ocrx_word' id='word_1_238' title='bbox 1278 3006 1400 3086; x_wconf 72' lang='lat' dir='ltr'><strong>Quibus</strong></span> 
     </span>
     <span class='ocr_line' id='line_1_33' title="bbox 300 3090 1442 3175; baseline 0.005 -22"><span class='ocrx_word' id='word_1_239' title='bbox 300 3090 453 3174; x_wconf 88' lang='lat' dir='ltr'><strong>depositis</strong></span> <span class='ocrx_word' id='word_1_240' title='bbox 478 3091 658 3167; x_wconf 83' lang='lat' dir='ltr'><strong>honorilice,</strong></span> <span class='ocrx_word' id='word_1_241' title='bbox 685 3098 784 3175; x_wconf 91' lang='lat' dir='ltr'><strong>atque</strong></span> <span class='ocrx_word' id='word_1_242' title='bbox 810 3091 946 3168; x_wconf 82' lang='lat' dir='ltr'><strong>sociatis,</strong></span> <span class='ocrx_word' id='word_1_243' title='bbox 971 3092 1010 3154; x_wconf 93' lang='lat' dir='ltr'><strong>de</strong></span> <span class='ocrx_word' id='word_1_244' title='bbox 1036 3091 1105 3154; x_wconf 91' lang='lat' dir='ltr'><strong>loco</strong></span> <span class='ocrx_word' id='word_1_245' title='bbox 1128 3091 1206 3175; x_wconf 84' lang='lat' dir='ltr'><strong>ipso,</strong></span> <span class='ocrx_word' id='word_1_246' title='bbox 1231 3091 1285 3153; x_wconf 89' lang='lat' dir='ltr'><strong>ubi</strong></span> <span class='ocrx_word' id='word_1_247' title='bbox 1312 3091 1442 3163; x_wconf 73' lang='lat' dir='ltr'><strong>beatiss</strong></span> 
     </span>
     <span class='ocr_line' id='line_1_34' title="bbox 300 3175 1453 3268; baseline 0.001 -30"><span class='ocrx_word' id='word_1_248' title='bbox 300 3176 451 3259; x_wconf 85' lang='lat' dir='ltr'><strong>martyris</strong></span> <span class='ocrx_word' id='word_1_249' title='bbox 476 3175 592 3239; x_wconf 85' lang='lat' dir='ltr'><strong>effusus</strong></span> <span class='ocrx_word' id='word_1_250' title='bbox 618 3183 689 3240; x_wconf 91' lang='lat' dir='ltr'><strong>erat</strong></span> <span class='ocrx_word' id='word_1_251' title='bbox 713 3177 850 3261; x_wconf 84' lang='lat' dir='ltr'><strong>sanguis,</strong></span> <span class='ocrx_word' id='word_1_252' title='bbox 874 3198 1012 3240; x_wconf 86' lang='lat' dir='ltr'><strong>massam</strong></span> <span class='ocrx_word' id='word_1_253' title='bbox 1037 3176 1173 3261; x_wconf 85' lang='lat' dir='ltr'><strong>pulveris</strong></span> <span class='ocrx_word' id='word_1_254' title='bbox 1198 3197 1304 3239; x_wconf 89' lang='lat' dir='ltr'><strong>secum</strong></span> <span class='ocrx_word' id='word_1_255' title='bbox 1326 3198 1398 3261; x_wconf 87' lang='lat' dir='ltr'><strong>por·</strong></span> <span class='ocrx_word' id='word_1_256' title='bbox 1407 3188 1453 3268; x_wconf 90' lang='lat'><strong>56</strong></span> 
     </span>
     <span class='ocr_line' id='line_1_35' title="bbox 301 3261 1399 3346; baseline 0.003 -23"><span class='ocrx_word' id='word_1_257' title='bbox 301 3267 430 3324; x_wconf 90' lang='lat' dir='ltr'><strong>taturus</strong></span> <span class='ocrx_word' id='word_1_258' title='bbox 451 3261 593 3336; x_wconf 84' lang='lat' dir='ltr'><strong>abstulit,</strong></span> <span class='ocrx_word' id='word_1_259' title='bbox 617 3262 650 3324; x_wconf 90' lang='lat' dir='ltr'><strong><em>in</em></strong></span> <span class='ocrx_word' id='word_1_260' title='bbox 673 3285 735 3346; x_wconf 89' lang='lat' dir='ltr'><strong>qua</strong></span> <span class='ocrx_word' id='word_1_261' title='bbox 757 3262 942 3346; x_wconf 81' lang='lat' dir='ltr'><strong>apparebat,</strong></span> <span class='ocrx_word' id='word_1_262' title='bbox 966 3283 1077 3325; x_wconf 91' lang='lat' dir='ltr'><strong>cruore</strong></span> <span class='ocrx_word' id='word_1_263' title='bbox 1100 3268 1235 3337; x_wconf 91' lang='lat' dir='ltr'><strong>servato,</strong></span> <span class='ocrx_word' id='word_1_264' title='bbox 1254 3263 1399 3326; x_wconf 91' lang='lat' dir='ltr'><strong>rubuisse</strong></span> 
     </span>
     <span class='ocr_line' id='line_1_36' title="bbox 302 3346 1399 3432; baseline 0.003 -25"><span class='ocrx_word' id='word_1_265' title='bbox 302 3353 504 3430; x_wconf 84' lang='lat' dir='ltr'><strong>¹martyrum</strong></span> <span class='ocrx_word' id='word_1_266' title='bbox 525 3348 645 3410; x_wconf 86' lang='lat' dir='ltr'><strong>caedem</strong></span> <span class='ocrx_word' id='word_1_267' title='bbox 666 3356 868 3432; x_wconf 89' lang='lat' dir='ltr'><strong>persecutore</strong></span> <span class='ocrx_word' id='word_1_268' title='bbox 890 3346 1036 3430; x_wconf 87' lang='lat' dir='ltr'><strong>pallente.</strong></span> <span class='ocrx_word' id='word_1_269' title='bbox 1082 3347 1202 3426; x_wconf 77' lang='lat' dir='ltr'><strong>Quibus</strong></span> <span class='ocrx_word' id='word_1_270' title='bbox 1224 3347 1271 3410; x_wconf 92' lang='lat' dir='ltr'><strong>ita</strong></span> <span class='ocrx_word' id='word_1_271' title='bbox 1290 3348 1399 3432; x_wconf 84' lang='lat' dir='ltr'><strong>gestis,</strong></span> 
     </span>
     <span class='ocr_line' id='line_1_37' title="bbox 302 3428 1400 3497; baseline 0.006 -7"><span class='ocrx_word' id='word_1_272' title='bbox 302 3428 468 3494; x_wconf 89' lang='lat' dir='ltr'><strong>innumera</strong></span> <span class='ocrx_word' id='word_1_273' title='bbox 479 3431 640 3494; x_wconf 90' lang='lat' dir='ltr'><strong>hominum</strong></span> <span class='ocrx_word' id='word_1_274' title='bbox 651 3433 763 3496; x_wconf 92' lang='lat' dir='ltr'><strong>eodem</strong></span> <span class='ocrx_word' id='word_1_275' title='bbox 773 3433 825 3496; x_wconf 92' lang='lat' dir='ltr'><strong>die</strong></span> <span class='ocrx_word' id='word_1_276' title='bbox 836 3433 879 3496; x_wconf 92' lang='lat' dir='ltr'><strong>ad</strong></span> <span class='ocrx_word' id='word_1_277' title='bbox 887 3432 1060 3495; x_wconf 91' lang='lat' dir='ltr'><strong>Dominum</strong></span> <span class='ocrx_word' id='word_1_278' title='bbox 1071 3432 1167 3496; x_wconf 90' lang='lat' dir='ltr'><strong>turba</strong></span> <span class='ocrx_word' id='word_1_279' title='bbox 1179 3453 1329 3496; x_wconf 89' lang='lat' dir='ltr'><strong>conversa</strong></span> <span class='ocrx_word' id='word_1_280' title='bbox 1341 3440 1400 3497; x_wconf 88' lang='lat' dir='ltr'><strong>est.</strong></span> 
     </span>
    </p>
   </div>
   <div class='ocr_carea' id='block_1_6' title="bbox 733 3547 968 3611">
    <p class='ocr_par' dir='ltr' id='par_1_9' title="bbox 733 3547 968 3611">
     <span class='ocr_line' id='line_1_38' title="bbox 733 3547 968 3611; baseline -0.004 0"><span class='ocrx_word' id='word_1_281' title='bbox 733 3547 841 3611; x_wconf 82' lang='lat' dir='ltr'><strong>OAP.</strong></span> <span class='ocrx_word' id='word_1_282' title='bbox 864 3547 968 3610; x_wconf 87' lang='lat' dir='ltr'>XIX.</span> 
     </span>
    </p>
   </div>
   <div class='ocr_carea' id='block_1_7' title="bbox 306 3631 1425 3792">
    <p class='ocr_par' dir='ltr' id='par_1_10' title="bbox 306 3631 1425 3792">
     <span class='ocr_line' id='line_1_39' title="bbox 306 3631 1425 3708; baseline 0.005 -19"><span class='ocrx_word' id='word_1_283' title='bbox 306 3631 344 3689; x_wconf 86' lang='lat' dir='ltr'><strong>Ut</strong></span> <span class='ocrx_word' id='word_1_284' title='bbox 357 3632 426 3688; x_wconf 85' lang='lat' dir='ltr'><strong>idem</strong></span> <span class='ocrx_word' id='word_1_285' title='bbox 440 3651 520 3688; x_wconf 83' lang='lat' dir='ltr'><strong>causa</strong></span> <span class='ocrx_word' id='word_1_286' title='bbox 534 3634 702 3708; x_wconf 79' lang='lat' dir='ltr'><strong>infirmitatis</strong></span> <span class='ocrx_word' id='word_1_287' title='bbox 715 3635 811 3691; x_wconf 83' lang='lat' dir='ltr'><strong>itidem</strong></span> <span class='ocrx_word' id='word_1_288' title='bbox 824 3638 954 3700; x_wconf 84' lang='lat' dir='ltr'><strong>detentus,</strong></span> <span class='ocrx_word' id='word_1_289' title='bbox 969 3644 996 3692; x_wconf 82' lang='lat' dir='ltr'><strong>et</strong></span> <span class='ocrx_word' id='word_1_290' title='bbox 1009 3637 1130 3692; x_wconf 83' lang='lat' dir='ltr'><strong>incendic</strong></span> <span class='ocrx_word' id='word_1_291' title='bbox 1145 3637 1281 3692; x_wconf 84' lang='lat' dir='ltr'><strong>domorum</strong></span> <span class='ocrx_word' id='word_1_292' title='bbox 1299 3639 1425 3703; x_wconf 81' lang='lat' dir='ltr'><strong>oreades</strong></span> 
     </span>
     <span class='ocr_line' id='line_1_40' title="bbox 397 3714 1307 3792; baseline 0.004 -24"><span class='ocrx_word' id='word_1_293' title='bbox 397 3714 572 3781; x_wconf 52' lang='lat' dir='ltr'><strong>retinuerim</strong></span> <span class='ocrx_word' id='word_1_294' title='bbox 593 3723 620 3770; x_wconf 87' lang='lat' dir='ltr'><strong>et</strong></span> <span class='ocrx_word' id='word_1_295' title='bbox 634 3716 751 3790; x_wconf 79' lang='lat' dir='ltr'><strong>ipseper</strong></span> <span class='ocrx_word' id='word_1_296' title='bbox 763 3716 891 3771; x_wconf 83' lang='lat' dir='ltr'><strong>visionem</strong></span> <span class='ocrx_word' id='word_1_297' title='bbox 905 3734 921 3770; x_wconf 87' lang='lat' dir='ltr'><strong>a</strong></span> <span class='ocrx_word' id='word_1_298' title='bbox 936 3735 984 3773; x_wconf 81' lang='lat' dir='ltr'><strong>sao</strong></span> <span class='ocrx_word' id='word_1_299' title='bbox 997 3718 1034 3772; x_wconf 85' lang='lat' dir='ltr'><strong>sit</strong></span> <span class='ocrx_word' id='word_1_300' title='bbox 1048 3717 1175 3792; x_wconf 73' lang='lat' dir='ltr'><strong>torquere</strong></span> <span class='ocrx_word' id='word_1_301' title='bbox 1188 3725 1307 3772; x_wconf 83' lang='lat' dir='ltr'><strong>curatus.</strong></span> 
     </span>
    </p>
   </div>
   <div class='ocr_carea' id='block_1_8' title="bbox 139 3789 1401 4057">
    <p class='ocr_par' dir='ltr' id='par_1_11' title="bbox 139 3789 1401 4057">
     <span class='ocr_line' id='line_1_41' title="bbox 139 3789 1401 3883; baseline 0.002 -30"><span class='ocrx_word' id='word_1_302' title='bbox 139 3807 263 3883; x_wconf 70' lang='lat' dir='ltr'><strong>nimenta</strong></span> <span class='ocrx_word' id='word_1_303' title='bbox 346 3789 444 3852; x_wconf 84' lang='lat' dir='ltr'><strong><em>Uunn</em></strong></span> <span class='ocrx_word' id='word_1_304' title='bbox 465 3792 540 3854; x_wconf 91' lang='lat' dir='ltr'><strong>dum</strong></span> <span class='ocrx_word' id='word_1_305' title='bbox 562 3793 705 3869; x_wconf 88' lang='lat' dir='ltr'><strong>redeunt,</strong></span> <span class='ocrx_word' id='word_1_306' title='bbox 728 3793 896 3856; x_wconf 89' lang='lat' dir='ltr'><strong>insidiator</strong></span> <span class='ocrx_word' id='word_1_307' title='bbox 918 3793 1061 3857; x_wconf 90' lang='lat' dir='ltr'><strong>inimicus</strong></span> <span class='ocrx_word' id='word_1_308' title='bbox 1083 3795 1259 3858; x_wconf 90' lang='lat' dir='ltr'><strong>casualibus</strong></span> <span class='ocrx_word' id='word_1_309' title='bbox 1281 3794 1401 3878; x_wconf 89' lang='lat' dir='ltr'><strong>laqueis</strong></span> 
     </span>
     <span class='ocr_line' id='line_1_42' title="bbox 139 3872 1401 3992; baseline 0.006 -20"><span class='ocrx_word' id='word_1_310' title='bbox 139 3872 273 3983; x_wconf 48' lang='grc' dir='ltr'><strong>Ξὲοξίἒῗοθῑ</strong></span> <span class='ocrx_word' id='word_1_311' title='bbox 334 3936 344 3958; x_wconf 66' lang='lat'><em>1</em></span> <span class='ocrx_word' id='word_1_312' title='bbox 353 3929 471 3989; x_wconf 82' lang='lat' dir='ltr'><strong>nequivit,</strong></span> <span class='ocrx_word' id='word_1_313' title='bbox 480 3929 576 3989; x_wconf 80' lang='lat' dir='ltr'><strong>nequiit</strong></span> <span class='ocrx_word' id='word_1_314' title='bbox 582 3927 613 3973; x_wconf 92' lang='lat' dir='ltr'><strong>V.</strong></span> <span class='ocrx_word' id='word_1_315' title='bbox 635 3929 782 3973; x_wconf 68' lang='lat' dir='ltr'><strong>secamus</strong></span> <span class='ocrx_word' id='word_1_316' title='bbox 788 3927 849 3974; x_wconf 90' lang='lat' dir='ltr'>V.G.</span> <span class='ocrx_word' id='word_1_317' title='bbox 876 3929 992 3975; x_wconf 72' lang='lat' dir='ltr'><strong>tencteri</strong></span> <span class='ocrx_word' id='word_1_318' title='bbox 1001 3929 1056 3976; x_wconf 87' lang='lat' dir='ltr'><strong>Deo</strong></span> <span class='ocrx_word' id='word_1_319' title='bbox 1063 3945 1112 3991; x_wconf 77' lang='lat' dir='ltr'><strong>per</strong></span> <span class='ocrx_word' id='word_1_320' title='bbox 1120 3935 1200 3992; x_wconf 82' lang='lat' dir='ltr'><strong>ipsum</strong></span> <span class='ocrx_word' id='word_1_321' title='bbox 1207 3934 1307 3990; x_wconf 77' lang='lat' dir='ltr'><strong>gratias</strong></span> <span class='ocrx_word' id='word_1_322' title='bbox 1317 3934 1401 3978; x_wconf 83' lang='lat' dir='ltr'><strong>acturi</strong></span> 
     </span>
     <span class='ocr_line' id='line_1_43' title="bbox 297 3989 1392 4057; baseline 0.005 -19"><span class='ocrx_word' id='word_1_323' title='bbox 297 3993 426 4052; x_wconf 80' lang='lat' dir='ltr'><strong>petierunt</strong></span> <span class='ocrx_word' id='word_1_324' title='bbox 436 3991 466 4038; x_wconf 88' lang='lat' dir='ltr'><strong>V.</strong></span> <span class='ocrx_word' id='word_1_325' title='bbox 499 4003 516 4030; x_wconf 80' lang='lat'><strong>11</strong></span> <span class='ocrx_word' id='word_1_326' title='bbox 522 3993 628 4052; x_wconf 67' lang='lat' dir='ltr'><strong>peritur</strong></span> <span class='ocrx_word' id='word_1_327' title='bbox 636 3989 714 4038; x_wconf 72' lang='lat' dir='ltr'><strong>(thim</strong></span> <span class='ocrx_word' id='word_1_328' title='bbox 727 3991 801 4038; x_wconf 82' lang='lat' dir='ltr'><strong>solus.</strong></span> <span class='ocrx_word' id='word_1_329' title='bbox 835 3995 988 4053; x_wconf 69' lang='lat' dir='ltr'><strong>xmarryrtr,</strong></span> <span class='ocrx_word' id='word_1_330' title='bbox 997 3994 1055 4041; x_wconf 90' lang='lat' dir='ltr'><strong>boni</strong></span> <span class='ocrx_word' id='word_1_331' title='bbox 1064 3995 1168 4054; x_wconf 84' lang='lat' dir='ltr'><strong>codices,</strong></span> <span class='ocrx_word' id='word_1_332' title='bbox 1182 3997 1223 4042; x_wconf 88' lang='lat' dir='ltr'><strong>sed</strong></span> <span class='ocrx_word' id='word_1_333' title='bbox 1236 4011 1284 4042; x_wconf 90' lang='lat' dir='ltr'><strong>non</strong></span> <span class='ocrx_word' id='word_1_334' title='bbox 1295 3995 1392 4057; x_wconf 85' lang='lat' dir='ltr'><strong>optimi.</strong></span> 
     </span>
    </p>
   </div>
   <div class='ocr_carea' id='block_1_9' title="bbox 302 4113 1402 4498">
    <p class='ocr_par' dir='ltr' id='par_1_12' title="bbox 303 4113 1401 4240">
     <span class='ocr_line' id='line_1_44' title="bbox 335 4113 1401 4178; baseline 0.008 -22"><span class='ocrx_word' id='word_1_335' title='bbox 335 4123 374 4169; x_wconf 84' lang='lat'><strong>42·</strong></span> <span class='ocrx_word' id='word_1_336' title='bbox 386 4114 682 4172; x_wconf 66' lang='lat' dir='ltr'><strong>sepulchrum-munere</strong></span> <span class='ocrx_word' id='word_1_337' title='bbox 693 4113 848 4173; x_wconf 66' lang='lat' dir='ltr'><strong>conditurum]</strong></span> <span class='ocrx_word' id='word_1_338' title='bbox 862 4115 955 4160; x_wconf 88' lang='lat' dir='ltr'><strong>Horum</strong></span> <span class='ocrx_word' id='word_1_339' title='bbox 969 4115 1152 4172; x_wconf 69' lang='lat' dir='ltr'><strong>revelatorem,</strong></span> <span class='ocrx_word' id='word_1_340' title='bbox 1161 4125 1187 4164; x_wconf 86' lang='lat' dir='ltr'><strong>et</strong></span> <span class='ocrx_word' id='word_1_341' title='bbox 1196 4116 1271 4164; x_wconf 86' lang='lat' dir='ltr'><strong>seculi</strong></span> <span class='ocrx_word' id='word_1_342' title='bbox 1283 4131 1356 4178; x_wconf 86' lang='lat' dir='ltr'><strong>super</strong></span> <span class='ocrx_word' id='word_1_343' title='bbox 1366 4116 1401 4165; x_wconf 86' lang='lat' dir='ltr'><strong>eis</strong></span> 
     </span>
     <span class='ocr_line' id='line_1_45' title="bbox 303 4174 951 4240; baseline 0.008 -20"><span class='ocrx_word' id='word_1_344' title='bbox 303 4174 404 4234; x_wconf 83' lang='lat' dir='ltr'><strong>repertis</strong></span> <span class='ocrx_word' id='word_1_345' title='bbox 414 4175 578 4233; x_wconf 84' lang='lat' dir='ltr'><strong>devotionern,</strong></span> <span class='ocrx_word' id='word_1_346' title='bbox 590 4177 645 4223; x_wconf 85' lang='lat' dir='ltr'><strong>vide</strong></span> <span class='ocrx_word' id='word_1_347' title='bbox 657 4177 675 4223; x_wconf 84' lang='lat' dir='ltr'>F</span> <span class='ocrx_word' id='word_1_348' title='bbox 677 4177 769 4238; x_wconf 75' lang='lat' dir='ltr'><strong>lorileg.</strong></span> <span class='ocrx_word' id='word_1_349' title='bbox 781 4178 812 4224; x_wconf 86' lang='lat' dir='ltr'><strong>ad</strong></span> <span class='ocrx_word' id='word_1_350' title='bbox 824 4191 846 4224; x_wconf 87' lang='lat' dir='ltr'><strong>a.</strong></span> <span class='ocrx_word' id='word_1_351' title='bbox 861 4189 915 4240; x_wconf 81' lang='lat'>794.</span> <span class='ocrx_word' id='word_1_352' title='bbox 928 4181 951 4226; x_wconf 91' lang='lat' dir='ltr'><strong>S.</strong></span> 
     </span>
    </p>

    <p class='ocr_par' dir='ltr' id='par_1_13' title="bbox 302 4241 1402 4498">
     <span class='ocr_line' id='line_1_46' title="bbox 338 4241 1402 4308; baseline 0.009 -25"><span class='ocrx_word' id='word_1_353' title='bbox 338 4251 359 4283; x_wconf 89' lang='lat'><strong>1.</strong></span> <span class='ocrx_word' id='word_1_354' title='bbox 371 4253 451 4284; x_wconf 81' lang='lat' dir='ltr'><strong>seeum</strong></span> <span class='ocrx_word' id='word_1_355' title='bbox 460 4241 621 4302; x_wconf 64' lang='lat' dir='ltr'><strong>paraturus]</strong></span> <span class='ocrx_word' id='word_1_356' title='bbox 638 4241 706 4288; x_wconf 75' lang='lat' dir='ltr'><strong>lusia</strong></span> <span class='ocrx_word' id='word_1_357' title='bbox 720 4241 797 4302; x_wconf 79' lang='lat' dir='ltr'><strong>[intra</strong></span> <span class='ocrx_word' id='word_1_358' title='bbox 807 4243 830 4302; x_wconf 88' lang='lat'><strong>?]</strong></span> <span class='ocrx_word' id='word_1_359' title='bbox 845 4257 927 4289; x_wconf 78' lang='lat' dir='ltr'><strong>niueos</strong></span> <span class='ocrx_word' id='word_1_360' title='bbox 940 4244 1089 4292; x_wconf 82' lang='lat' dir='ltr'><strong>Autisiodori</strong></span> <span class='ocrx_word' id='word_1_361' title='bbox 1102 4245 1227 4292; x_wconf 81' lang='lat' dir='ltr'><strong>basiIIcam</strong></span> <span class='ocrx_word' id='word_1_362' title='bbox 1242 4244 1281 4293; x_wconf 85' lang='lat' dir='ltr'><strong><em>his</em></strong></span> <span class='ocrx_word' id='word_1_363' title='bbox 1292 4245 1402 4308; x_wconf 76' lang='lat' dir='ltr'><strong>reliquiis</strong></span> 
     </span>
     <span class='ocr_line' id='line_1_47' title="bbox 303 4302 1402 4365; baseline 0.01 -18"><span class='ocrx_word' id='word_1_364' title='bbox 303 4302 436 4348; x_wconf 82' lang='lat' dir='ltr'><strong>condendIs</strong></span> <span class='ocrx_word' id='word_1_365' title='bbox 446 4303 601 4351; x_wconf 69' lang='lat' dir='ltr'><strong>exaedificans</strong></span> <span class='ocrx_word' id='word_1_366' title='bbox 612 4305 638 4352; x_wconf 89' lang='lat' dir='ltr'><strong>S.</strong></span> <span class='ocrx_word' id='word_1_367' title='bbox 652 4304 742 4353; x_wconf 76' lang='lat' dir='ltr'><strong>Albani</strong></span> <span class='ocrx_word' id='word_1_368' title='bbox 762 4306 861 4353; x_wconf 80' lang='lat' dir='ltr'><strong>nomiae</strong></span> <span class='ocrx_word' id='word_1_369' title='bbox 876 4307 1006 4365; x_wconf 86' lang='lat' dir='ltr'><strong>dedicavit,</strong></span> <span class='ocrx_word' id='word_1_370' title='bbox 1019 4309 1119 4355; x_wconf 79' lang='lat' dir='ltr'><strong>ErrIcus</strong></span> <span class='ocrx_word' id='word_1_371' title='bbox 1131 4309 1186 4356; x_wconf 86' lang='lat' dir='ltr'><strong>Lib.</strong></span> <span class='ocrx_word' id='word_1_372' title='bbox 1200 4310 1219 4356; x_wconf 89' lang='lat' dir='ltr'><strong>I.</strong></span> <span class='ocrx_word' id='word_1_373' title='bbox 1235 4309 1402 4358; x_wconf 76' lang='lat' dir='ltr'><strong>dominicalis</strong></span> 
     </span>
     <span class='ocr_line' id='line_1_48' title="bbox 302 4365 1402 4434; baseline 0.01 -23"><span class='ocrx_word' id='word_1_374' title='bbox 302 4367 329 4412; x_wconf 89' lang='lat' dir='ltr'><strong>S.</strong></span> <span class='ocrx_word' id='word_1_375' title='bbox 338 4365 436 4414; x_wconf 81' lang='lat' dir='ltr'><strong>Albani.</strong></span> <span class='ocrx_word' id='word_1_376' title='bbox 471 4368 508 4414; x_wconf 84' lang='lat' dir='ltr'><strong>De</strong></span> <span class='ocrx_word' id='word_1_377' title='bbox 519 4368 574 4415; x_wconf 80' lang='lat' dir='ltr'><strong>aIiIs</strong></span> <span class='ocrx_word' id='word_1_378' title='bbox 586 4376 667 4416; x_wconf 86' lang='lat' dir='ltr'><strong>nutem</strong></span> <span class='ocrx_word' id='word_1_379' title='bbox 682 4370 760 4416; x_wconf 86' lang='lat' dir='ltr'><strong>sancti</strong></span> <span class='ocrx_word' id='word_1_380' title='bbox 775 4369 892 4429; x_wconf 84' lang='lat' dir='ltr'><strong>reliquiis,</strong></span> <span class='ocrx_word' id='word_1_381' title='bbox 910 4386 924 4417; x_wconf 86' lang='lat' dir='ltr'><strong>a</strong></span> <span class='ocrx_word' id='word_1_382' title='bbox 940 4372 1066 4420; x_wconf 88' lang='lat' dir='ltr'><strong>monachis</strong></span> <span class='ocrx_word' id='word_1_383' title='bbox 1081 4373 1226 4434; x_wconf 73' lang='lat' dir='ltr'><strong>Magantia,</strong></span> <span class='ocrx_word' id='word_1_384' title='bbox 1242 4374 1361 4432; x_wconf 69' lang='lat' dir='ltr'><strong>ottoniae,</strong></span> <span class='ocrx_word' id='word_1_385' title='bbox 1376 4381 1402 4422; x_wconf 85' lang='lat' dir='ltr'><strong>et</strong></span> 
     </span>
     <span class='ocr_line' id='line_1_49' title="bbox 303 4430 1374 4498; baseline 0.008 -21"><span class='ocrx_word' id='word_1_386' title='bbox 303 4430 412 4478; x_wconf 74' lang='lat' dir='ltr'><strong>Colonia</strong></span> <span class='ocrx_word' id='word_1_387' title='bbox 422 4430 565 4494; x_wconf 76' lang='lat' dir='ltr'><strong>Agrippina</strong></span> <span class='ocrx_word' id='word_1_388' title='bbox 575 4433 718 4494; x_wconf 84' lang='lat' dir='ltr'><strong>vendicatis,</strong></span> <span class='ocrx_word' id='word_1_389' title='bbox 729 4433 814 4496; x_wconf 79' lang='lat' dir='ltr'><strong>legant</strong></span> <span class='ocrx_word' id='word_1_390' title='bbox 824 4433 882 4482; x_wconf 86' lang='lat' dir='ltr'><strong>alibi</strong></span> <span class='ocrx_word' id='word_1_391' title='bbox 894 4434 982 4496; x_wconf 84' lang='lat' dir='ltr'><strong>quibus</strong></span> <span class='ocrx_word' id='word_1_392' title='bbox 992 4435 1113 4498; x_wconf 82' lang='lat' dir='ltr'><strong>ejusmodi</strong></span> <span class='ocrx_word' id='word_1_393' title='bbox 1125 4439 1181 4486; x_wconf 84' lang='lat' dir='ltr'><strong>lites</strong></span> <span class='ocrx_word' id='word_1_394' title='bbox 1192 4438 1258 4486; x_wconf 88' lang='lat' dir='ltr'><strong>cordi</strong></span> <span class='ocrx_word' id='word_1_395' title='bbox 1270 4444 1336 4488; x_wconf 79' lang='lat' dir='ltr'><strong>sunt.</strong></span> <span class='ocrx_word' id='word_1_396' title='bbox 1348 4439 1374 4486; x_wconf 89' lang='lat' dir='ltr'><strong>S.</strong></span> 
     </span>
    </p>
   </div>
   <div class='ocr_carea' id='block_1_10' title="bbox 0 0 1559 5124">
    <p class='ocr_par' dir='ltr' id='par_1_14' title="bbox 0 0 1559 5124">
     <span class='ocr_line' id='line_1_50' title="bbox 0 0 1559 5124; baseline 0 0"><span class='ocrx_word' id='word_1_397' title='bbox 0 0 1559 5124; x_wconf 95' lang='lat' dir='ltr'><strong> </strong></span> 
     </span>
    </p>
   </div>
  </div>
 </body>
</html>
