3100 5125
269 318 335 380 eae
358 297 363 306 ’
596 309 833 380 merorum
857 308 1034 383 uocum.

355 467 505 551 Primmpr
511 467 699 552 porrttfiaom
706 468 801 551 felia,
815 491 1002 554 mmmurqoe
1015 469 1152 534 recordor

397 552 551 636 Dimpida
565 553 724 637 diacipobie
737 554 878 639 dopmata
892 555 1043 619 disseruit.

270 677 385 744 Ultimi
398 685 507 742 autem
521 678 555 741 hi
569 704 576 742 :

354 806 496 889 Namque
510 804 591 868 diem
605 805 864 870 nonamdecimam
879 805 1048 892 September
1061 806 1193 884 habehat,

400 891 477 954 Oom
491 891 594 954 cornio
606 889 903 990 koltraotraapim'tar
917 893 1076 992 reproditur.

353 976 450 1039 Almo
464 997 548 1039 mooa
560 975 703 1041 eododem
708 976 793 1060 solta
808 987 956 1042 cmmortra
970 988 1049 1056 uma,

399 1059 521 1124 Oioibm
533 1061 677 1146 oppobrio
682 1062 808 1145 jrmotur
822 1063 856 1126 iu
867 1085 937 1127 arca
944 1063 1021 1148 poli.

105 1221 244 1270 &mune
326 1209 485 1274 Successit
511 1217 620 1274 autem
650 1210 818 1275 Theodoro
844 1211 876 1274 iu
901 1212 1084 1297 episcopatu
1114 1203 1286 1276 Beroibuld
1313 1209 1370 1295 qui
1534 1275 1535 1282 χ

105 1286 228 1346 ‘tm‘
268 1302 339 1359 erut
363 1297 463 1359 abbas
488 1295 521 1357 in
544 1297 749 1373 monasterie,
773 1296 872 1380 ¹quod
894 1299 989 1382 juxte
1014 1296 1131 1362 ostium
1156 1296 1369 1382 moquilonale
1448 1343 1451 1348 -
1534 1345 1535 1374 3

268 1379 406 1444 fluminio
421 1379 574 1445 Genladae
588 1381 727 1466 positum
743 1383 919 1447 nRoouulie
934 1386 1152 1466 nuncupatur:
1176 1383 1225 1446 vir
1242 1389 1277 1447 et
1297 1381 1368 1466 ipse
1387 1403 1451 1466 ι9ο
1534 1381 1535 1406 *

267 1466 400 1530 scientio
415 1466 652 1551 Scripturarum
671 1467 821 1545 imbutus,
837 1469 894 1532 sed
916 1476 949 1532 et
971 1468 1190 1533 ecelesiasticis
1213 1468 1305 1532 simul
1327 1489 1367 1531 eo

266 1551 542 1616 monasterialibus
564 1551 735 1636 disciplinis
754 1575 875 1618 summe
895 1554 1078 1631 instructus,
1094 1554 1223 1619 temetsi
1244 1554 1367 1637 praede-

121 1650 172 1697 lut
184 1650 241 1698 ur.
266 1637 383 1702 aereoli
397 1659 455 1701 ouo
468 1637 597 1700 minime
618 1639 870 1737 comparandus:
894 1639 949 1724 qui
970 1641 1089 1704 eleotus
1111 1648 1160 1704 eet
1182 1639 1310 1724 quidem
1332 1639 1368 1700 in

109 1713 184 1762 A.1).
194 1713 251 1778 ⁶⁹²·
266 1723 484 1808 episcopatum
504 1745 589 1787 anuo
611 1723 787 1788 Domuuioae
809 1725 1037 1789 inoomationie
1058 1725 1287 1790 sexcentesimo
1310 1746 1366 1786 noa
1527 1771 1535 2198 p

105 1350 178 1398 VIII.

103 1779 202 1828 ‘'m''
265 1809 428 1895 nogesimo
451 1809 598 1886 coeundo,
623 1809 675 1872 die
701 1809 804 1893 primo
833 1811 950 1876 mensis
979 1811 1069 1888 Julii,
1094 1811 1301 1896 regnantibus
1331 1809 1366 1872 iu

282 1995 295 2032 1
309 1995 417 2041 elaustro
428 1992 459 2040 V.
536 1993 545 2031 l
556 1993 662 2055 quaedam
673 1992 704 2040 V.
781 2004 805 2033 ¹11
816 1994 962 2054 aquilonare
974 1993 1003 2040 V.
1088 2002 1104 2030 ¹¹
1116 1992 1181 2054 quod
1190 1991 1306 2052 Raetolse
1317 1991 1348 2039 V.

265 2166 294 2212 ln
305 2167 441 2211 claustrum
447 2163 565 2225 sratmm
576 2165 652 2211 etlam
663 2166 715 2210 lure
726 2169 865 2224 erumperet
875 2163 1007 2210 oblectatio.
1034 2161 1142 2210 docebat
1152 2163 1191 2209 uti
1202 2171 1219 2208 a
1227 2161 1367 2222 primordio

265 2235 322 2276 erat
331 2229 453 2290 depositor
463 2230 565 2288 integro
570 2228 659 2289 forma
666 2229 849 2289 metropolitani
859 2227 991 2274 sacerdotii
998 2228 1075 2288 pallr'o
1087 2232 1110 2272 et
1120 2228 1253 2272 monachili
1265 2233 1367 2273 tontum

265 2293 384 2340 obductae
391 2295 496 2340 cucullo.
523 2292 607 2340 Tanta
618 2299 672 2339 erat
682 2295 781 2352 pollo,
790 2299 818 2339 ut
829 2293 998 2338 arbitraretur
1005 2292 1088 2338 odium
1098 2292 1176 2337 solida
1185 2292 1271 2350 vigere
1279 2305 1366 2350 carme,

264 2358 310 2404 dre.
324 2357 349 2403 S.

298 2419 337 2467 28.
350 2420 484 2482 Succerrffl
506 2419 609 2470 Codices
620 2420 709 2482 Vulgg.
725 2427 821 2480 ponunt
836 2419 876 2468 hic
893 2429 967 2480 eaput
983 2433 1076 2466 nonum
1094 2434 1149 2466 cum
1167 2425 1320 2480 argumento,
1337 2426 1367 2467 ut

264 2499 338 2546 rupru
349 2499 402 2544 cup.
414 2484 437 2531 8.
457 2485 482 2533 S.
517 2486 584 2533 Hine
596 2485 624 2532 fit
635 2487 699 2533 utin
711 2485 817 2533 citandis
828 2484 986 2546 sequentibus
1000 2482 1071 2544 hujus
1085 2483 1141 2531 libri
1155 2483 1274 2544 capitibus
1285 2485 1366 2532 smieu

265 2565 329 2611 rape
341 2564 469 2598 numerum
482 2564 532 2597 uno
544 2544 661 2611 majorem
673 2555 756 2612 ponet.

297 2615 330 2662 ib.
342 2616 494 2677 Berctuald]
514 2615 604 2663 Chron.
618 2616 675 2662 Sex.
687 2616 739 2663 Pol.
750 2615 820 2676 Virg.
833 2614 924 2675 aliique
939 2613 1003 2661 bunc
1015 2614 1099 2661 dicunt
1110 2615 1216 2675 primum
1228 2628 1259 2661 ex
1274 2614 1364 2673 Anglis

265 2679 481 2739 archiepiscopum,
499 2679 634 2739 superiores
653 2694 739 2727 omues
756 2680 833 2727 Italos
853 2687 896 2726 rut
915 2679 1040 2725 Romanos
1059 2677 1191 2736 iacientes3
1214 2678 1256 2725 sed
1275 2686 1363 2725 contra

265 2745 433 2791 auctoritatem
444 2744 530 2800 Beda,
539 2744 581 2804 qui
592 2751 705 2801 testetur,
713 2744 749 2790 iii.
758 2758 807 2801 oo„
816 2744 884 2791 Deue
893 2744 960 2790 dedit
970 2741 1074 2790 iuissede
1085 2750 1157 2803 gente
1166 2741 1362 2790 Occidentaliurn

265 2808 399 2868 Saxonum,
416 2816 441 2855 et
454 2808 620 2863 Ibeodorum,
634 2807 667 2854 iv.
686 2822 718 2865 1.,
735 2808 766 2855 de
782 2808 878 2855 Thurso
897 2806 989 2855 Cilicio
1005 2807 1145 2855 oriundum.
1176 2806 1242 2853 Will.
1259 2802 1362 2855 Mulme.

264 2872 437 2920 Beretuuldum
450 2872 531 2933 prodit
544 2872 612 2933 prius
623 2872 766 2927 Glmtouiae,
778 2887 852 2933 quum
864 2872 890 2919 in
902 2870 1010 2919 Racuult
1023 2872 1178 2931 monasterio,
1189 2871 1312 2917 abbatiam
1325 2878 1362 2919 te-

265 2936 355 2983 nuiter.
373 2936 442 2983 Gale.
459 2936 548 2996 Script.
566 2952 605 2983 xv.
623 2951 646 2996 p.
660 2935 715 2997 308.
751 2937 799 2984 Hic
819 2953 834 2984 a
854 2952 916 2997 papa
934 2934 1059 2983 Vitelliano
1080 2935 1185 2997 suscepit
1204 2935 1313 2996 pellium.
1337 2930 1360 2984 ιζ

265 3000 353 3060 Script.
367 3016 389 3060 p.
403 2999 472 3058 1⁶40.
507 3002 571 3047 Huic
588 3001 769 3061 archiepiscopo
780 3000 894 3048 Vuldberi
911 3015 948 3061 ep.
966 3000 1080 3047 Irundon.
1097 3000 1172 3047 mittit
1189 2999 1316 3060 epistolem
1332 3000 1363 3048 de

264 3061 390 3111 discordiis
400 3065 557 3125 interregem
569 3065 776 3112 West·Suxonum
788 3073 813 3112 et
830 3080 879 3112 euae
891 3066 974 3125 putriae
986 3072 1134 3125 regnatores.
1168 3065 1248 3125 Quum
1267 3079 1281 3111 e
1297 3063 1363 3111 libro

264 3127 422 3185 cottoniano,
442 3129 484 3189 qui
505 3128 644 3176 inscribitur
660 3132 786 3189 Augustus
801 3130 827 3189 u,
844 3129 990 3188 exscriptum
1006 3129 1062 3175 vide
1078 3129 1104 3175 in
1120 3128 1232 3189 Appeud.
1249 3128 1282 3175 N.
1294 3130 1361 3176 erv.

264 3192 336 3303 gline
349 3192 486 3250 Beretuuld‚
503 3194 555 3240 rive
573 3193 720 3241 Beortbuuld
739 3201 888 3241 memoretur
899 3193 963 3241 iilius
977 3194 1059 3240 frutrIe
1076 3191 1199 3241 Ethelredi
1216 3192 1280 3254 regis
1297 3194 1363 3254 upud

291 3256 389 3304 eddium
402 3269 447 3315 e.3
465 3290 472 3303 .
491 3257 516 3305 S.

297 3320 329 3368 ib.
342 3321 427 3381 altar]
442 3271 490 3367 riu.
499 3319 555 3385 679.
567 3321 711 3369 Beretualdo
723 3322 805 3369 ubbuti
817 3330 842 3370 et
852 3320 906 3383 ejus
918 3321 1066 3369 monasterio
1078 3320 1221 3369 Hlotherius
1233 3334 1276 3367 rex
1288 3320 1362 3369 Cant.

264 3385 306 3433 dut
322 3392 411 3433 terram
429 3386 456 3432 in
472 3385 584 3433 'I'banrto
601 3386 625 3433 in
644 3386 698 3433 loeo
715 3387 781 3433 dicto
794 3388 933 3444 Westunea,
945 3394 970 3433 et
980 3386 1022 3433 xii.
1035 3386 1174 3433 mansiones
1189 3386 1214 3432 in
1232 3386 1321 3432 Sturiu.
1337 3402 1362 3433 x.

264 3451 351 3511 Script.
363 3466 387 3511 p.
397 3462 468 3511 ²²07·
480 3458 505 3498 et
515 3450 571 3512 pide
582 3457 641 3497 curt
653 3450 731 3510 ipsum
743 3452 769 3497 in
784 3452 892 3512 Appeud.
906 3452 938 3499 N.
950 3466 1006 3499 xxv.
1024 3452 1049 3498 S.

298 3526 337 3574 29.
353 3515 481 3576 Gemlodoe]
497 3515 577 3562 Hodie
590 3514 682 3561 Iulude.
695 3515 721 3561 S.
744 3515 842 3562 Nomen
854 3516 920 3562 idem
930 3516 1026 3563 videtur
1038 3514 1164 3575 essequod
1175 3514 1246 3561 bodie
1257 3514 1362 3563 babetur

263 3576 289 3625 in
306 3577 418 3625 Yumtlett
434 3581 514 3634 creek,
531 3588 555 3627 et
574 3576 685 3626 Yumtiett
702 3580 760 3626 isle:
778 3580 843 3627 conf.
855 3596 909 3640 quae
925 3580 991 3627 dicte
1008 3586 1065 3627 suut
1082 3580 1164 3639 s'upru,
1176 3579 1206 3625 ud
1219 3593 1248 3626 a:
1266 3579 1360 3627 sedvel

264 3643 331 3689 Beda
341 3642 442 3700 erravit,
451 3643 489 3691 vel
502 3658 591 3690 nomeu
602 3643 664 3689 illud
677 3650 760 3702 postea
773 3645 887 3705 migravit
898 3644 928 3692 ab
940 3644 1052 3691 orientali
1064 3644 1094 3690 ud
1105 3643 1256 3691 occidentale
1266 3644 1359 3691 ostium

264 3705 392 3767 Medvugae
403 3708 481 3765 fluvii,
493 3708 558 3769 quod
570 3708 642 3768 louge
654 3708 747 3754 abesto
759 3709 886 3768 Regulbio.

296 3771 329 3819 ib.
342 3772 471 3833 Rocuulf}
484 3772 605 3832 Oppidum
618 3787 633 3817 u
645 3772 763 3819 Romanis
774 3773 833 3819 olim
846 3772 993 3833 Regulbium
1005 3774 1093 3833 dequo
1105 3772 1160 3818 vide
1170 3771 1291 3819 lobannis
1302 3772 1362 3820 But

263 3834 317 3882 tleii
325 3835 428 3897 Antiqu.
437 3836 563 3897 Rutupin.‚
572 3852 586 3883 e
595 3836 731 3882 Saxonibus
743 3836 944 3895 Ruculfmiuster,
953 3836 1024 3884 hodie
1037 3836 1155 3883 Rcculver
1162 3835 1261 3884 dictum.
1284 3838 1362 3885 luxte

263 3898 328 3947 idem
341 3907 444 3961 tempor,
456 3915 504 3961 quo
516 3899 653 3947 AEdilberct
662 3914 733 3946 suum
744 3902 836 3948 curium
849 3900 991 3962 Augustino
999 3901 1065 3948 dedit
1081 3908 1106 3948 et
1117 3899 1230 3947 Rueuulfi
1241 3900 1360 3960 palatium

263 3962 311 4009 oti
322 3972 347 4010 et
357 3965 535 4012 successoribus
546 3964 612 4022 fecit,
624 3965 799 4012 monesterium
811 3966 885 4013 ctiam
898 3965 931 4012 ibi
944 3966 1138 4021 construebatur,
1150 3964 1220 4025 cujus
1236 3964 1310 4011 ebbae
1322 3966 1360 4013 ul-

263 4028 339 4074 timus
355 4028 403 4074 suit
419 4029 562 4075 Weuredue.
596 4028 665 4076 Mon.
679 4028 756 4089 Augu
769 4038 828 4077 tom.
842 4030 858 4078 i.
871 4046 893 4091 p.
905 4027 944 4077 26.
978 4030 1026 4077 Sed
1043 4029 1176 4076 secuudum
1194 4028 1283 4075 Chron.
1303 4031 1359 4077 Suu.

150 4136 161 4155 ,
263 4088 502 4203 mboslicgberct
513 4108 556 4140 rex
567 4092 635 4141 dedit
646 4094 723 4140 Besso
735 4095 875 4157 presbytero
888 4094 1001 4152 Rucuulf,
1014 4093 1040 4140 in
1051 4107 1099 4154 quo
1112 4091 1285 4141 monasterinm
1302 4094 1354 4141 aedi-

337 4163 355 4203 i.
393 4190 400 4203 .

295 4233 319 4278 3.
331 4218 433 4279 elector]
447 4220 545 4281 Sergius
555 4236 617 4281 pepe
628 4222 759 4282 primatum
772 4222 847 4270 totius
858 4222 986 4270 Brittaniae
999 4221 1144 4269 Beretualdo
1153 4220 1319 4279 confirmatum
1333 4230 1361 4270 ut

263 4284 316 4331 dum
333 4283 442 4343 epistole
459 4284 511 4345 ejus
524 4286 622 4344 docent,
634 4302 684 4334 une
701 4288 799 4348 regibus
810 4287 954 4345 Athelredo,
965 4286 1064 4334 Alfredo
1075 4293 1101 4333 et
1113 4284 1211 4343 Adulio,
1224 4286 1300 4333 ultera
1311 4287 1360 4347 epi-

263 4348 343 4406 scopie
357 4348 483 4395 Brittaniae
493 4351 591 4411 scriptu.
614 4351 681 4398 Will.
697 4352 796 4399 Melmr.
808 4351 908 4399 Ponti.
921 4352 945 4399 S.
975 4352 1065 4399 Eurum
1078 4350 1178 4397 exordia
1189 4350 1256 4397 dedit
1265 4366 1360 4415 quoque

263 4412 398 4459 Eudmerus
409 4413 473 4460 Hiet.
488 4415 552 4462 Nor.
565 4430 589 4462 v.
601 4430 625 4474 p.
634 4428 675 4475 95.

295 4489 320 4534 4.
330 4478 446 4538 seeundo]
462 4477 557 4525 Canon.
569 4476 688 4527 Licbfeld.
697 4484 787 4541 primo,
800 4481 842 4528 sed
854 4480 925 4529 mule.
945 4482 969 4527 S.
