3100 5125
509 365 673 433 GENTIS
695 369 967 433 ANeLORUM.
1217 367 1282 429 les

140 534 175 581 30
183 521 291 580 tamen
305 517 420 582 laedere
431 519 610 584 nullatenus
624 520 797 584 sinebatur.
842 517 939 584 Unde
953 517 1051 583 tertio
1064 517 1222 583 aedificata
1237 516 1281 580 ibi

183 601 320 680 ecelesia,
337 603 495 668 destinam
517 605 602 670 illam
623 627 687 668 non
709 613 746 670 ut
767 611 864 670 antea
881 605 998 669 deforis
1016 603 1049 668 in
1063 604 1280 667 fulcimentum

182 685 294 752 domus
309 688 545 775 adposuerunt;
569 691 625 755 sed
639 691 725 754 intro
739 691 841 775 ipsam
861 689 1023 754 ecclesiam
1042 690 1076 752 in
1094 688 1278 753 memoriam

182 769 323 837 miraculi
337 783 520 859 posuerunt,
530 776 585 840 nbi
599 776 756 840 intrantes
767 797 851 861 genu
861 776 998 853 flectere,
1008 797 1046 839 ac
1056 773 1278 847 misericordiae

182 856 300 922 eaelesti
314 861 491 946 supplicare
505 861 666 926 deberent.
696 862 894 946 Constatque
908 862 1025 926 multos
1036 883 1075 925 ex
1086 882 1124 924 eo
1134 867 1279 944 tempore

240 943 320 1008 tiam
334 945 480 1010 sanitatis
495 947 528 1010 in
543 948 654 1011 eodem
667 947 736 1010 loco
750 954 954 1011 consecutos:
971 946 1047 1030 quin
1061 945 1159 1010 etiam
1172 951 1278 1008 eastu-

140 1039 172 1088 3⁵
194 1025 220 1090 's
243 1051 283 1093 ex
308 1030 379 1115 ipsa
404 1031 529 1096 destina
552 1033 663 1096 excisis
686 1039 720 1097 et
749 1032 782 1095 in
811 1053 928 1116 aquam
949 1031 1062 1109 missis,
1085 1031 1191 1116 plures
1216 1030 1277 1093 sibi

181 1112 308 1200 suisque
321 1117 509 1202 languorum
522 1119 661 1182 remedia
676 1117 879 1203 conquisiere.

226 1201 343 1286 Scripsi
367 1201 497 1266 fautem
518 1204 585 1267 haee
607 1205 646 1267 de
668 1223 804 1288 persona
825 1202 1028 1288 etoperibus
1050 1202 1108 1265 viri
1128 1200 1274 1288 praefati3
1287 1209 1407 1270 Apologia

181 1308 382 1371 nequaquam
403 1287 436 1350 in
458 1309 496 1352 eo
517 1289 650 1353 laudans
666 1290 715 1353 vel
736 1288 855 1374 eligens
876 1289 945 1365 hoo,
967 1289 1051 1372 quod
1071 1289 1111 1350 de
1133 1290 1277 1352 observa
1286 1290 1330 1387 ἕω
1342 1275 1386 1322 Ε·

181 1373 268 1436 tione
294 1373 419 1457 paschae
445 1373 549 1438 miuus
574 1375 713 1460 perfecte
737 1375 902 1522 sapiebat:
937 1375 1033 1437 immo
1057 1374 1118 1437 hoc
1143 1374 1278 1438 multum
1303 1353 1357 1388 ⁸⁰⁰⁴

182 1458 354 1536 detestans,
371 1458 453 1522 siout
467 1459 500 1522 in
514 1460 595 1524 libro
611 1483 703 1544 quem
718 1459 759 1523 de
802 1459 982 1544 emporibus
997 1459 1167 1542 composui,
1179 1459 1278 1522 mani-

182 1543 350 1608 festissime
371 1544 512 1628 probavi,
533 1546 589 1608 sed
609 1546 698 1630 quasi
720 1562 816 1609 verax
837 1545 1015 1622 historicus,
1036 1543 1219 1628 simpliciter
1240 1566 1280 1608 ea
1367 1619 1374 1632 ,

70 1699 87 1718 ⁶
139 1646 175 1691 40
184 1650 254 1714 quae
269 1630 309 1692 de
322 1629 374 1693 illo
390 1630 454 1693 sive
468 1651 526 1714 per
540 1630 627 1694 illum
642 1637 717 1694 sunt
732 1637 833 1716 gesta,
850 1631 1038 1706 describens,
1050 1637 1084 1694 et
1099 1651 1170 1714 quae
1185 1629 1278 1692 laude

183 1720 258 1778 sunt
272 1715 368 1800 digna
382 1715 414 1778 in
430 1716 497 1799 ejus
512 1716 636 1780 actibus
650 1717 793 1794 laudans,
808 1723 906 1800 atque
920 1717 963 1780 ad
982 1715 1155 1780 utilitatem
1175 1715 1278 1800 legen-

181 1799 263 1864 tium
279 1801 439 1864 memoriae
457 1803 699 1866 commendans:
723 1801 864 1866 studium
878 1801 1024 1865 videlicet
1042 1801 1129 1886 pacis
1147 1807 1181 1864 et
1199 1801 1279 1864 cari

180 1885 268 1963 tatis,
293 1885 496 1950 continentiae
520 1894 554 1952 et
583 1887 791 1963 humilitatis3
826 1886 966 1977 animum
991 1886 1047 1951 irae
1073 1893 1108 1950 et
1136 1886 1279 1950 avaritiae

182 1970 342 2049 victorem,
358 1969 512 2057 superbiae
535 1972 627 2036 simul
648 1979 682 2037 et
703 1995 792 2037 vanae
812 1972 920 2058 gloriae
940 1978 1209 2056 contemptorem
1233 1972 1280 2034 in·

182 2056 337 2121 dustriam
356 2057 491 2120 saoiendi
513 2057 605 2121 simul
627 2065 661 2122 et
682 2058 815 2122 docendi
836 2059 990 2122 mandata
1011 2059 1157 2133 eaelestia,
1174 2057 1280 2121 soller-

181 2141 260 2206 tiam
280 2141 423 2206 leotionis
445 2149 479 2206 et
500 2143 683 2228 vigiliarum,
705 2144 931 2208 austeritatem
953 2144 1118 2207 sacerdote
1140 2143 1279 2228 dignam,

138 2238 171 2286 45
181 2227 391 2312 redarguendi
413 2230 565 2313 superbos
586 2250 624 2292 ac
643 2235 800 2314 potentes,
815 2229 938 2315 pariter
956 2235 990 2292 et
1011 2229 1151 2293 infirmos
1170 2250 1280 2292 conso·

101 2319 163 2366 12¹
180 2311 275 2390 londi,
291 2334 329 2376 ao
344 2335 499 2399 pauperes
513 2315 677 2378 recreandi
691 2315 740 2378 vel
754 2314 942 2379 defendendi
958 2314 1166 2378 clementiam.
1207 2315 1278 2394 Qui,

181 2404 218 2462 ut
238 2398 379 2462 breviter
399 2399 500 2463 multa
522 2401 796 2484 comprehendam,
813 2407 967 2484 quantum
989 2402 1030 2464 ab
1051 2400 1097 2463 eis
1117 2399 1170 2484 qui
1192 2399 1279 2462 illum

181 2505 297 2546 novere
311 2483 485 2563 didicimus,
501 2485 545 2547 nil
565 2507 605 2548 ex
625 2485 770 2549 omnibus
786 2508 856 2570 quae
877 2487 910 2547 in
928 2484 1123 2572 evangelicis,
1139 2486 1188 2549 vel
1204 2507 1280 2570 apo-

175 2569 299 2654 stolicis
326 2569 391 2633 sive
415 2572 611 2656 propheticis
635 2572 735 2636 literis
757 2572 902 2637 facienda
925 2577 1126 2657 cognoverat,
1148 2579 1279 2655 praeter-

181 2655 319 2733 mittere,
335 2656 392 2718 sed
407 2662 522 2721 cuncta
535 2678 595 2741 pro
610 2658 673 2721 suis
688 2657 807 2721 viribus
821 2658 969 2743 operibus
989 2658 1115 2741 explere
1134 2658 1279 2721 curabat.

182 2740 262 2804 Haec
285 2741 318 2805 in
343 2741 479 2826 praefato
504 2741 652 2807 antistite
674 2743 810 2805 multum
831 2743 1023 2828 complector
1044 2748 1078 2805 et
1099 2762 1181 2819 amo,
1205 2741 1280 2824 quia

156 2825 329 2889 §nimirum
343 2826 411 2890 haec
426 2827 497 2891 Deo
511 2828 665 2911 placuisse
679 2849 742 2891 non
757 2827 894 2914 ambigo.
930 2828 1022 2908 Quod
1036 2834 1145 2893 autem
1159 2826 1279 2912 pascha

181 2933 245 2974 nou
260 2931 317 2975 suo
331 2917 476 2997 tempore
490 2914 688 2991 observabat,
704 2914 752 2977 vel
767 2914 953 2977 canonicum
968 2914 1035 2997 ejus
1049 2920 1176 2998 tempus
1190 2911 1277 2997 igno-

181 3018 265 3075 raus,
289 2996 339 3060 vel
361 3018 426 3061 suae
448 2998 554 3083 gentis
577 3000 771 3063 auctoritate
793 3020 834 3062 ne
855 2998 1000 3085 agnitum
1021 3005 1207 3083 sequeretur
1225 2998 1277 3061 de

182 3082 292 3159 victus,
308 3104 373 3146 non
387 3085 539 3167 adprob0,
555 3105 613 3147 neo
632 3084 736 3150 laudo.
782 3084 821 3148 In
840 3106 903 3168 quo
917 3091 1026 3149 tamen
1045 3083 1105 3147 hoc
1124 3084 1276 3167 adprobo,

182 3168 257 3251 quia
271 3168 305 3229 in
319 3168 530 3232 celebratione
546 3169 594 3231 sui
609 3169 733 3254 pascbae
748 3192 813 3233 non
827 3170 912 3233 aliud
927 3170 1022 3233 corde
1036 3170 1176 3245 tenebat,
1188 3192 1278 3233 vene·

181 3255 324 3330 rebatur,
340 3260 374 3317 et
387 3254 591 3339 praedicabat,
607 3277 702 3339 quam
718 3256 803 3339 quod
818 3277 885 3332 nos,
900 3255 934 3318 id
953 3261 1012 3333 est,
1028 3254 1277 3339 redemptionem

141 3338 534 3489 'tnttltttttt
555 3339 1278 3490 ttittnttss‘ttlltttttbsst

180 3509 278 3574 Unde
292 3516 325 3573 et
346 3512 429 3574 hanc
443 3532 516 3587 non,
532 3516 569 3574 ut
584 3510 713 3595 quidem
729 3511 809 3574 falso
831 3512 1010 3596 opinantur,
1026 3511 1277 3595 quartadecima

178 3594 254 3659 luna
276 3594 309 3658 in
329 3596 471 3680 qualibet
492 3596 571 3661 feria
592 3618 664 3660 cum
683 3597 707 3660 J
708 3596 817 3674 udaeis,
833 3598 889 3660 sed
904 3597 955 3661 die
975 3596 1141 3660 dominica,
1154 3619 1278 3680 semper

178 3681 446 3831 ltssltttlltt
460 3682 1121 3832 tttntttttttttfttimtt
1145 3691 1277 3830 ttttt

138 3850 305 3929 ¹5faetam,
326 3858 540 3937 &propterque
555 3874 644 3938 spem
657 3860 776 3917 nostrae
792 3791 1031 3917 resurrectionis
1052 3874 1147 3935 quam
1165 3853 1276 3915 eadem

178 3958 243 4001 una
257 3935 382 4001 sabbati
394 3960 464 4021 quse
480 3960 563 4001 nuno
579 3936 746 4002 Dominica
757 3938 825 4001 dies
839 3938 956 4002 dicitur
969 3938 1125 4002 veraciter
1135 3937 1275 4000 futuram

179 4043 252 4085 eum
267 4030 378 4087 sancta
393 4023 524 4087 ecclesia
538 4024 697 4087 credebat.

245 4181 365 4239 ⁸assulie,
378 4182 484 4228 hastulis
496 4180 524 4227 V.
635 4179 752 4241 me'psi
762 4181 815 4225 tec
827 4177 857 4226 V.
966 4189 982 4227 s
988 4185 1092 4241 propter
1102 4193 1167 4239 spem
1181 4178 1210 4223 V.

215 4323 251 4357 11.
259 4308 328 4370 salso
338 4310 483 4371 opinantur!
496 4310 567 4357 Couf.
578 4325 643 4370 supr.
652 4323 676 4366 4.
699 4310 754 4357 Hoc
765 4309 880 4370 opinatus
890 4317 928 4358 est
939 4310 1066 4358 Jobannes
1076 4309 1119 4357 lV.
1132 4324 1201 4370 papa,
1210 4310 1277 4369 quod

179 4373 205 4421 iu
217 4372 320 4435 epistola
331 4388 376 4425 ma
386 4374 417 4427 ud
427 4374 525 4422 Scottos
535 4374 629 4423 assent.
651 4373 705 4422 lud.
718 4388 790 4436 supra
801 4373 828 4421 ii.
840 4388 876 4438 ¹9·

215 4662 313 4706 HAEDA.
708 4665 728 4707 U
