3100 5125
267 343 332 410 262
593 343 830 411 HISTORIAE
854 347 1031 414 uectus.
1335 349 1378 414 V.
1399 369 1448 414 10.

265 499 397 561 verbnm
417 496 530 562 salutis
550 497 758 582 predicabat,
773 521 877 584 neque
898 497 1036 582 aliquem
1057 498 1143 563 tanti
1164 499 1282 564 laboris
1299 503 1366 564 fru-

105 589 252 655 [A·D·⁶9¹·]
265 590 353 648 ctum
378 583 464 731 apud
488 584 644 648 barbaros
668 584 789 648 invenit
814 583 985 649 auditores.
1039 582 1129 647 Tunc
1154 606 1298 649 reversus
1321 587 1366 650 ad

265 668 387 733 dilectae
413 689 504 732 ocum
518 670 791 755 peregrinationis,
804 670 897 733 solito
912 669 946 734 in
961 668 1087 732 silentio
1099 691 1212 734 vacare
1224 670 1366 736 Domino

265 753 383 839 coepit;
409 761 444 818 et
458 754 609 838 quoniam
623 755 796 820 mextemis
814 756 964 840 prodesse
979 755 1021 818 ad
1035 754 1131 818 fidem
1145 777 1208 818 non
1223 763 1363 841 poterat,

264 839 329 903 suis
342 839 478 924 amplius
491 861 532 904 ex
545 839 702 905 virtutum
716 841 867 926 exemplis
881 841 1031 926 prodesse
1046 842 1189 906 curabat.

728 1031 837 1097 OAP.
863 1031 909 1094 X.
1378 1043 1436 1126 ¹⁶3

289 1137 327 1194 Ut
341 1145 358 1179 ἢ
366 1134 500 1193 Vilbrord
511 1137 540 1192 ia
553 1135 653 1192 Fresic
663 1137 825 1211 predicans,
840 1137 939 1193 multoe
952 1137 989 1193 ad
1003 1135 1140 1192 Christum
1154 1136 1316 1193 concmten't
1322 1158 1335 1202 ,-

448 1226 475 1273 et
488 1225 518 1273 ut
531 1217 599 1273 socii
611 1218 670 1290 q‘us
683 1218 830 1274 ⁰Hewuldi
842 1218 898 1273 sint
911 1218 1069 1292 martyrium
1078 1217 1167 1292 pessi.

116 1334 252 1398 A·⁰·⁶⁹²·]
309 1328 362 1392 Ur
375 1336 484 1394 autem
499 1329 579 1393 vidit
593 1328 641 1393 vir
656 1328 786 1394 Domini
798 1328 965 1413 Ecgberct‚
982 1328 1055 1412 quia
1070 1349 1127 1391 uec
1142 1326 1210 1412 ipse
1224 1326 1267 1391 ad
1304 1347 1363 1390 rae·

265 1415 435 1479 dicandum
476 1414 603 1478 entibus
617 1414 723 1478 venire
767 1413 1000 1489 ermittebatur,
1016 1419 1160 1477 retentus
1180 1412 1243 1476 pob
1300 1411 1386 1484 'ems

263 1507 383 1566 anotae
399 1438 537 1565 ecciesiae
551 1499 726 1564 utilitatem
740 1437 781 1563 de
792 1522 856 1583 qua
870 1499 998 1564 oraculo
1013 1499 1118 1564 fuerat
1132 1497 1360 1584 praemonitus3

263 1610 322 1652 ucc
338 1587 507 1650 Vietberct
523 1585 592 1649 illas
607 1585 775 1649 deveniens
789 1584 823 1648 in
836 1593 954 1670 partes,
969 1585 1138 1668 quicquam
1152 1582 1360 1669 proficiebat:

263 1673 402 1738 tentavit
423 1671 527 1736 adbuc
548 1670 582 1734 in
603 1693 682 1770 opus
697 1671 785 1735 verbi
799 1671 929 1735 mittere
943 1670 1027 1733 viros
1048 1676 1175 1734 sanctos
1197 1677 1231 1733 et
1253 1668 1362 1731 iudus-

264 1759 353 1834 trios‚
364 1757 397 1820 in
409 1757 523 1841 quibus
537 1756 671 1856 eximius
685 1755 1065 1856 evilbrordpresbycerii
1079 1756 1182 1840 gradu
1197 1761 1230 1818 et
1244 1754 1361 1818 merito

263 1842 1361 2012 iiiiiiiiaiiveifflaieimnffliiiiiiddiffiditisdffmgifss'
1372 1950 1402 1984 ,ο

262 2021 372 2080 tenter
385 2016 427 2079 ab
443 2014 496 2078 illo
507 2013 646 2097 suscepti
660 2020 753 2078 sunt:
770 2020 805 2076 et
816 2013 890 2098 quia
901 2035 1003 2098 nuper
1013 2011 1193 2076 citeriorem
1205 2011 1361 2088 Fresiam,

262 2100 392 2185 expulso
411 2099 485 2164 inde
499 2099 688 2164 rRathbedo
709 2119 794 2185 rege,
813 2106 950 2184 ceperat,
967 2098 1021 2162 illo
1043 2119 1098 2162 eos
1121 2099 1163 2162 ad
1186 2095 1361 2182 praedican-

294 2237 440 2283 mersuras
451 2234 480 2282 V.
577 2246 593 2274 n
607 2235 737 2283 Waltrord
745 2235 775 2284 V.
875 2235 1047 2284 cuwatuv.
1135 2232 1359 2284 uretcahueetv.

262 2299 418 2350 thtsmd
428 2298 458 2347 V.
556 2299 757 2349 rmuumov.

295 2424 318 2459 2.
332 2411 454 2473 Viibrord]
475 2412 555 2460 Natus
566 2413 641 2461 estin
653 2413 780 2475 provincia
788 2412 1027 2475 Nordanbymbraus
1039 2419 1156 2475 paterque
1165 2411 1254 2476 Wilgn's
1264 2413 1361 2471 dictuss

261 2490 323 2536 puer
338 2476 444 2524 traditur
454 2477 479 2523 in
490 2477 585 2540 Hrypis
601 2479 752 2538 audiendus,
763 2491 813 2540 quc
830 2478 915 2525 relicto
932 2478 1082 2525 monasterio
1099 2478 1124 2526 in
1138 2478 1281 2526 Hiberniam
1295 2479 1361 2538 Επε-

260 2540 336 2591 beret
348 2541 414 2590 sams
425 2540 528 2590 siiectus
538 2542 707 2604 proficiscitur,
718 2543 801 2605 ibique
812 2542 939 2592 duodecim
952 2542 1023 2590 aunis
1034 2557 1180 2603 permaneus
1190 2543 1289 2592 tandem
1302 2555 1359 2591 cum

263 2620 291 2653 ιι
304 2606 378 2655 sociis
387 2607 494 2655 Fresism
507 2608 587 2655 tendit
595 2608 719 2657 Christum
732 2608 913 2669 predicaturus.
936 2607 1058 2669 Capgr.iu
1067 2607 1289 2656 VitaWiliibrcrdi.
1318 2608 1359 2655 lbi

260 2671 375 2733 aSerga'o
392 2686 454 2733 papa
468 2672 604 2733 Episcopus
619 2673 766 2720 constitutos
784 2687 860 2734 usque
876 2672 905 2719 sd
923 2679 1047 2720 senectam
1058 2672 1131 2728 vixit,
1147 2674 1293 2734 tandemque
1310 2673 1358 2720 sibi

260 2736 427 2796 coepiscopum
439 2738 469 2785 ad
480 2736 644 2785 ministerium
661 2736 812 2798 implendum
825 2736 913 2785 debilis
923 2737 1057 2785 substituit.
1091 2736 1152 2799 Ejus
1164 2736 1282 2785 memoria
1292 2737 1357 2785 cele-

259 2800 311 2849 bris
321 2809 360 2849 est
369 2801 385 2850 8
397 2802 452 2849 idus
462 2801 623 2849 Novembres.
639 2801 664 2849 S.

292 2879 315 2926 9.
328 2866 466 2927 duodecim]
496 2866 569 2927 Apud
581 2866 680 2913 Surium
692 2864 710 2913 i.
724 2865 808 2913 Martii
825 2866 911 2913 borum
928 2865 1030 2914 nomina
1046 2882 1061 2913 a
1077 2864 1224 2915 Marcellino
1240 2866 1356 2927 quodam,

259 2928 301 2989 qui
322 2944 348 2977 se
365 2944 442 2977 uuum
461 2945 492 2977 ex
511 2930 541 2977 iis
559 2930 637 2991 fingit,
656 2930 702 2977 boc
718 2930 804 2977 ordine
822 2935 1003 2987 memorantem
1020 2929 1201 2984 willibrordus,
1214 2930 1356 2990 Swibertus,

259 2992 335 3052 Acca,
347 2993 497 3055 wigbertus,
509 2994 674 3053 willibaldus,
686 2994 850 3054 Winibaldus,
862 2994 996 3049 Lehmann,
1005 2993 1054 3042 duo
1062 2995 1167 3051 Ewaldi,
1179 2994 1356 3055 Werenfr'idus,

260 3057 434 3117 Marcellinus,
452 3058 477 3105 bi
493 3073 579 3107 omues
590 3060 657 3108 fuere
669 3058 817 3122 presbyteri;
831 3059 935 3119 denique
945 3059 1090 3107 Adelbcrtus
1102 3059 1197 3116 Levita,
1209 3058 1275 3106 filius
1291 3059 1357 3121 regis

259 3120 406 3170 Deirorum=
422 3123 464 3170 scd
478 3122 518 3170 bic
528 3124 570 3184 qni
585 3140 611 3171 se
622 3130 694 3171 vocat
705 3123 878 3177 Marcellinum
896 3124 1086 3185 participemque
1102 3123 1173 3184 hujus
1189 3123 1357 3171 conversionis

258 3185 352 3247 gloriar,
365 3200 413 3232 non
426 3186 584 3235 videturesse
601 3188 705 3250 iaqueus
720 3203 746 3236 se
756 3188 866 3246 simulat,
881 3187 924 3235 sed
940 3203 1045 3249 nuperus
1062 3188 1143 3249 potius
1153 3188 1250 3247 quidam
1268 3194 1294 3235 et
1308 3188 1357 3235 im·

258 3250 351 3309 peritus
362 3250 500 3297 fabularum
509 3251 634 3299 confictor.
669 3253 718 3300 Hic
726 3253 792 3300 euim
805 3254 870 3300 inter
881 3252 1009 3300 duodecim
1022 3253 1144 3313 apostolos
1153 3252 1283 3299 Hewaldos
1294 3252 1356 3300 duos

258 3320 381 3368 numerat,
393 3315 435 3361 sed
447 3330 478 3362 cx
490 3314 565 3363 Barda
575 3324 673 3366 constat
682 3317 727 3365 bos
737 3318 799 3364 duos
807 3332 860 3365 esse
871 3316 901 3363 ab
912 3316 962 3364 iilis
971 3331 999 3365 ra
1010 3317 1134 3365 disemos:
1154 3331 1210 3363 uam
1223 3326 1356 3365 narrantur

257 3377 357 3426 illorum
367 3379 495 3427 duodecim
504 3382 616 3441 exempla
627 3382 711 3441 secuti,
723 3383 754 3429 ad
765 3381 880 3443 antiquos
891 3381 1011 3439 Saxones,
1021 3396 1070 3428 nou
1082 3382 1113 3429 ad
1122 3380 1230 3429 Fresiam
1242 3382 1354 3442 adquam

257 3442 295 3489 illi
309 3444 436 3491 duodecim
452 3445 606 3493 divertebant
622 3445 767 3508 pervenisse.
802 3447 870 3493 luter
886 3445 931 3492 bos
945 3446 1019 3494 etiam
1031 3446 1198 3493 Vietberctum
1211 3446 1289 3506 pouit,
1299 3444 1354 3505 jus-

257 3522 333 3568 suque
344 3507 464 3555 Ratbbedi
474 3509 580 3558 occisum
593 3511 682 3569 tradit;
701 3511 743 3557 sed
761 3510 887 3571 probabile
898 3517 936 3558 est
946 3524 975 3559 ex
993 3511 1039 3558 boc
1052 3510 1124 3558 Beda
1140 3510 1194 3557 loco
1208 3509 1280 3556 ilium
1296 3509 1353 3558 Fre-

257 3570 319 3619 sism
340 3587 464 3633 nunquam
484 3574 616 3636 repetiisse,
629 3575 672 3623 sed
689 3575 719 3622 sd
734 3574 878 3622 Hiberniam
899 3574 925 3622 in
942 3577 1011 3622 solito
1028 3577 1124 3623 ebutio
1142 3588 1241 3621 vocam
1257 3575 1354 3622 &mian

258 3650 332 3697 usque
349 3638 379 3683 ad
399 3644 513 3697 mortem,
527 3638 636 3700 aliosque
651 3641 717 3686 viros
734 3644 834 3685 sanctos
850 3638 977 3687 duodecim
999 3639 1030 3687 ab
1048 3639 1169 3700 Ecgberto
1189 3638 1276 3686 missos
1292 3654 1353 3687 esse.

256 3703 348 3748 Accam
359 3701 444 3757 etiam,
455 3717 527 3763 quem
544 3704 618 3751 stulte
629 3702 690 3751 dicit
704 3718 720 3751 a
729 3702 835 3749 Viltrido
851 3709 935 3763 postea
950 3704 1112 3751 constiurtum
1129 3702 1353 3764 Hagustaldensem

256 3765 407 3827 episcopum,
415 3766 453 3813 bis
464 3767 589 3829 adjungit:
607 3774 704 3816 conatu
715 3773 797 3814 tamen
809 3782 839 3815 ex
850 3783 874 3814 v.
885 3780 924 3815 21.
937 3768 999 3830 [sa]
1014 3783 1070 3817 eum
1083 3782 1209 3829 uunquam
1219 3782 1250 3815 ex
1261 3768 1354 3830 Angiia

255 3829 401 3889 profectum,
414 3830 461 3877 nisi
472 3846 527 3879 curu
540 3832 644 3880 Romam
655 3831 729 3880 iverit
738 3846 795 3879 cum
805 3831 918 3879 vilfrido.
935 3832 960 3880 S.

290 3907 327 3942 ro.
339 3896 477 3941 araurem
489 3896 612 3957 Freeiam]
633 3896 706 3944 Hauc
716 3896 845 3943 Ratbbedo
857 3897 994 3957 ademptam
1008 3896 1075 3953 Beda
1086 3896 1192 3957 vocavit,
1201 3896 1239 3944 vei
1251 3910 1293 3943 aas
1305 3904 1353 3944 ter-

254 3971 294 4004 ras
306 3972 359 4017 quar
371 3972 437 4006 nunc
448 3960 586 4007 Hellandisr
596 3961 712 4008 minitata
724 3960 897 4017 continentum
909 3976 963 4022 quse
975 3976 1034 4009 saue
1045 3961 1133 4022 singlis
1145 3961 1208 4023 apud
1217 3975 1278 4022 quos
1287 3961 1354 4008 Beda

255 4021 348 4081 scribit,
361 4022 486 4071 citeriores
502 4031 560 4072 sunt
575 4040 648 4086 quam
668 4024 762 4085 reliqua
779 4024 842 4072 ultra
854 4026 954 4074 Flevum
969 4026 1051 4073 lacum
1064 4026 1147 4073 Fresia
1164 4025 1211 4073 sit:
1230 4031 1272 4072 aut
1287 4032 1354 4073 certe

254 4091 292 4133 cst
308 4085 407 4133 citerim
419 4087 509 4144 Fresia,
521 4088 563 4149 qui
573 4088 637 4137 circa
648 4088 746 4137 Mosam
758 4089 920 4151 Vshaliurque
931 4090 1039 4139 tenditur
1049 4090 1188 4137 Brabeutire
1201 4088 1352 4152 Geldriseque

254 4156 280 4197 et
291 4149 448 4199 Cisrhensnse
459 4152 544 4199 Clivise
559 4160 661 4212 tracuus,
673 4168 745 4215 quem
762 4154 874 4203 fortassis
889 4156 1007 4203 Fresoues
1023 4169 1098 4215 regno
1116 4153 1224 4202 Francia
1241 4155 1352 4202 avulsum

255 4219 390 4264 tenuerant.
424 4216 461 4263 Eo
477 4216 538 4263 facit
548 4218 613 4277 quod
630 4218 732 4265 annales
745 4218 868 4267 Meteuses
884 4219 1027 4267 aCbesurec
1039 4218 1190 4278 Scriptorum
1204 4218 1352 4267 Francorum

254 4283 322 4325 tomo
333 4291 348 4337 3
360 4278 429 4338 editi,
440 4281 539 4328 uadunt
548 4280 582 4329 B.
595 4282 716 4343 Pictorum
727 4284 814 4330 dacem
830 4282 950 4331 imbrem
966 4298 1041 4331 avum
1053 4284 1136 4343 hujus,
1148 4285 1269 4345 mutum
1285 4286 1353 4331 tuter

257 4342 436 4389 asrbomriam
456 4344 552 4391 Silvam
569 4353 593 4393 ct
607 4346 705 4394 Morem
716 4347 830 4409 fluvium
847 4354 871 4395 et
890 4363 967 4411 suque
982 4349 1018 4395 ud
1031 4348 1175 4395 disemum
1186 4348 1257 4409 fiaes
1275 4348 1354 4395 vestu

253 4406 372 4452 mitibus
381 4407 544 4463 habitantem,
551 4410 628 4469 justis
637 4411 734 4471 legibus
743 4412 901 4471 guimarae.
935 4412 973 4459 Ea
984 4408 1059 4474 igitur
1068 4410 1146 4459 Gallis
1158 4410 1257 4459 citerior
1269 4412 1353 4462 Fresis

252 4477 291 4517 est
300 4484 353 4531 quae
364 4469 395 4515 ad
406 4470 503 4518 Moram
514 4472 604 4521 flumen
617 4474 779 4537 pertingebat,
791 4475 879 4537 anglis
888 4490 945 4525 vero
954 4491 1008 4538 quae
1019 4490 1085 4523 nunc
1097 4475 1240 4524 Holiaudia.
1258 4477 1285 4525 S.

288 4547 327 4583 rr.
337 4534 446 4595 ceperat]
472 4534 512 4582 De
528 4536 599 4597 hujus
615 4539 732 4600 temporis
747 4539 819 4587 bellis
835 4554 915 4601 opera
933 4541 1037 4602 pretium
1053 4540 1101 4588 erit
1119 4555 1198 4602 pauca
1212 4555 1244 4589 ex
1255 4540 1354 4590 Adanu
