3100 5125
88 339 171 402 -8.
498 343 663 411 ennrls
685 342 957 410 ANGLORUM.
1210 344 1274 412 195

174 492 317 558 oratorio
328 515 439 558 eorum
449 517 522 560 eum
532 496 595 561 alio
607 496 732 581 juniore
743 495 866 581 positus
876 495 991 574 fuerat,
1003 494 1136 559 referret
1150 507 1273 573 vinane,

176 579 262 662 quod
275 579 409 665 ingressi
429 603 486 666 per
499 581 596 646 riures
611 581 765 645 ostiorum
780 582 829 646 vel
847 582 1059 645 fenestrarum
1079 580 1162 645 radii
1184 579 1271 657 lucis,

175 685 301 728 omnem
314 666 419 730 diurni
433 667 560 731 luminis
573 666 758 732 viderentur
772 689 923 753 superare
937 666 1100 752 fulgorem.

606 817 714 882 oAP.
738 817 837 882 VIII.

135 926 165 978 ¹5
178 915 216 974 Ut
229 919 257 974 iu
270 921 360 976 eodem
379 923 541 979 monasterio
556 923 688 997 puerulus
707 924 833 989 moriens,
854 923 986 998 virqiaem
1008 941 1065 998 que
1080 941 1110 978 se
1123 929 1184 978 eret
1197 940 1273 978 secu.

214 1007 287 1064 tura,
308 1001 485 1059 xctamaverit
493 1027 504 1071 ;
532 1012 613 1079 utque
631 1004 687 1060 alia
700 1004 733 1059 de
746 1022 859 1080 corpore
872 1021 1024 1079 epressura,
1031 1002 1094 1077 jam
1106 1002 1273 1078 particulam

205 1080 315 1152 future
327 1082 397 1138 lueis
410 1084 554 1158 aspexerit.
1248 1087 1250 1092 ¹

239 1174 330 1238 Ennr
351 1177 384 1238 in
399 1177 511 1241 eodem
531 1179 726 1244 monasterio
748 1201 829 1264 puer
849 1179 947 1243 trium
970 1177 1106 1253 circiter,
1122 1198 1186 1240 non
1208 1199 1273 1241 am-
1280 1194 1415 1244 Altaevni·

172 1257 265 1344 plius,
280 1283 436 1325 annorum
453 1263 569 1328 AEsioa
590 1264 725 1341 nomine,
746 1265 801 1350 qui
823 1271 956 1350 propter
974 1262 1151 1327 infantilem
1170 1262 1438 1338 adhuo⁰‚¹¹⁰⁸‚‘¹e⁰¹⁰·

132 1351 305 1410 20oetatem
327 1347 361 1410 in
381 1347 538 1434 virginum
560 1350 630 1413 Deo
656 1349 875 1414 dedicatarum
899 1349 1022 1414 solebat
1046 1349 1123 1412 cella
1146 1347 1272 1425 nutriri,
1282 1332 1374 1374 ntum.

159 1429 282 1515 'ibique
299 1445 316 1492 t
320 1433 480 1498 medicari.
526 1434 589 1498 Hic
608 1436 745 1520 praefate
763 1435 945 1521 pestilentie
960 1441 1076 1512 tactus,
1093 1432 1148 1496 ubi
1163 1433 1206 1496 ad
1221 1455 1274 1498 ex-

173 1522 278 1581 trema
291 1519 445 1604 pervenit,
461 1520 609 1585 clamavit
629 1521 747 1585 ztertio
765 1543 861 1585 unam
877 1521 916 1584 de
937 1519 1129 1584 consecratis
1145 1518 1274 1584 Ohristo

173 1601 356 1687 virginibus,
378 1605 509 1691 proprio
532 1629 602 1670 eam
623 1607 751 1671 nomine
776 1605 867 1691 quasi
888 1612 1079 1691 praesentem
1100 1604 1272 1688 alloquens,

173 1687 319 1774 Eadgyd
350 1691 496 1776 Eadgyd,
526 1691 681 1778 Eadgyd3
720 1698 755 1756 et
784 1691 829 1756 sie
862 1691 1037 1756 terminans
1066 1690 1274 1773 temporalem

172 1772 282 1848 vitam,
300 1775 432 1841 intravit
445 1784 609 1842 aeternam.
639 1777 688 1842 At
699 1777 788 1864 virgo
804 1776 965 1862 illaquam
979 1775 1116 1841 moriens
1127 1775 1272 1853 vocabat,

171 1880 248 1922 mox
273 1861 307 1924 in
328 1861 400 1925 loco
424 1885 487 1947 quo
510 1870 590 1940 erat,
606 1863 717 1928 eadem
736 1863 870 1928 adtacta
895 1863 1091 1939 infirmitate,
1114 1860 1183 1946 ipso
1209 1883 1273 1946 quo

131 1969 163 2018 25
173 1952 303 2012 *vocata
316 1952 367 2011 est
380 1948 431 2012 die
446 1950 485 2012 de
500 1950 560 2012 hae
579 1949 649 2013 luce
670 1951 847 2026 subtracta,
863 1955 897 2012 et
916 1947 1004 2024 illurn
1022 1946 1126 2033 quise
1148 1947 1273 2012 vocavit

172 2031 216 2095 ad
229 2053 363 2117 regnum
376 2034 502 2099 caeleste
517 2042 627 2099 secuta
642 2040 703 2099 est.

217 2117 301 2181 Item
326 2119 473 2203 quaednm
491 2142 532 2184 ex
551 2120 671 2185 eisdem
695 2119 816 2185 ancillis
840 2119 902 2184 Dei
926 2141 998 2182 oum
1020 2120 1157 2204 praefato
1181 2124 1273 2182 tacta

170 2204 293 2281 morbo,
308 2210 406 2289 atqm
425 2206 469 2270 ad
490 2212 635 2271 extrema
653 2213 738 2271 esset
759 2206 924 2291 perducta,
940 2204 1040 2288 eoepit
1060 2205 1166 2268 subito
1188 2203 1273 2268 oiroa

170 2289 310 2353 mediam
328 2298 456 2355 noctem
478 2292 614 2356 clamare
638 2291 688 2355 his
707 2293 799 2378 bquae
823 2291 884 2355 sibi
902 2289 1137 2368 ministrabant,
1158 2296 1272 2374 petens

171 2380 209 2438 ut
222 2374 383 2441 lucernam
398 2399 468 2461 quae
482 2376 560 2441 inibi
574 2400 707 2444 aceensa
721 2384 801 2456 erat,
818 2376 1074 2462 exstinguerent:
1097 2375 1182 2460 quod
1198 2398 1270 2439 cum

129 2460 347 2546 3o⁰frequenti
362 2485 438 2527 vooe
451 2470 621 2547 repeteret,
636 2486 694 2527 nec
714 2469 824 2527 tamen
838 2462 867 2526 ei
889 2461 1003 2546 aliquis
1025 2463 1270 2546 obtemperaret,

171 2546 215 2611 ad
239 2554 416 2613 extremum
439 2549 565 2614 Intulit:
600 2550 670 2613 Soio
691 2549 772 2635 qaod
791 2572 837 2613 aee
857 2548 921 2613 loec
942 2549 1053 2612 insana
1076 2556 1168 2611 mente
1192 2547 1273 2632 loqui
1363 2541 1373 2559 ”

170 2631 371 2698 arbitramini
380 2661 396 2709 ,·
417 2636 470 2699 sed
482 2635 553 2719 jam
574 2657 654 2699 nunc
675 2658 734 2699 non
755 2637 802 2699 ita
824 2656 881 2698 esse
902 2635 1081 2719 eopnesee'te:
1111 2654 1184 2696 nom
1206 2655 1273 2697 cere

170 2718 238 2781 dieo
252 2718 343 2797 eoba,
357 2720 438 2805 qaod
449 2722 569 2785 domam
588 2722 666 2785 luae
681 2731 768 2785 tanta
784 2720 848 2785 luce
868 2720 1022 2805 imptetam
1036 2740 1093 2783 csse
1107 2718 1269 2803 perspicio,

161 2812 205 2867 ,at
219 2814 316 2869 oestro
330 2806 389 2870 ilde
404 2806 527 2871 laeana
540 2807 616 2871 miti
630 2807 807 2871 aminoen
821 2828 879 2871 esse
893 2804 1036 2869 sidentur
1050 2802 1183 2868 obscero.
1224 2804 1271 2869 Et
1326 2882 1327 2885 Ἴ

171 2910 244 2953 cum
266 2912 307 2955 ne
329 2892 435 2956 adhuc
453 2892 581 2978 quidem
600 2893 679 2956 talia
693 2893 726 2956 lo
748 2891 837 2956 uenti
863 2891 1029 2976 quisquam
1052 2890 1268 2974 responderet,

128 2988 161 3039 35
171 2976 221 3039 vel
234 2976 404 3041 adsensum
418 2978 585 3063 praeberet,
601 2979 717 3043 iterum
727 2916 832 3042 lixit:
855 2976 1019 3041 Attendite
1034 2998 1103 3060 erpo
1118 2976 1272 3040 lacernam

171 3061 272 3138 illam,
295 3085 387 3147 qaam
411 3066 467 3129 dia
495 3065 607 3139 mettim·
642 3072 776 3127 ananan
798 3064 897 3127 scitote
918 3063 992 3147 quio
1017 3083 1077 3125 aea
1098 3071 1140 3125 est
1163 3060 1269 3126 dmea:

170 3169 245 3211 eam
258 3169 323 3212 mea
338 3149 400 3223 lua,
416 3150 577 3234 insufflante
591 3172 716 3227 aurora
731 3149 808 3213 mitt
822 3150 991 3213 adventura
1006 3157 1054 3211 est.
1100 3146 1269 3233 Ooepitque

169 3255 302 3297 narrare
316 3234 391 3319 quia
404 3235 589 3321 apparuerit
609 3235 668 3299 sibi
705 3234 814 3299 uidam
828 3234 877 3298 vir
890 3232 971 3297 eDei
987 3233 1041 3318 qui
1056 3234 1167 3297 eodem
1185 3256 1269 3302 anno

169 3318 276 3384 fuerat
298 3320 474 3398 defunctus,
495 3321 604 3385 dicens
624 3259 709 3407 quod
730 3310 918 3384 adueniente
940 3318 1076 3383 diluenlo
1099 3340 1269 3403 perennem

170 3411 256 3468 esset
279 3406 405 3471 exitura
430 3407 473 3471 ad
498 3407 609 3471 lucem.
655 3406 752 3491 cujus
775 3406 894 3471 veritas
917 3404 1045 3469 visionis
1072 3404 1153 3473 scita
1183 3403 1269 3469 circa

127 3516 162 3562 40
170 3496 320 3555 exortum
333 3491 395 3555 diei
409 3493 521 3577 puellae
536 3499 640 3556 morte
653 3493 792 3578 probata
807 3498 865 3556 est.

203 3647 220 3676 v
231 3638 298 3699 quod
305 3652 380 3684 mene
390 3637 422 3685 V.
488 3648 503 3677 ¹
515 3639 640 3685 meaverit
651 3636 681 3685 V.
747 3648 763 3686 r
773 3638 892 3685 meditari
904 3635 968 3684 V.G.
978 3650 1035 3683 waee
1041 3634 1121 3697 seded
1131 3636 1185 3683 aad
1194 3638 1270 3684 taered

170 3701 228 3749 Sex.
259 3701 351 3763 Quales
367 3708 449 3750 essent
463 3703 635 3779 mediterranea
650 3702 745 3750 trimuli
763 3702 867 3779 infantie
883 3700 967 3749 dicant
978 3701 1019 3761 qui
1030 3700 1147 3777 meditem·
1163 3701 1269 3749 scribere

139 3766 395 3885 ‚tl¹¹.-¹¹t...v².t‘.'
406 3766 888 3894 lt...,ttt‘⁰'“1b.v.l.⁹¹“l·
954 3764 1130 3827 ΨΜ·
1187 3766 1268 3813 ‘¹''““

168 3958 287 4014 separatae
296 3958 393 3999 essem:
409 3952 482 4014 quale
492 3952 552 4000 illud
569 3952 616 4000 fuit
626 3951 783 4000 ePechomio
799 3951 926 3999 fundatum
943 3950 973 3998 ad
985 3948 1073 3997 Nilum
1090 3948 1210 4009 fluvium3
1227 3950 1270 3998 ubi

169 4016 329 4064 foeminernm
346 4016 521 4065 monasterium
537 4019 639 4065 adverse
654 4018 709 4077 ripa
725 4016 801 4064 situm
820 4015 934 4063 monachi
950 4015 1033 4061 labore
1051 4028 1096 4062 suo
1114 4014 1227 4062 aluerunt
1244 4021 1270 4062 et

169 4082 243 4129 tutati
255 4088 330 4129 eunte
351 4080 399 4129 hoo
410 4089 492 4129 temen
510 4083 593 4130 nullus
604 4081 737 4129 monachus
752 4081 845 4128 intrare
862 4080 995 4140 permissus
1011 4086 1049 4126 est
1064 4086 1152 4139 praeter
1169 4079 1268 4141 presby-

169 4153 249 4194 terum
269 4152 295 4193 et
313 4147 455 4207 diaconum,
473 4147 562 4208 quibus
579 4147 632 4195 solo
651 4144 784 4194 Dominiro
800 4144 841 4192 die
857 4144 927 4192 licuit
942 4144 967 4191 id
985 4144 1071 4193 fecere.
1105 4144 1160 4191 vid.
1174 4143 1267 4191 Polled.

169 4210 236 4259 Hier.
248 4210 323 4260 Inus.
335 4226 439 4273 ,ορ-ῃ.
476 4212 525 4261 Sed
541 4213 612 4259 iuter»
622 4209 718 4272 Anglos
731 4210 805 4258 Beda
821 4224 873 4257 oevo
892 4209 958 4257 fuere
978 4224 1027 4255 non
1047 4222 1125 4269 peuce
1143 4208 1268 4269 utriusque

168 4290 243 4323 sexus
253 4278 410 4339 monasterie,
421 4276 499 4323 immo
513 4276 589 4324 etiem
605 4276 648 4323 ille
663 4274 751 4336 quibus
768 4280 889 4336 preerant
900 4273 1045 4332 Abbatissoe,
1057 4280 1082 4321 et
1099 4280 1181 4319 tamen
1201 4272 1268 4321 fuere

168 4340 201 4388 ob
211 4340 369 4402 disciplinam
381 4350 431 4390 tem
444 4342 470 4389 in
481 4342 547 4389 viros
557 4356 629 4403 qnam
643 4340 669 4387 in
682 4339 796 4387 foemiuas
806 4338 919 4400 insignia.
956 4339 1051 4386 Horum
1063 4352 1139 4385 unum
1152 4336 1198 4385 fuit
1209 4337 1268 4384 illud

168 4404 195 4452 in
215 4405 395 4468 Berecingnm3
419 4405 485 4453 eliud
504 4405 703 4461 streaneshalch,
720 4406 785 4466 quod
803 4405 867 4453 rexit
883 4404 968 4461 nilus,
985 4404 1076 4465 dequo
1093 4402 1174 4461 inlre;
1203 4402 1268 4454 aliud

168 4469 258 4518 Coludi
270 4469 344 4531 Urbs,
356 4472 432 4530 infre,
444 4484 481 4534 25·

680 4535 766 4597 coa
