3100 5125
291 248 336 314 86
620 247 851 314 HISTORIAE
874 246 1051 315 EOOLES.
1338 248 1366 313 1.
1384 268 1472 318 20-

292 409 412 477 carent,
439 398 621 466 sanctoruni
646 400 829 465 antistitum
852 399 1004 463 auxilium
1029 398 1210 483 petierunt:
1235 398 1289 483 qui
1318 420 1392 484 pro-

291 488 423 551 missum
454 491 654 551 maturantes
682 486 863 559 adventum,
894 490 1021 549 tautum
1049 482 1237 568 paventibus
1266 484 1391 551 fiduciae

292 573 503 649 contulerunt,
533 577 572 635 ut
606 570 775 634 mcessisse
810 569 966 633 maximus
1002 569 1185 633 crederetur
1221 570 1431 643 exrmitnsss

295 657 408 741 Itaque
422 656 603 742 apostolicis
617 656 749 720 ducibus
764 654 910 719 Christus
930 654 1088 718 militabat
1103 654 1135 717 in
1154 654 1277 718 castris.
1322 656 1391 719 Ad-

292 749 385 806 erant
399 744 497 807 etiam
516 739 765 826 quadragesimae
785 739 978 804 venerabiles
997 739 1074 817 dies,
1090 739 1391 825 quosreligiosiores

293 827 448 891 reddebat
461 825 632 911 prasentia
645 826 855 901 sacerdotum,
871 825 904 887 in
923 830 1051 888 tantum
1070 831 1107 888 ut
1126 824 1293 889 cotidianis
1310 846 1390 909 prae-

293 912 503 975 dicationibus
518 910 656 975 instituti
676 910 823 974 certatim
842 908 949 993 populi
968 909 1010 973 ad
1029 909 1167 1007 gratiam
1187 910 1390 993 baptismatis

280 997 504 1078 convolarent.
535 996 618 1059 Nam
631 995 771 1059 maxima
785 994 942 1058 exercitus
956 995 1126 1058 multrtudc
1140 995 1259 1057 undam
1273 996 1389 1059 lavacri

293 1082 441 1145 salutaris
455 1081 597 1165 expetiit,
613 1087 647 1145 et
660 1078 792 1144 ecclesia
806 1080 848 1143 ad
863 1079 946 1142 diem
960 1078 1198 1143 resurrectionis
1212 1079 1388 1145 Dominieae

291 1167 456 1230 frondibus
470 1172 622 1230 contexta
635 1164 844 1249 componitur,
856 1170 953 1249 atque
964 1164 996 1227 in
1007 1164 1207 1248 expeditione
1218 1167 1387 1249 campestri
1397 1183 1431 1229 40

292 1252 395 1316 instar
409 1250 546 1315 civitatis
562 1257 702 1333 aptatur.
748 1249 899 1314 Madidus
920 1250 1113 1333 baptismate
1134 1250 1279 1332 procedit
1299 1273 1388 1313 exer·

292 1336 383 1411 citus,
399 1337 478 1400 fides
492 1337 592 1399 fervet
606 1336 639 1397 in
653 1334 779 1419 populo,
795 1340 828 1399 et
843 1334 1038 1399 bconterrito
1052 1356 1213 1399 armorum
1229 1336 1386 1419 praesidio,

292 1421 467 1485 divinitatis
488 1426 676 1505 expectatur
696 1419 856 1483 auxilium.
902 1419 1067 1483 Institutio
1085 1418 1133 1483 vel
1150 1420 1252 1483 forma
1271 1422 1387 1485 ccresti-

292 1506 372 1570 tatis
385 1507 530 1570 hostibus
540 1505 717 1581 nunciatur,
729 1504 784 1588 qui
795 1504 960 1569 victoriam
971 1505 1060 1587 quasi
1071 1506 1112 1569 de
1123 1504 1234 1569 inermi
1245 1506 1386 1570 exercitu

292 1598 528 1675 praesumentes,
548 1592 719 1674 adsumpta
738 1589 904 1654 alacritate
923 1590 1095 1663 festinant,
1119 1612 1253 1673 quorum
1278 1596 1438 1669 tamen57

291 1677 447 1740 adventus
466 1676 683 1760 exploratione
702 1676 911 1760 cognoscitur.
956 1675 1096 1758 Gumque
1117 1696 1244 1739 emensa
1266 1676 1387 1740 sollem-

291 1761 395 1825 nitate
409 1761 559 1845 pascbali,
575 1782 684 1823 recens
703 1760 743 1823 de
762 1760 888 1823 avemo
907 1782 982 1843 pars
1001 1760 1104 1844 major
1123 1760 1279 1823 exercitus
1298 1784 1388 1826 arma

292 1846 437 1930 dcupere,
464 1851 498 1909 et
526 1846 642 1908 bellum
671 1866 785 1927 parare
814 1850 965 1920 tentaret,
992 1845 1191 1909 eGermanus
1217 1845 1328 1909 ducem
1353 1869 1388 1910 se

291 1930 392 2015 praelii
409 1930 607 2014 ‘profitetuu
623 1928 711 2013 eligit
729 1930 904 2013 expeditos,
920 1930 1120 2013 circumjecta
1139 1930 1305 2014 percurrit,
1320 1937 1355 1996 et
1370 1954 1388 1995 e

292 2014 1389 2184 lffidbldtltllltl.lllliltltltllldlll
1398 2123 1412 2172 ⁵

293 2184 400 2260 citum,
431 2184 499 2268 ipse
527 2184 592 2247 dux
620 2206 641 2247 a
696 2183 764 2247 'is
824 2182 869 2247 Et
894 2184 962 2267 jam
990 2185 1103 2248 aderat
1132 2184 1221 2247 ferox
1249 2186 1389 2249 hostium

292 2269 472 2347 multitudo,
496 2291 591 2353 quam
654 2268 865 2353 propinquare
888 2268 1095 2333 intuebantur
1117 2270 1150 2332 in
1173 2269 1293 2333 insidiis
1316 2292 1389 2334 con-

292 2354 408 2417 stituti.
454 2354 536 2417 Tum
559 2354 665 2417 subito
689 2353 866 2417 Germanus
890 2352 1019 2437 signifer
1042 2354 1203 2418 universos
1228 2355 1388 2433 admonet,

292 2445 327 2501 et
340 2440 494 2522 praedicat
508 2446 546 2503 ut
560 2439 628 2501 voci
646 2460 710 2502 suae
724 2460 788 2501 uno
803 2438 938 2501 clamore
953 2439 1165 2522 respondeant
1178 2465 1187 2512 ;
1211 2440 1390 2523 securisque

292 2523 437 2588 hostibus
466 2524 520 2609 qui
550 2546 584 2588 se
612 2524 790 2609 insperatos
818 2524 929 2588 adesse
958 2524 1161 2600 confiderent,
1192 2506 1390 2590 sulcatam

292 2611 390 2673 tertio
411 2610 582 2695 repetitam
603 2611 784 2673 sacerdotes
806 2609 1022 2673 hexolamant.
1068 2610 1219 2693 Sequitur
1243 2633 1307 2674 una
1327 2632 1390 2674 vox

331 2787 472 2843 hausura,
484 2792 630 2847 matemplc,
642 2791 667 2832 et
675 2791 831 2839 umentorum
843 2784 874 2832 V.
962 2791 1125 2832 crassorum
1137 2785 1167 2832 V.
1256 2787 1389 2848 desperet.

292 2851 497 2960 :enauimus
509 2850 537 2897 V.
598 2849 610 2888 f
614 2849 778 2912 prffiteretar
790 2848 820 2896 V.
878 2849 1178 2910 eAlleluiu-eepetuum
1190 2848 1220 2895 V.
1279 2849 1390 2897 hercle-

325 3080 349 3124 3.
362 3065 459 3126 durau]
476 3065 568 3126 Nequis
579 3064 741 3126 incongruum
753 3071 824 3126 putet
834 3065 898 3125 quod
909 3065 1046 3112 Germanus
1056 3065 1190 3113 exercitum
1202 3065 1284 3123 ducat,
1298 3065 1392 3112 noverit

293 3130 362 3177 illum
371 3137 509 3188 antequam
527 3128 654 3188 episcopus
667 3135 731 3176 esset
746 3130 861 3176 ducatum
878 3135 903 3177 et
918 3129 1025 3188 regimen
1041 3128 1173 3188 temporale
1184 3129 1391 3176 Autisiodorensis

293 3194 408 3241 territorii
420 3193 611 3239 administrasse.
646 3193 743 3254 Deque
755 3201 839 3240 auctor
851 3193 913 3240 Vita
923 3193 976 3253 ejus
989 3193 1031 3250 ait,
1044 3194 1180 3241 Dera-itur
1190 3195 1278 3240 muudi
1289 3195 1389 3249 ncilits'u,

293 3259 395 3305 caustis
405 3259 548 3303 assumitur.
562 3256 587 3303 S.

325 3336 349 3384 9.
367 3321 488 3382 Alleluia]
510 3321 535 3367 S.
544 3320 676 3381 Gregorius
693 3321 717 3368 in
734 3321 826 3368 Jobum
844 3320 918 3368 xxvii.
936 3318 951 3367 6
968 3320 1107 3376 lactaret
1124 3320 1205 3375 rerba,
1217 3321 1284 3372 Ecce
1300 3323 1391 3380 lingua

293 3385 431 3433 Brittania
440 3399 495 3445 qua·
505 3387 544 3431 nil
550 3386 622 3431 uliud
628 3392 731 3432 mcerut
742 3400 816 3447 quum
827 3385 961 3431 barbarum
966 3385 1097 3448 frendere,
1103 3381 1256 3445 jamdudum
1265 3387 1291 3432 la
1300 3387 1391 3432 divinia

292 3450 407 3495 laudibus
416 3449 534 3495 Ebroeum
544 3451 613 3510 coepit
621 3450 729 3496 Alleluia
738 3463 861 3495 resonare.
881 3449 935 3495 lloc
946 3448 1012 3495 Beda
1022 3449 1052 3495 ad
1061 3449 1197 3509 Anglorum
1206 3450 1390 3496 conversionem

293 3513 386 3569 retulit,
398 3513 422 3558 ii.
435 3526 455 3558 r.
468 3519 492 3558 et
502 3519 557 3573 post
567 3527 623 3560 eum
634 3513 661 3560 J.
675 3514 800 3561 Diaconus
810 3513 836 3558 in
848 3511 905 3558 Vita
917 3513 1041 3573 Gregorii,
1053 3527 1101 3558 non
1113 3513 1241 3560 observato
1252 3515 1316 3574 quod
1329 3513 1391 3560 liber

292 3576 335 3624 ille
352 3576 455 3636 scriptus
471 3583 592 3624 arctante
605 3578 740 3638 Auglorum
758 3577 951 3636 conversionem,
963 3591 992 3622 cc
1009 3576 1110 3636 proinde
1126 3578 1176 3624 baec
1194 3577 1267 3625 verba
1278 3576 1390 3637 Gregorii

293 3642 403 3700 praelium
415 3641 487 3700 bajus
498 3640 594 3700 cupitis,
606 3642 704 3702 ejusque
715 3640 821 3688 Alleluia
832 3649 997 3700 respexerunt,
1008 3641 1139 3700 prasertim
1152 3655 1206 3688 cum
1219 3640 1244 3687 id
1257 3648 1284 3687 ut
1291 3640 1390 3701 jamdu-

293 3705 351 3752 dum
364 3705 456 3752 factum
470 3706 589 3764 praedicet.
602 3706 627 3751 S.
651 3705 730 3752 Locus
740 3713 778 3752 est
789 3705 815 3751 in
828 3705 882 3751 Lib.
892 3704 967 3751 xxvii.
979 3718 1015 3752 ιι.
1025 3706 1063 3752 ed.
1076 3705 1137 3752 Ben.
1152 3705 1182 3752 ad
1193 3705 1248 3751 lob.
1258 3704 1341 3751 xxxvi.
1349 3717 1389 3763 30.

294 3769 341 3816 Sed
354 3777 419 3816 recte
430 3782 484 3815 eum
499 3769 566 3815 Beda
576 3768 725 3816 intellexisse
736 3770 837 3816 videtur.
874 3769 964 3816 Ferunt
974 3769 1070 3829 quidem
1083 3769 1195 3828 Gregorii
1207 3768 1389 3828 Expositionern

293 3831 352 3879 lobi
368 3833 459 3880 editam
477 3832 551 3879 fuisse
563 3835 592 3878 Α.
601 3833 634 3878 D.
647 3844 710 3893 590:
729 3834 771 3879 sed
783 3841 879 3880 constat
890 3847 920 3880 ex
931 3833 983 3893 ejus
995 3833 1073 3892 Epist.
1088 3833 1204 3895 (Registr.
1218 3833 1295 3892 Epist.
1307 3833 1323 3878 i.
1336 3837 1388 3892 43.)

293 3899 339 3944 boc
356 3912 422 3944 anno
436 3898 545 3942 noudum
562 3895 657 3942 finitam
671 3910 741 3943 esse:
762 3897 840 3944 Nunc
854 3898 936 3943 adbuc
951 3912 966 3943 u
979 3897 1089 3944 librariis
1100 3896 1296 3956 auscultantur,
1308 3895 1392 3942 scribit

293 3961 345 4020 ipse
362 3961 393 4007 ad
412 3961 557 4006 Learrdrum.
599 3960 699 4014 Postea,
717 3960 785 4007 al).
805 3973 863 4024 595,
882 3961 989 4007 noudum
1007 3975 1093 4010 omnes
1108 3960 1204 4008 codices
1220 3959 1291 4020 hujus
1311 3959 1392 4020 operis
1476 3975 1481 3980 ·

294 4024 426 4083 Gregorius
437 4025 467 4069 ad
480 4024 618 4071 Leandrum
630 4023 813 4072 transmiserat:
832 4025 895 4085 quod
908 4025 942 4071 ait
956 4026 1031 4086 Epist.
1045 4041 1066 4072 v.
1078 4040 1116 4088 49.
1141 4024 1193 4071 Etsi
1206 4024 1347 4084 antemium
1361 4023 1391 4070 ad

294 4088 368 4134 finem
385 4087 550 4148 conscriptum
569 4095 631 4142 erat,
644 4087 695 4134 fieri
708 4096 788 4134 tamen
806 4091 886 4148 potuit
900 4095 926 4136 ut
938 4090 1072 4149 Gregorius
1090 4103 1189 4136 manum
1208 4089 1308 4148 insuper
1323 4087 1391 4148 operi

295 4152 428 4212 aliquando
439 4152 588 4206 admoveret,
601 4151 733 4211 prasertim
751 4167 817 4206 curu,
828 4153 891 4212 quod
906 4152 958 4212 ipse
976 4154 1131 4212 conqueritur
1148 4152 1239 4199 factum
1257 4167 1320 4208 esse,
1333 4163 1391 4198 mox

293 4215 433 4262 institutum
445 4223 483 4262 est
492 4216 557 4262 bunc
570 4215 669 4262 Librum
683 4215 777 4275 publice
789 4217 819 4262 ad
832 4217 926 4276 vigilias
936 4216 1002 4276 legi:
1019 4218 1067 4263 vid.
1080 4217 1157 4276 Epist.
1171 4215 1214 4263 xii.
1226 4228 1265 4274 24.
1301 4215 1391 4263 Verisa

295 4279 379 4326 rullius
390 4280 436 4325 boc
447 4293 500 4326 esse
516 4280 610 4326 videtur
626 4294 699 4340 quam
711 4280 855 4340 Gregorium
872 4280 910 4326 his
927 4281 1007 4328 verbis
1023 4282 1053 4327 ad
1072 4296 1121 4328 rein
1137 4280 1266 4326 obscuram
1284 4287 1341 4327 aute
1355 4283 1393 4326 tot

296 4357 374 4389 anuos
386 4350 467 4388 actum
480 4342 593 4389 alludere.
613 4344 725 4402 ineptum
737 4345 802 4388 euim
813 4342 900 4390 fuisset
908 4345 988 4392 dicere
998 4345 1150 4392 Britanniam
1160 4344 1222 4391 ab.
1233 4358 1281 4406 590
1289 4343 1392 4404 coepisse

296 4406 403 4455 Alleluia
413 4421 535 4462 resonare,
548 4407 569 4453 si
581 4407 626 4454 boc
638 4407 728 4454 factum
740 4413 778 4454 est
787 4407 851 4454 ab.
865 4421 920 4469 450.
