3100 5125
278 267 344 333 346
585 267 811 335 EPISTOLA
834 266 1073 334 BONIFAOII

278 420 353 506 quio
374 420 571 507 synodalium
592 422 794 486 consultuum
814 421 906 486 nobis
928 420 1089 484 insinuare
1110 440 1174 482 nou
1193 418 1327 505 pigeat3
1352 424 1391 483 et

278 529 337 570 nos
355 506 500 573 similiter
513 508 540 571 si
554 508 707 593 parvitati
726 515 845 572 nostrae
862 508 949 570 Deus
969 505 1090 653 aliffiuid
1104 506 1168 569 tale
1183 505 1274 569 vobis
1297 506 1390 589 quod

278 594 490 657 necessarium
505 595 554 657 vel
568 594 703 657 amabile
716 593 934 669 insinuaverit,
950 592 1019 654 sim‘
1035 592 1065 654 ‘a
1078 590 1239 653 faciemus.
1271 591 1391 675 Major

280 679 363 741 enim
377 679 470 741 nobis
484 679 652 743 solicitudo
666 679 869 743 ecclesiarum
889 684 923 741 et
945 699 1020 741 cura
1040 676 1228 761 populorum
1247 683 1410 761 propters

280 764 377 849 pallia
391 764 513 828 credita
527 771 561 827 et
574 771 713 850 recepta,
730 787 826 849 quam
840 763 965 827 caeteris
981 760 1143 848 episcopis,
1160 762 1215 845 qui
1233 763 1388 847 proprias

279 856 407 913 tantum
435 857 608 934 procurant
632 850 810 936 parochias,
837 848 1000 913 incumbit.
1046 848 1232 930 Propterea,
1260 848 1387 911 charis-

279 934 366 1011 sime,
381 957 447 998 non
461 937 536 1021 quia
549 944 663 1001 vestras
683 936 860 1021 prudentiae
883 956 963 1019 opus
983 934 1027 996 sit
1047 932 1239 997 rusticitatis
1259 939 1386 997 nostrae

279 1027 404 1086 statuta
425 1021 535 1086 audire
549 1022 598 1085 vel
619 1022 732 1108 legere,
748 1022 805 1085 sed
826 1028 957 1107 propter
976 1020 1093 1083 bonam
1115 1025 1150 1081 et
1168 1019 1331 1095 humilem,
1347 1025 1386 1083 et

278 1114 423 1171 sanctam
451 1108 648 1172 voluntatem
675 1114 824 1183 vestram,
854 1113 1005 1191 putamus
1034 1126 1089 1169 vos
1118 1102 1268 1168 libentius
1299 1104 1385 1167 scire
1398 1127 1428 1161 10

277 1192 365 1270 velle,
388 1214 484 1277 quam
509 1194 638 1271 nescire,
662 1214 732 1277 quae
756 1193 807 1256 bic
831 1191 1013 1255 sacerdotes
1035 1190 1199 1272 nobiscum
1222 1191 1386 1254 servanda

276 1277 502 1353 decreverunt;
528 1279 632 1343 fvobis
645 1278 844 1343 emendanda
858 1284 892 1341 et
907 1275 1093 1423 corrigenda
1107 1276 1337 1339 §destinamus

321 1382 351 1428 a.
367 1363 572 1428 Decrevimus
593 1371 702 1429 autem
723 1364 756 1425 in
777 1369 889 1427 nostro
906 1384 985 1446 syno
1008 1361 1049 1425 ali
1068 1366 1234 1436 conventu,
1250 1368 1284 1425 et
1307 1384 1384 1425 con-

276 1448 350 1513 fessi
373 1470 482 1513 sumus
503 1450 598 1513 iidem
619 1449 818 1525 catholicam,
841 1455 875 1512 et
899 1447 1066 1522 unitatem,
1090 1452 1124 1509 et
1148 1446 1384 1531 subjectionem

277 1534 431 1599 Romame
446 1536 584 1599 ecolesiae
599 1535 770 1599 finetenus
785 1535 859 1599 vitae
873 1540 992 1597 nostrae
1008 1533 1085 1597 velle
1100 1552 1243 1596 servare:
1264 1540 1382 1597 sancto

277 1620 388 1698 Petro,
403 1627 437 1684 et
450 1620 567 1685 vicario
581 1622 649 1705 ejus
664 1621 742 1684 velle
757 1620 886 1704 subjici:
911 1619 1066 1703 synodum
1081 1639 1139 1703 per
1151 1639 1262 1683 omnes
1275 1640 1381 1682 annos
1393 1637 1423 1687 15

276 1726 487 1791 congregare:
509 1706 771 1791 metropolitanos
792 1706 889 1790 pallia
909 1706 952 1768 ab
974 1704 1028 1768 illa
1049 1704 1123 1767 sede
1146 1725 1308 1787 quaerere:
1334 1711 1379 1781 et,

435 1792 443 1806 .
684 1791 701 1836 h
790 1790 797 1805 .
926 1790 933 1805 .
1073 1789 1080 1803 .
1162 1789 1170 1802 .
1299 1814 1307 1827 ²

276 1791 1091 1942 ttssttttttttnittttttttffltt
1105 1789 1381 1939 tetigisset

276 1963 414 2028 universi
439 1964 663 2038 consensimus,
687 1969 722 2026 et
742 1961 994 2047 subscripsimus,
1016 1966 1050 2024 et
1073 1960 1115 2023 ad
1137 1982 1251 2045 corpus
1273 1961 1380 2025 sancti

276 2049 368 2113 Petri
379 2049 528 2135 principis
539 2049 756 2135 apostolorum
766 2046 956 2120 direximus;
974 2047 1059 2131 quod
1069 2046 1261 2131 gratulando
1273 2046 1380 2111 clerus
1390 2070 1423 2104 20

276 2142 310 2199 et
324 2135 468 2219 pontifex
483 2136 645 2201 Romanus
663 2134 811 2219 suscepit.
857 2132 1043 2209 Statuimus,
1059 2139 1097 2196 ut
1117 2154 1173 2218 per
1192 2154 1293 2196 annos
1314 2132 1379 2195 sin·

274 2221 365 2305 gulos
387 2242 543 2284 canonum
564 2222 694 2286 decreta
715 2228 749 2286 et
771 2219 908 2283 ecclesiae
925 2220 1010 2303 jura,
1032 2224 1067 2282 et
1088 2240 1200 2280 norma
1221 2218 1378 2303 regularis

274 2304 349 2369 vitae
375 2306 409 2368 in
430 2307 551 2390 synodo
571 2307 727 2407 legantur,
751 2311 786 2370 et
809 2304 1055 2389 irecuperentur.
1101 2302 1315 2380 Decrevimus,
1339 2310 1377 2367 ut

275 2390 547 2476 metropolitanus,
563 2415 617 2477 qui
632 2394 675 2457 sit
696 2391 792 2477 pallio
807 2391 1003 2467 sublimatus,
1019 2390 1168 2453 hortetur
1182 2395 1324 2465 caeteros,
1341 2396 1376 2453 et

274 2478 455 2554 admoneat,
471 2484 505 2541 et
526 2477 704 2564 investiget,
720 2477 791 2564 quis
812 2476 855 2541 sit
876 2476 961 2540 inter
980 2497 1033 2539 cos
1048 2474 1190 2538 curiosus
1212 2476 1251 2538 de
1271 2474 1417 2540 salutem

275 2563 392 2649 populi,
420 2564 528 2648 quisve
552 2565 714 2650 negligens
739 2586 848 2628 servus
872 2563 942 2626 Dei.
987 2560 1193 2638 Venationes‚
1217 2567 1251 2625 et
1275 2561 1375 2645 sylva

274 2649 356 2714 tioas
379 2649 564 2735 vagationes
589 2673 660 2713 cum
686 2651 827 2725 canibus,
855 2656 888 2714 et
917 2671 957 2712 ne
983 2647 1150 2732 accipitres
1177 2653 1211 2711 et
1235 2647 1376 2711 falcones

274 2734 425 2813 habeant,
448 2735 676 2820 prohibuimus.
733 2735 920 2812 statuimus,
950 2739 988 2797 ut
1016 2756 1074 2818 per
1103 2754 1203 2797 annos
1233 2731 1375 2818 singulos

274 2821 488 2906 unusquisque
509 2823 676 2920 presbyter
698 2821 845 2906 episcopo
868 2842 934 2897 suo,
950 2819 984 2882 in
1004 2819 1254 2904 quadragesima,
1275 2819 1375 2882 ratio-

274 2927 348 2968 nem
361 2906 529 2971 ministeni
549 2907 598 2970 sui
618 2908 742 2982 reddat,
758 2907 824 2971 sive
839 2907 879 2970 de
893 2906 955 2969 fide
970 2905 1138 2980 catholica,
1153 2905 1218 2968 sivo
1233 2904 1273 2967 de
1294 2905 1375 2989 bap-

274 2991 378 3066 tismo,
403 2991 468 3056 sive
493 2993 533 3056 de
558 2993 644 3056 omni
669 2993 779 3056 ordine
805 2991 972 3055 ministerii
1001 2989 1061 3053 sui.
1121 2990 1308 3068 Statuimus,
1336 2996 1417 3064 ut3o

291 3075 299 3089 ·
378 3076 385 3090 ·
495 3077 503 3091 ·
676 3079 683 3092 ·
831 3077 837 3091 ·
1099 3075 1106 3090 ·
1302 3075 1318 3119 k

272 3077 958 3264 tttffitttttfftttttstitit,
978 3076 1166 3245 {titt
1186 3097 1374 3239 iili&

272 3246 472 3332 investigare,
496 3254 530 3311 et
550 3250 718 3334 prohibere
740 3269 881 3335 paganas
904 3247 1149 3324 observationes,
1170 3244 1306 3310 ¹divinos
1323 3247 1374 3310 vel
1531 3319 1532 3322 Ἴ

272 3333 448 3419 sortilegos,
460 3335 602 3418 auguria,
614 3335 818 3420 phylacteria,
834 3335 1077 3410 incantationes,
1094 3332 1142 3396 vel
1157 3354 1265 3396 omnes
1283 3354 1373 3416 spur·
1531 3369 1532 3410 3

272 3418 365 3483 citias
393 3419 568 3505 gentilium.
633 3420 860 3484 Interdiximus
889 3421 986 3484 servis
1016 3418 1077 3482 Dei
1112 3440 1152 3482 ne
1187 3424 1373 3503 mpompato

272 3504 397 3583 habitu,
416 3505 465 3568 vel
487 3505 580 3591 sagis,
601 3506 650 3570 vel
671 3506 768 3570 armis
790 3512 934 3570 utantur.
981 3505 1168 3581 Statuimus,
1192 3505 1278 3588 quod
1299 3526 1371 3588 pro-

271 3589 377 3674 prium
391 3588 434 3654 sit
448 3591 703 3676 metropolitano,
721 3592 817 3676 juxta
832 3613 988 3655 canonum
1005 3597 1138 3666 statuta,
1156 3590 1412 3674 subjectorumss

273 3674 333 3738 sibi
360 3674 578 3761 episcoporum
607 3677 797 3762 investigare
823 3699 935 3754 mores,
962 3683 995 3741 et
1024 3675 1256 3740 solicitudinem
1285 3675 1373 3740 circa

304 3878 421 3928 fetentis
432 3882 522 3941 Spelm.
616 3883 830 3930 sdistinamusc.
921 3882 1031 3930 branca
1042 3881 1116 3930 Petri
1128 3880 1170 3942 Sp.
1262 3879 1373 3942 ireeipe-

272 3951 362 3993 rentur
372 3946 401 4002 C.
418 3949 570 3994 reiterentur
581 3945 684 3994 Salmas.
702 3949 840 3994 recitentur
852 3947 903 3994 Ser.
914 3948 1008 3994 emend
1017 3947 1172 4007 recipiantur
1183 3945 1234 3993 alii.
1307 3945 1323 3983 k
1334 3959 1373 3990 so-

273 4013 339 4058 licite
344 4025 393 4058 om.
403 4010 444 4071 Sp.
452 4011 483 4057 G.
551 4010 560 4050 l
574 4011 613 4058 lta
620 4011 664 4071 Sp.
673 4011 702 4058 G.
710 4011 845 4058 clausulam
858 4013 1201 4059 divinos—incantationes
1212 4011 1251 4059 vel
1260 4023 1310 4056 om.
1318 4009 1371 4056 Ser.

272 4082 296 4112 Μ
302 4078 442 4138 pompatico
453 4076 540 4123 Ιιαόἰια
550 4077 591 4122 vel
598 4090 659 4136 sago
669 4076 710 4136 Sp.
721 4077 837 4124 habitata
849 4077 877 4124 C.

271 4387 303 4434 iis
319 4403 372 4449 qus
388 4389 428 4436 hic
444 4389 510 4438 diets
526 4397 585 4436 suut
602 4389 705 4436 multum
724 4390 882 4449 conveniunt,
893 4389 953 4440 editi
971 4399 1030 4439 sunt
1046 4391 1072 4438 in
1085 4391 1167 4438 Mans.
1179 4390 1254 4440 Cone.
1268 4389 1316 4440 vol.
1327 4389 1371 4438 xii.

306 4273 344 4307 ra.
355 4259 469 4319 synodali
479 4259 610 4320 conventa]
623 4258 737 4307 Pluribus
748 4260 848 4323 synodis
859 4260 970 4309 interfuit
980 4261 1139 4309 Bonifacius:
1156 4261 1267 4322 quintam
1281 4275 1372 4308 memo·

271 4452 345 4499 Plura
356 4452 404 4500 vid.
415 4453 442 4500 in
452 4453 557 4502 Dissert.
571 4454 610 4501 De
622 4454 738 4516 synodis,
751 4453 809 4502 ibid.
821 4471 844 4516 p.
855 4466 911 4517 355.

272 4330 311 4371 rat
321 4324 479 4372 Willibaldus
489 4325 539 4373 vit·
550 4325 631 4372 Bonis.
646 4338 682 4374 ιο.
717 4324 831 4373 Cauones
843 4326 929 4389 synodi
941 4327 1094 4374 Germanica
1104 4326 1138 4372 A.
1147 4325 1180 4374 D.
1192 4337 1248 4387 742,
1260 4326 1302 4387 qni
1314 4341 1370 4373 cum
