3100 5125
496 333 661 398 GENTIS
684 334 956 401 ANGLORUM.
1216 339 1280 402 185

176 492 282 550 terras
312 507 412 569 usque
441 487 653 550 descendere:
691 508 787 570 quam
814 486 959 551 videlicet
984 510 1094 552 vocem
1122 491 1164 552 ab
1190 511 1279 554 euro

177 579 299 648 austro,
324 571 356 634 id
378 580 437 648 est,
460 572 503 635 ab
524 571 592 636 alto
615 571 766 636 brumalis
789 580 950 650 rexortns,
973 573 1077 657 primo
1099 597 1134 638 se
1154 575 1281 638 audisse

179 658 319 735 dicebat,
341 680 381 722 ao
404 657 517 721 deinde
538 657 694 741 paulatim
716 680 788 722 cam
811 657 870 721 sibi
892 659 1093 744 adpropiare,
1115 661 1216 724 donec
1238 661 1280 724 ad

179 751 304 807 tectum
333 765 433 829 usque
462 742 595 807 oratorii
624 742 657 805 in
687 766 751 828 quo
780 751 851 808 erat
881 744 1055 844 episcopua,
1080 747 1277 845 perveniret:

137 830 267 914 eoquod
298 829 449 913 ingressa,
473 836 579 893 totum
606 829 750 914 implevit
774 837 872 914 atque
897 853 929 892 m
952 854 1031 916 gyro
1061 832 1280 897 circumdedit.

100 917 168 982 145
181 915 230 979 At
247 915 298 979 ille
312 916 389 978 dum
403 914 557 978 sollicitus
571 915 603 978 in
619 937 657 978 ca
672 938 742 999 quae
757 915 918 994 audiebat,
934 915 1075 980 animum
1090 917 1279 996 intenderet,

179 1001 304 1065 audivit
326 1002 438 1077 denuo,
462 1007 626 1064 transacto
648 1001 739 1084 quasi
761 1001 900 1066 dimidiae
924 1003 1010 1066 horae
1032 1003 1147 1088 spatio,
1170 1025 1279 1068 ascen-

180 1089 257 1151 dere
271 1088 312 1150 de
326 1094 414 1152 tecto
430 1087 571 1170 ejusdem
586 1086 718 1150 oratorii
737 1087 821 1151 idem
841 1087 963 1152 laetitiae
979 1089 1146 1164 canticum,
1163 1096 1197 1153 et
1212 1088 1281 1174 ipsa
1393 1110 1397 1123 ⁴

182 1196 247 1258 qua
272 1179 403 1237 venerat
428 1173 489 1249 via,
515 1173 558 1236 od
583 1173 676 1236 caelos
702 1195 803 1257 usque
832 1196 905 1238 cum
934 1173 1085 1238 ineffabili
1115 1175 1281 1239 dulcedine

181 1259 309 1323 reverti.
354 1258 415 1338 Qui
433 1280 505 1321 oum
522 1257 753 1342 aliquantulum
770 1260 858 1324 horee
876 1259 966 1343 quasi
989 1260 1152 1325 adtonitus
1175 1283 1281 1325 mane-

182 1352 243 1421 ret,
266 1355 300 1409 et
322 1344 399 1428 quid
420 1345 488 1408 haec
511 1351 638 1407 zessent
660 1344 779 1408 sollerti
801 1344 908 1410 animo
930 1352 1138 1423 scrutaretur,
1154 1347 1281 1432 aperuit

157 1431 348 1516 espiscopus
362 1430 535 1494 fenestram
550 1429 691 1507 oratorii,
703 1436 738 1494 et
751 1431 892 1494 sonitum
902 1453 998 1494 manu
1010 1431 1136 1508 faciens,
1149 1439 1186 1496 ut
1197 1455 1282 1517 saepe

182 1523 419 1593 ³oonsueveret,
435 1515 462 1579 si
480 1515 551 1600 quis
571 1515 647 1579 foris
667 1523 760 1593 esset,
776 1517 819 1580 ad
834 1539 867 1580 se
886 1517 1008 1580 intrare
1022 1517 1184 1602 praeoepit.
1230 1517 1281 1580 ln-

183 1602 294 1667 troivit
309 1601 360 1666 ills
375 1601 527 1679 concitus,
543 1601 593 1664 cui
608 1601 689 1665 dixit
702 1602 857 1667 antistes:
887 1603 972 1666 Vade
987 1604 1044 1666 cito
1058 1603 1103 1666 ed
1120 1603 1281 1681 ecelesiam,

183 1698 210 1752 et
226 1688 278 1751 boe
294 1698 402 1772 septem
413 1688 536 1769 fratres
554 1687 611 1751 lece
630 1689 732 1751 occire
744 1689 868 1771 sociem·
893 1698 1051 1774 torqueque
1069 1689 1162 1751 emal
1173 1689 1281 1752 adesto.

184 1774 247 1854 Qui
263 1796 335 1837 cum
350 1773 518 1850 venissent,
534 1773 636 1858 primo
656 1773 823 1837 admonuit
843 1796 897 1837 eos
914 1781 951 1837 ut
969 1773 1121 1838 virtutem
1141 1775 1282 1839 dilectio-

184 1859 235 1922 nis
249 1868 284 1924 et
298 1859 397 1944 pacis,
412 1860 454 1923 ad
470 1859 602 1922 invicem
617 1867 651 1924 et
667 1860 710 1922 ed
730 1882 839 1923 omnes
859 1859 967 1923 fideles
988 1867 1168 1924 servarent:
1194 1860 1282 1925 insti-

144 1952 258 2010 10tuta
273 1967 398 2030 quoque
412 1944 587 2030 disciplinae
605 1945 767 2030 regularis,
790 1967 861 2030 quae
876 1945 924 2008 vel
946 1947 987 2010 ab
1009 1945 1078 2030 ipso
1099 1945 1283 2010 didicissent

184 2037 218 2094 et
238 2031 271 2093 in
289 2031 358 2116 ipso
376 2031 541 2107 vidissent,
562 2032 610 2094 vel
629 2032 661 2094 in
680 2039 810 2115 patrum
831 2031 1080 2116 praecedentium
1101 2031 1196 2096 factis
1219 2031 1284 2096 sive

184 2116 280 2180 dictis
306 2115 508 2193 invenissent,
533 2117 689 2181 indefessa
715 2116 871 2182 instantia
887 2124 1113 2201 sequerentur.
1159 2117 1284 2182 Deinde

184 2204 350 2287 subjunxit
375 2203 460 2266 diem
485 2203 534 2265 sui
558 2203 665 2267 obitus
691 2203 760 2286 jam
788 2202 931 2287 proxime
956 2203 1086 2267 instare.
1142 2205 1198 2266 Na
1248 2226 1285 2268 ee

182 2289 295 2373 torpes,
310 2289 423 2374 inquit,
439 2288 492 2352 ille
511 2287 732 2373 amabilisque·
744 2289 867 2370 fratres
889 2299 1001 2353 costroe
1023 2289 1147 2352 oieilere
1166 2288 1224 2352 sole
1262 2299 1283 2365 t,

183 2375 229 2438 od
241 2397 286 2438 me
300 2396 412 2459 quoque
425 2374 512 2438 bodie
525 2375 636 2451 occire,
652 2396 752 2458 meque
766 2375 804 2437 de
817 2375 926 2438 eoeoub
943 2397 1062 2438 evocare
1076 2375 1219 2460 dierectus
1232 2384 1284 2438 est.

144 2463 322 2545 ¹5Propler
345 2461 427 2546 qaod
450 2469 623 2524 revertentes
644 2460 690 2522 ed
712 2460 872 2534 ecclesiam,
900 2461 991 2523 dicite
1010 2459 1169 2543 fretibus
1196 2470 1231 2523 eet
1258 2469 1291 2524 et

184 2569 281 2611 meum
309 2547 422 2611 aeirem
445 2547 579 2611 Domino
600 2544 744 2631 precibm
772 2545 980 2623 commordent,
1008 2556 1034 2609 et
1058 2569 1145 2609 eccm
1173 2568 1286 2631 quoque

182 2634 305 2708 ceilam
320 2634 407 2717 ecjee
427 2633 502 2696 loro
523 2634 638 2696 incerte
658 2642 708 2708 eet,
729 2632 854 2716 eiyiliis,
875 2630 1067 2706 orationibus,
1087 2631 1169 2695 loreis
1188 2632 1285 2717 ‹qeeri

184 2717 238 2783 tce
252 2720 427 2803 prevenire
446 2718 642 2782 meminerim.
689 2718 831 2801 Oumque
849 2718 917 2781 haec
939 2724 972 2780 et
994 2716 1173 2801 hujusmodi
1194 2718 1286 2801 plura

183 2804 377 2889 loqueretur,
393 2810 492 2888 etque
506 2804 549 2867 illi
564 2811 717 2889 percepta
737 2804 805 2888 ejus
824 2802 1053 2875 benedictione,
1068 2804 1135 2888 jam
1150 2804 1285 2866 multum

184 2890 296 2954 tristes
310 2890 460 2966 exissent,
475 2889 571 2954 rediit
585 2890 653 2973 ipse
667 2889 752 2953 solus
767 2889 821 2974 qui
842 2911 968 2953 carmen
989 2889 1114 2953 oaeleste
1128 2888 1285 2965 audierat,

185 2985 220 3039 et
244 2983 449 3059 prosternens
474 2997 509 3038 se
534 2975 566 3037 in
592 2981 730 3039 terram:
764 2974 897 3042 Obsecro.
922 2974 1037 3058 inquit,
1053 2985 1170 3059 potem
1198 2973 1288 3038 blioet

144 3061 312 3146 rocliqleid
334 3061 545 3145 ieerroyere?
591 3062 763 3145 Ieteroye,
789 3060 901 3145 inquit,
929 3061 1009 3144 quod
1032 3062 1086 3123 ees.
1136 3060 1184 3124 At
1214 3059 1285 3123 ille:

190 3146 326 3222 Obsecro,
349 3146 464 3231 inquit,
489 3157 523 3209 ee
546 3146 633 3210 dicos
655 3146 736 3231 qood
755 3158 820 3209 eret
842 3147 993 3209 coelicam
1014 3146 1096 3210 illud
1118 3145 1289 3209 lactoratium

185 3233 268 3317 qood
287 3232 406 3304 ecdici,
427 3233 609 3295 cerbatiwm
631 3233 668 3294 de
690 3231 771 3294 culis
792 3253 882 3316 seper
903 3232 1069 3295 oratorium
1090 3232 1153 3303 loe,
1176 3241 1289 3317 etpost

186 3328 301 3400 tempus
322 3318 511 3381 redeuntium
532 3318 577 3380 ed
593 3318 702 3381 celere?
747 3317 935 3401 Respondet
955 3317 1025 3380 ille:
1051 3318 1088 3380 se·
1108 3339 1203 3381 eorem
1222 3339 1289 3381 cer-

183 3404 281 3479 meeis
293 3403 422 3480 aedisti,
436 3414 464 3467 et
482 3403 608 3467 cebetes
629 3404 820 3487 orpeoecire
841 3414 930 3466 cretus
951 3404 1122 3488 sepaedicti,
1135 3402 1290 3487 precipio

185 3488 244 3552 tibi
258 3491 293 3552 ie
307 3490 425 3552 comice
438 3490 577 3566 Domini,
591 3510 628 3552 ree
642 3489 694 3551 lieo
708 3489 849 3574 coequale
864 3498 933 3552 erite
952 3510 1047 3551 mecm
1065 3487 1176 3552 obitum
1191 3488 1287 3551 dices.

147 3576 307 3640 2θΙίθθθνθ
320 3584 421 3640 auum
442 3575 614 3659 acccelerare
627 3576 720 3658 fuere
739 3574 876 3659 spirituc,
892 3572 946 3659 qai
962 3596 1008 3637 me
1022 3574 1067 3638 ad
1079 3574 1207 3637 celestia
1223 3596 1290 3659 qua

185 3683 303 3745 cereper
325 3660 467 3725 maetam
491 3682 530 3724 cc
554 3659 773 3735 desiderabam,
794 3662 932 3745 premia
957 3682 1061 3723 eccere
1087 3670 1238 3735 memoret,
1264 3668 1291 3723 et

181 3747 331 3831 poddies
343 3756 452 3831 septem
465 3768 494 3809 se
508 3746 668 3821 redituros,
682 3768 719 3809 ec
734 3769 779 3809 me
793 3768 888 3809 cecam
903 3745 1086 3809 adducturos
1100 3768 1158 3809 esse
1172 3745 1289 3829 promi-

178 3841 297 3907 ,eenrnt
331 3832 423 3911 Quod
438 3831 567 3916 quidem
581 3830 628 3895 ita
643 3838 680 3895 ut
694 3831 836 3894 cdictum
851 3830 880 3894 ei
895 3837 975 3907 erat,
989 3853 1084 3915 opere
1098 3829 1290 3915 completum

186 3924 247 3981 est.
293 3918 377 3981 Nam
393 3917 559 3982 confestim
576 3915 728 4002 languore
745 3914 887 4000 corporis
905 3922 1014 3980 tactus
1034 3922 1092 3992 est,
1109 3922 1142 3978 et
1157 3916 1217 3979 hoo
1233 3937 1291 3999 per

187 4002 256 4067 dies
270 4003 520 4088 ingravescente,
536 4001 681 4087 septimo,
697 4009 734 4065 ut
751 4001 941 4085 promissum
956 4000 984 4064 ei
1004 4001 1118 4075 fuerat,
1136 4000 1186 4064 die
1204 4006 1289 4085 post-

189 4110 287 4187 quam
310 4088 433 4153 obitum
457 4109 549 4151 suum
573 4086 731 4152 Dominici
754 4085 896 4169 corporis
922 4091 957 4149 et
979 4084 1140 4170 sanguinis
1161 4108 1290 4170 percep

148 4180 278 4242 rotrone
307 4173 450 4251 munivit,
475 4174 580 4238 soluta
604 4175 646 4238 eb
677 4170 837 4257 ergastulo
867 4171 1008 4256 corporis
1036 4170 1143 4235 anima
1169 4179 1289 4248 sancta,

188 4260 390 4337 ducentibus,
406 4267 444 4324 ut
457 4259 544 4324 credi
558 4261 607 4324 fas
627 4266 686 4331 est,
702 4256 821 4341 angelis
843 4256 1013 4321 comitibus
1032 4265 1155 4321 aeterna
1175 4258 1292 4343 gaudia

839 4464 853 4492 ἃ
865 4454 988 4500 censuerit
1000 4453 1029 4497 V.
1138 4453 1151 4491 ὓ
1164 4454 1251 4500 licetne
1262 4452 1292 4499 V.
