3100 5125
99 1149 176 1198 Α.1).
188 1147 245 1209 673.

100 1214 224 1275 Ecgberct.

100 1281 141 1327 ob.
152 1279 214 1325 lilo-

100 1345 168 1393 there
180 1345 208 1390 R.

259 295 323 362 192
588 291 825 356 HISTORIAE
849 292 1026 357 EOOLES.
1334 293 1401 356 IV.
1417 297 1446 357 6.

258 453 364 507 onaret.
422 445 522 522 Quam
549 445 725 508 mntentinm
753 443 935 526 definitionis
958 453 1070 508 nonrae
1093 443 1219 509 entrttn
1242 445 1367 509 niorto

257 529 444 593 scribendam
457 529 583 594 didaci.
620 532 733 594 Aetnen
747 531 782 592 in
796 551 892 593 mense
906 541 934 595 ct
948 529 1112 594 indnnione
1125 551 1221 614 semro
1234 531 1365 615 scripta.

262 616 404 700 Qnisqnis
425 616 523 699 initia
536 626 640 679 cenna
660 617 740 680 inne
759 617 1048 698 cataniensem
1063 616 1181 686 decreta
1199 637 1364 692 concnam,

260 712 363 764 nostre
376 703 468 764 etiam
490 701 703 775 hoencensnbne,
719 723 757 764 nc
772 700 986 786 redemptione
1003 723 1112 766 manne
1128 712 1237 766 nonne
1253 703 1365 784 confic-

259 797 383 863 matnnn,
395 791 509 871 pnqno
522 787 607 850 nnn
620 789 722 851 venire
734 809 857 872 carnqne
867 788 1036 872 infrinpecc
1052 788 1230 865 itentnnecit,
1245 788 1365 855 nonant

260 895 290 936 ae
318 871 356 935 ab
381 873 463 936 omni
489 873 582 954 aiteio
595 873 776 937 sacerdotali
812 882 841 936 et
876 883 979 937 nonen
1013 875 1148 938 societate
1176 883 1408 958 sepnratnnmo

260 959 382 1022 Divina
408 980 461 1021 nos
481 959 588 1042 pratia
612 960 648 1023 in
676 959 793 1023 onitate
820 969 934 1023 aenne
964 982 1027 1023 sne
1051 958 1195 1024 Ecclesia
1223 959 1363 1036 cicentes,

261 1045 409 1108 anctodiat
423 1044 590 1108 incolomes.

307 1130 411 1193 Facta
426 1136 476 1193 est
489 1136 598 1193 autem
612 1130 681 1194 haec
697 1130 835 1214 synodus
849 1153 934 1194 anno
948 1132 990 1194 ab
1002 1129 1220 1195 incarnatione
1232 1129 1365 1193 Domini

262 1215 493 1279 sexcentesimo
508 1215 741 1300 septuagesimo
756 1216 863 1293 tertio,
876 1239 939 1300 quo
950 1239 1035 1280 anno
1049 1239 1106 1280 rex
1116 1215 1365 1281 Oantuariorum

264 1301 427 1386 Ecgberct
449 1323 557 1364 meuse
571 1301 660 1364 Julio
683 1301 817 1377 obierat,
837 1303 1026 1366 succedente
1049 1303 1082 1364 in
1105 1323 1238 1387 mgnum
1262 1303 1365 1366 fratre

265 1386 433 1461 Hlotbere,
449 1388 534 1471 quod
554 1388 622 1472 ipse
636 1409 736 1451 annos
752 1387 900 1451 undecim
920 1394 953 1452 et
970 1410 1092 1452 menses
1110 1394 1232 1472 septem
1247 1388 1364 1452 tenuit.
1375 1415 1408 1464 25

101 1487 166 1537 But.
184 1489 229 1549 ep.
265 1472 335 1536 Bisi
353 1480 462 1536 autem
484 1472 650 1557 episcopus
666 1473 875 1538 Orientalium
898 1475 1084 1559 Anglorum,
1102 1473 1155 1558 qui
1175 1474 1208 1536 in
1228 1475 1366 1558 praefato

104 1555 136 1617 [n
146 1551 253 1616 Ι)·67·>·]
265 1559 386 1642 synodo
405 1558 503 1622 fuisse
525 1559 720 1643 perhibetur,
736 1560 805 1644 ipse
821 1565 891 1623 erat
913 1581 1077 1624 successor
1092 1559 1257 1637 Bonifacii,
1274 1559 1367 1644 cujus

102 2001 172 2050 AEcci
184 2010 210 2050 et

103 2067 232 2115 Baduvini.

103 2608 200 2686 Vinnirid
209 2608 250 2656 de-

103 2680 205 2736 matun.

104 2956 237 3005 Sexuult'us

104 3036 142 3083 ep.

264 1665 362 1729 supra
379 1644 588 1722 meminimus,
609 1644 658 1708 vir
678 1646 788 1708 multae
809 1645 992 1709 sanctitatis
1012 1653 1045 1710 et
1065 1644 1235 1730 religionis.
1281 1644 1368 1708 Nam

265 1729 430 1794 Bonifacio
455 1737 530 1814 post
553 1732 662 1794 decem
686 1738 720 1795 et
746 1737 869 1816 septem
891 1731 1092 1816 episcopatus
1115 1731 1164 1794 sui
1188 1751 1289 1794 annos
1312 1731 1367 1794 de

264 1815 385 1893 iuncto,
409 1816 597 1901 l‘episcopus
620 1817 688 1902 ipse
711 1839 770 1902 pro
796 1839 843 1893 eo,
866 1817 1033 1880 Theodoro
1057 1817 1234 1893 ordinante,
1258 1817 1367 1880 factus

266 1908 325 1965 est.
370 1903 440 1981 Quo
468 1902 574 1966 adhuc
600 1902 781 1987 superstite,
813 1903 869 1966 sed
898 1902 1086 1987 gravissima
1110 1901 1297 1966 infirmitate
1323 1903 1367 1965 ab

265 1987 518 2050 administrando
533 1987 720 2072 episcopatu
735 1987 906 2073 prohibite,
923 1989 987 2051 duo
1003 1996 1078 2054 sunt
1097 2011 1156 2074 pro
1177 1988 1240 2064 ille,
1255 1987 1366 2065 AEcci,
1377 2019 1413 2064 30

266 2077 300 2134 et
311 2070 476 2148 Baduvini,
486 2072 580 2136 electi
596 2081 629 2138 et
644 2074 823 2138 consecrati
839 2073 996 2159 episcopi:
1021 2097 1060 2138 ex
1076 2097 1139 2159 quo
1155 2095 1254 2159 usque
1269 2073 1369 2137 hodie

265 2156 428 2241 provincia
443 2157 496 2221 illa
511 2158 590 2231 duos
605 2160 723 2224 habere
739 2161 820 2225 solet
835 2160 1006 2245 episcopos.

718 2328 827 2392 GAP.
852 2328 912 2391 Vl.

269 2430 307 2488 Ut
324 2432 444 2506 deposito
457 2432 601 2506 Vynsrido,
622 2431 751 2508 Seennls
765 2431 960 2509 lepiscepatnm
979 2434 1037 2505 ejas
1055 2433 1198 2508 acceperit.
1216 2441 1243 2488 et
1262 2433 1369 2489 mnar-

422 2514 536 2571 connnld
551 2512 736 2572 Orientalibus
749 2513 901 2572 Senonibus
915 2515 952 2571 sit
966 2515 1105 2590 episcopus
1121 2513 1210 2570 datas.

311 2604 381 2667 Non
404 2606 505 2670 multo
527 2612 602 2691 post
624 2606 692 2670 haec
706 2608 823 2691 ,elapso
838 2614 990 2692 tempore,
1007 2606 1155 2683 offensus,
1178 2630 1199 2671 a
1217 2606 1411 2677 Vinfridoss

268 2690 464 2755 Merciorum
493 2691 643 2777 episcopo
673 2715 730 2777 per
765 2692 916 2756 meritum
944 2692 1111 2777 cujusdam
1143 2692 1370 2758 inobedientiae

267 2777 453 2841 Theodorus
476 2777 743 2863 archiepiscopus,
760 2778 907 2863 deposuit
928 2800 999 2842 eum
1023 2778 1063 2842 de
1087 2778 1272 2863 episcopatu
1295 2786 1371 2863 post

266 2884 366 2925 annos
381 2863 505 2949 accepti
524 2864 727 2949 episcopatus
748 2886 813 2927 non
830 2865 966 2938 multos3
991 2870 1025 2928 et
1047 2864 1081 2925 in
1103 2864 1174 2928 loco
1196 2865 1264 2949 ejus
1286 2865 1371 2928 ordi-

266 2947 355 3011 navit
379 2949 562 3034 episcopum
586 2949 780 3027 Sexnnlfnm,
806 2950 860 3036 qui
884 2956 955 3014 erat
981 2956 1186 3014 constructor
1210 2956 1244 3013 et
1269 2951 1372 3014 abbas

300 3118 316 3157 t
328 3110 400 3156 niun
412 3108 441 3155 V.
551 3110 567 3147 h
579 3112 678 3171 scriptia
689 3110 751 3157 V.G.
863 3110 869 3149 ἱ
883 3111 1038 3157 concentione
1050 3110 1085 3158 St.
1198 3110 1207 3157 l
1221 3113 1328 3157 tentcsoit
1339 3110 1371 3157 V.

267 3174 281 3212 k
294 3175 419 3234 epiecopus
425 3188 473 3235 pro
484 3189 511 3221 eo
523 3176 552 3221 V.
618 3174 760 3237 lepiscopin
772 3174 802 3221 V.
870 3186 893 3214 111
906 3175 1072 3223 Eat-connata
1082 3175 1150 3223 deest
1161 3175 1189 3223 C.
1203 3176 1222 3222 l.
1239 3174 1281 3221 Ed.
1296 3174 1372 3223 male.

301 3323 339 3373 25.
353 3311 419 3372 Birt]
442 3312 491 3359 Hic
511 3312 629 3360 aticcessit
648 3312 776 3359 Boniiacio
793 3327 815 3361 a.
832 3310 889 3373 670.
909 3312 980 3373 eique
998 3312 1151 3373 coadjutores
1169 3310 1230 3369 dati,
1243 3311 1321 3358 AEcca
1340 3312 1373 3357 ad

267 3377 392 3432 Donnes,
408 3376 526 3423 Beaduini
540 3378 571 3424 ad
587 3377 729 3436 Helmham,
742 3383 798 3437 post
810 3377 907 3424 concilii
920 3377 1117 3433 celebrationem,
1130 3392 1152 3423 a.
1165 3374 1222 3437 673.
1236 3376 1262 3423 S.
1297 3375 1372 3423 Cous.

267 3455 350 3501 supra,
363 3440 398 3488 iii.
411 3456 451 3490 no.
486 3442 592 3490 Floreat.
605 3442 660 3502 Vig.
675 3456 697 3502 p.
707 3439 764 3490 682.
800 3441 856 3489 Gal.
872 3442 999 3488 Mnlmesb.
1014 3444 1083 3489 Gest.
1098 3443 1167 3489 Pout.
1179 3441 1204 3487 ii.
1218 3454 1239 3487 a.
1253 3456 1275 3500 p.
1290 3454 1348 3501 237.

302 3503 341 3565 36.
353 3506 484 3564 cujusdam
495 3507 674 3567 inobedientioe]
696 3507 815 3567 Qttoeuam
829 3506 875 3553 t'uit
886 3506 929 3553 illn
941 3506 1047 3554 Vinfridi
1063 3506 1230 3553 inobedientia
1242 3504 1308 3551 Beda
1320 3520 1372 3551 non

268 3570 335 3617 dicit.
370 3570 462 3617 Verum
474 3570 494 3616 ei
506 3572 563 3630 quia
573 3572 655 3632 ejusce
666 3572 784 3631 temporis
796 3585 835 3618 res
851 3578 932 3632 gestas
944 3585 972 3617 ac
988 3570 1092 3618 consilia
1109 3570 1242 3631 perpendat
1257 3583 1308 3615 non
1322 3570 1374 3617 alia

268 3634 364 3683 radone
375 3635 468 3682 factum
481 3634 597 3695 inveniet,
609 3650 681 3697 qnam
693 3636 757 3696 quod
770 3636 851 3681 sedern
866 3650 935 3683 suam
950 3636 975 3681 iu
988 3635 1070 3696 plures
1081 3636 1235 3683 dividendam
1249 3647 1297 3679 uon
1311 3648 1372 3681 con·

268 3701 372 3747 cederet.
406 3700 478 3747 Licet
493 3702 558 3747 enim
570 3700 713 3747 'l'neodorua
728 3700 754 3746 in
767 3700 872 3747 concilio
889 3700 919 3746 dc
937 3701 1048 3760 augendo
1066 3714 1168 3747 numero
1184 3700 1372 3759 episcopatuum

269 3765 300 3811 ad
311 3778 417 3825 praesem
428 3764 524 3811 siluerit
537 3764 613 3811 fixum
631 3772 713 3812 nmen
730 3764 755 3811 id
772 3764 856 3811 animo
873 3764 995 3823 babuisse,
1007 3771 1059 3812 turn
1077 3765 1211 3825 capitulum
1230 3777 1323 3809 nouum
1341 3764 1373 3811 de

268 3844 298 3876 eo
317 3829 479 3889 proptnittnn,
491 3836 543 3875 tum
559 3829 667 3876 ecclesie
685 3829 817 3876 necessitas
835 3829 895 3876 satis
914 3830 1090 3877 demonstrant.
1124 3828 1149 3875 A
1161 3828 1275 3876 Vinfrido
1294 3827 1374 3887 igitur

269 3893 409 3953 refragante
420 3894 461 3941 rix
474 3894 549 3955 effugi
560 3894 641 3954 potuit
651 3893 824 3954 archiepiscopi
836 3908 939 3941 censura
950 3894 1009 3954 qum
1021 3908 1076 3941 eum
1089 3895 1146 3941 sede
1163 3892 1281 3947 turbaret,
1294 3907 1372 3952 quam

268 3957 295 4004 in
306 3972 438 4069 commpne
449 3958 621 4005 detrimentum
634 3958 701 4006 solua
711 3972 831 4019 occupare
842 3958 928 4006 voluit.
953 3958 1054 4006 Factum
1067 3959 1112 4005 hoc
1123 3958 1257 4007 secundnm
1271 3956 1372 4005 Floren-

268 4023 342 4080 tium,
355 4038 376 4069 a.
409 4034 450 4084 75.
467 4024 493 4070 S.

304 4088 343 4148 38.
355 4088 520 4150 coniunctos]
542 4087 713 4134 Muoificentia
724 4088 818 4135 scilicet
828 4088 923 4145 Peadae,
937 4086 1056 4145 Vulfheri,
1071 4094 1096 4133 et
1108 4086 1254 4134 AEdilthredi
1268 4085 1372 4133 fratrum

270 4165 355 4213 regum
368 4152 475 4212 Merene,
487 4158 514 4200 et
524 4152 680 4214 Kyueburgte
696 4160 721 4200 et
736 4152 895 4214 Kynesnithse
911 4166 1032 4199 sororum.
1067 4152 1123 4199 Fuit
1140 4160 1221 4198 autern
1240 4150 1375 4197 Sexuulfss

271 4216 419 4263 Mercionnn
435 4217 561 4277 episcopos
577 4217 608 4264 nb
619 4233 641 4264 a.
654 4215 710 4277 675.
723 4218 754 4267 nd
765 4233 788 4265 a.
802 4216 858 4277 691.
871 4232 925 4264 cum
944 4226 1017 4265 antea
1034 4216 1108 4263 abbas
1125 4214 1213 4263 fuisset
1228 4214 1373 4262 monasterii

271 4280 442 4328 Medbamsted
453 4281 484 4328 ab
496 4297 518 4328 a.
531 4279 587 4341 664,
599 4296 659 4341 quo,
670 4283 813 4329 secumdum
828 4281 923 4329 Vulferi
940 4289 1044 4337 cartam,
1055 4281 1185 4329 fundatum
1197 4287 1241 4327 est.
1253 4280 1281 4326 S.
1316 4280 1373 4325 Vid.

271 4344 362 4391 chron.
373 4346 430 4393 Sar.
442 4345 472 4393 t.
482 4345 515 4393 l).
527 4345 582 4407 655.
596 4361 645 4406 quo
661 4361 727 4393 anuo
744 4347 874 4393 fundatum
891 4354 929 4394 est
946 4345 1120 4395 monasterium
1133 4361 1148 4392 a
1163 4345 1252 4401 Peada,
1264 4350 1290 4392 et
1299 4344 1330 4391 Α.
1339 4344 1373 4392 D.

271 4406 332 4469 656,
351 4408 392 4455 ubi
409 4417 448 4457 est
465 4410 550 4460 charta
569 4408 932 4469 primaanfcri;'“Mcuastic.
953 4410 1026 4473 Angt.
1045 4410 1061 4459 i.
1078 4426 1101 4471 p.
1114 4410 1156 4465 62,
1174 4409 1216 4457 ubi
1234 4414 1272 4456 est
1288 4408 1374 4457 charta

271 4473 378 4532 Vulieri,
390 4473 448 4521 data
458 4475 490 4521 A.
500 4474 532 4522 D.
544 4473 609 4533 6643
628 4481 654 4522 et
664 4474 754 4523 Linon.
767 4476 826 4523 Sex.
837 4475 868 4522 Α.
878 4476 911 4527 D.
923 4474 982 4537 675,
994 4475 1036 4526 ubi
1048 4482 1086 4525 est
1096 4474 1205 4537 ejusdem
1217 4472 1372 4529 confirmatio
