<?xml version="1.0" encoding="UTF-8"?>
<!DOCTYPE html PUBLIC "-//W3C//DTD XHTML 1.0 Transitional//EN"
    "http://www.w3.org/TR/xhtml1/DTD/xhtml1-transitional.dtd">
<html xmlns="http://www.w3.org/1999/xhtml" xml:lang="en" lang="en">
 <head>
  <title>
</title>
<meta http-equiv="Content-Type" content="text/html;charset=utf-8" />
  <meta name='ocr-system' content='tesseract 3.04.00' />
  <meta name='ocr-capabilities' content='ocr_page ocr_carea ocr_par ocr_line ocrx_word'/>
</head>
<body>
  <div class='ocr_page' id='page_1' title='image "./historiaecclesi00hussgoog_0158.png"; bbox 0 0 3100 5125; ppageno 0'>
   <div class='ocr_carea' id='block_1_1' title="bbox 84 311 1278 392">
    <p class='ocr_par' dir='ltr' id='par_1_1' title="bbox 84 311 1278 392">
     <span class='ocr_line' id='line_1_1' title="bbox 84 311 1278 392; baseline 0.006 -18"><span class='ocrx_word' id='word_1_1' title='bbox 84 329 195 392; x_wconf 88' lang='lat'><strong><em>—14.</em></strong></span> <span class='ocrx_word' id='word_1_2' title='bbox 503 313 667 380; x_wconf 82' lang='lat' dir='ltr'><strong><em>eunus</em></strong></span> <span class='ocrx_word' id='word_1_3' title='bbox 690 311 961 380; x_wconf 73' lang='lat' dir='ltr'><strong><em>suenorum.</em></strong></span> <span class='ocrx_word' id='word_1_4' title='bbox 1215 315 1278 381; x_wconf 80' lang='lat' dir='ltr'><strong><em>iss</em></strong></span> 
     </span>
    </p>
   </div>
   <div class='ocr_carea' id='block_1_2' title="bbox 133 465 1278 1149">
    <p class='ocr_par' dir='ltr' id='par_1_2' title="bbox 133 465 1278 1149">
     <span class='ocr_line' id='line_1_2' title="bbox 176 465 1277 556; baseline 0.004 -28"><span class='ocrx_word' id='word_1_5' title='bbox 176 465 303 550; x_wconf 72' lang='lat' dir='ltr'><strong><em>diqnmn</em></strong></span> <span class='ocrx_word' id='word_1_6' title='bbox 322 467 457 532; x_wconf 76' lang='lat' dir='ltr'><strong><em>reddere.</em></strong></span> <span class='ocrx_word' id='word_1_7' title='bbox 502 471 569 534; x_wconf 83' lang='lat' dir='ltr'><strong><em>Nee</em></strong></span> <span class='ocrx_word' id='word_1_8' title='bbox 584 479 718 534; x_wconf 83' lang='lat' dir='ltr'><strong><em>moratus</em></strong></span> <span class='ocrx_word' id='word_1_9' title='bbox 736 469 817 548; x_wconf 70' lang='lat' dir='ltr'><strong><em>stin,</em></strong></span> <span class='ocrx_word' id='word_1_10' title='bbox 833 472 982 556; x_wconf 68' lang='lat' dir='ltr'><strong><em>inteyrnrn</em></strong></span> <span class='ocrx_word' id='word_1_11' title='bbox 1000 491 1030 533; x_wconf 90' lang='lat' dir='ltr'><strong><em>se</em></strong></span> <span class='ocrx_word' id='word_1_12' title='bbox 1044 469 1079 532; x_wconf 91' lang='lat' dir='ltr'><strong><em>in</em></strong></span> <span class='ocrx_word' id='word_1_13' title='bbox 1100 468 1153 532; x_wconf 83' lang='lat' dir='ltr'><strong><em>icc</em></strong></span> <span class='ocrx_word' id='word_1_14' title='bbox 1171 467 1277 533; x_wconf 82' lang='lat' dir='ltr'><strong><em>ludere</em></strong></span> 
     </span>
     <span class='ocr_line' id='line_1_3' title="bbox 166 551 479 637; baseline 0.01 -22"><span class='ocrx_word' id='word_1_15' title='bbox 166 551 266 633; x_wconf 81' lang='lat' dir='ltr'><strong><em>fldem</em></strong></span> <span class='ocrx_word' id='word_1_16' title='bbox 279 553 479 637; x_wconf 79' lang='lat' dir='ltr'><strong><em>respondebat.</em></strong></span> 
     </span>
     <span class='ocr_line' id='line_1_4' title="bbox 225 637 1277 724; baseline 0 -23"><span class='ocrx_word' id='word_1_17' title='bbox 225 638 310 702; x_wconf 79' lang='lat' dir='ltr'><strong><em>Turn</em></strong></span> <span class='ocrx_word' id='word_1_18' title='bbox 333 637 470 703; x_wconf 64' lang='lat' dir='ltr'><strong><em>benedici</em></strong></span> <span class='ocrx_word' id='word_1_19' title='bbox 489 662 611 724; x_wconf 82' lang='lat' dir='ltr'><strong><em>nquam,</em></strong></span> <span class='ocrx_word' id='word_1_20' title='bbox 636 649 663 704; x_wconf 84' lang='lat' dir='ltr'><strong><em>et</em></strong></span> <span class='ocrx_word' id='word_1_21' title='bbox 684 641 816 705; x_wconf 80' lang='lat' dir='ltr'><strong><em>anulum</em></strong></span> <span class='ocrx_word' id='word_1_22' title='bbox 838 639 953 704; x_wconf 77' lang='lat' dir='ltr'><strong><em>rodonis</em></strong></span> <span class='ocrx_word' id='word_1_23' title='bbox 1015 640 1103 723; x_wconf 76' lang='lat' dir='ltr'><strong><em>efnti</em></strong></span> <span class='ocrx_word' id='word_1_24' title='bbox 1124 639 1277 702; x_wconf 71' lang='lat' dir='ltr'><strong><em>inmittens</em></strong></span> 
     </span>
     <span class='ocr_line' id='line_1_5' title="bbox 133 663 1276 810; baseline 0.002 -25"><span class='ocrx_word' id='word_1_25' title='bbox 133 721 270 799; x_wconf 79' lang='lat' dir='ltr'><strong><em>4ocdinli</em></strong></span> <span class='ocrx_word' id='word_1_26' title='bbox 287 747 367 810; x_wconf 69' lang='lat' dir='ltr'><strong><em>myro</em></strong></span> <span class='ocrx_word' id='word_1_27' title='bbox 381 726 561 810; x_wconf 83' lang='lat' dir='ltr'><strong><em>potnndsnn.</em></strong></span> <span class='ocrx_word' id='word_1_28' title='bbox 605 728 672 790; x_wconf 87' lang='lat' dir='ltr'><strong><em>Nec</em></strong></span> <span class='ocrx_word' id='word_1_29' title='bbox 688 749 783 804; x_wconf 84' lang='lat' dir='ltr'><strong><em>mora,</em></strong></span> <span class='ocrx_word' id='word_1_30' title='bbox 798 727 902 790; x_wconf 85' lang='lat' dir='ltr'><strong><em>nselins</em></strong></span> <span class='ocrx_word' id='word_1_31' title='bbox 923 663 1028 789; x_wconf 64' lang='lat' dir='ltr'><strong><em>mitte</em></strong></span> <span class='ocrx_word' id='word_1_32' title='bbox 1049 725 1147 810; x_wconf 81' lang='lat' dir='ltr'><strong><em>coepit,</em></strong></span> <span class='ocrx_word' id='word_1_33' title='bbox 1162 735 1190 788; x_wconf 83' lang='lat' dir='ltr'><strong><em>et</em></strong></span> <span class='ocrx_word' id='word_1_34' title='bbox 1210 745 1276 787; x_wconf 87' lang='lat' dir='ltr'><strong><em>eon-</em></strong></span> 
     </span>
     <span class='ocr_line' id='line_1_6' title="bbox 177 808 1278 896; baseline 0.001 -24"><span class='ocrx_word' id='word_1_35' title='bbox 177 808 324 873; x_wconf 82' lang='lat' dir='ltr'><strong><em>nolnscens</em></strong></span> <span class='ocrx_word' id='word_1_36' title='bbox 343 809 381 874; x_wconf 80' lang='lat' dir='ltr'><strong><em>ab</em></strong></span> <span class='ocrx_word' id='word_1_37' title='bbox 403 811 589 894; x_wconf 78' lang='lat' dir='ltr'><strong><em>infirmitate,</em></strong></span> <span class='ocrx_word' id='word_1_38' title='bbox 614 813 708 876; x_wconf 80' lang='lat' dir='ltr'><strong><em>multo</em></strong></span> <span class='ocrx_word' id='word_1_39' title='bbox 730 813 868 896; x_wconf 76' lang='lat' dir='ltr'><strong><em>deinceps</em></strong></span> <span class='ocrx_word' id='word_1_40' title='bbox 886 822 1014 896; x_wconf 81' lang='lat' dir='ltr'><strong><em>tempore</em></strong></span> <span class='ocrx_word' id='word_1_41' title='bbox 1036 811 1134 874; x_wconf 78' lang='lat' dir='ltr'><strong><em>cinit:</em></strong></span> <span class='ocrx_word' id='word_1_42' title='bbox 1165 820 1278 894; x_wconf 80' lang='lat' dir='ltr'><strong><em>totoque</em></strong></span> 
     </span>
     <span class='ocr_line' id='line_1_7' title="bbox 177 894 1276 982; baseline 0.002 -26"><span class='ocrx_word' id='word_1_43' title='bbox 177 894 223 957; x_wconf 86' lang='lat' dir='ltr'><strong><em>dd</em></strong></span> <span class='ocrx_word' id='word_1_44' title='bbox 240 895 340 958; x_wconf 84' lang='lat' dir='ltr'><strong><em>Deum</em></strong></span> <span class='ocrx_word' id='word_1_45' title='bbox 363 897 448 960; x_wconf 84' lang='lat' dir='ltr'><strong><em>corde</em></strong></span> <span class='ocrx_word' id='word_1_46' title='bbox 471 907 498 961; x_wconf 78' lang='lat' dir='ltr'><strong><em>et</em></strong></span> <span class='ocrx_word' id='word_1_47' title='bbox 521 919 606 982; x_wconf 68' lang='lat' dir='ltr'><strong><em>meere</em></strong></span> <span class='ocrx_word' id='word_1_48' title='bbox 628 919 795 974; x_wconf 80' lang='lat' dir='ltr'><strong><em>concensus,</em></strong></span> <span class='ocrx_word' id='word_1_49' title='bbox 818 896 952 961; x_wconf 82' lang='lat' dir='ltr'><strong><em>omnibns</em></strong></span> <span class='ocrx_word' id='word_1_50' title='bbox 977 896 1152 980; x_wconf 74' lang='lat' dir='ltr'><strong><em>ulnamque</em></strong></span> <span class='ocrx_word' id='word_1_51' title='bbox 1170 917 1276 980; x_wconf 79' lang='lat' dir='ltr'><strong><em>peree-</em></strong></span> 
     </span>
     <span class='ocr_line' id='line_1_8' title="bbox 176 978 1276 1130; baseline 0.002 -88"><span class='ocrx_word' id='word_1_52' title='bbox 176 978 485 1130; x_wconf 47' lang='lat' dir='ltr'><strong><em>Mffinmtmm</em></strong></span> <span class='ocrx_word' id='word_1_53' title='bbox 499 983 555 1067; x_wconf 80' lang='lat' dir='ltr'><strong><em>pii</em></strong></span> <span class='ocrx_word' id='word_1_54' title='bbox 571 983 751 1057; x_wconf 79' lang='lat' dir='ltr'><strong><em>Oonditnis,</em></strong></span> <span class='ocrx_word' id='word_1_55' title='bbox 767 994 795 1047; x_wconf 79' lang='lat' dir='ltr'><strong><em>et</em></strong></span> <span class='ocrx_word' id='word_1_56' title='bbox 806 983 912 1066; x_wconf 82' lang='lat' dir='ltr'><strong><em>fidelis</em></strong></span> <span class='ocrx_word' id='word_1_57' title='bbox 930 983 994 1065; x_wconf 82' lang='lat' dir='ltr'><strong><em>ejus</em></strong></span> <span class='ocrx_word' id='word_1_58' title='bbox 1006 982 1127 1067; x_wconf 75' lang='lat' dir='ltr'><strong><em>somnii</em></strong></span> <span class='ocrx_word' id='word_1_59' title='bbox 1145 981 1276 1066; x_wconf 72' lang='lat' dir='ltr'><strong><em>ylorimn</em></strong></span> 
     </span>
     <span class='ocr_line' id='line_1_9' title="bbox 167 1067 372 1149; baseline 0.005 -20"><span class='ocrx_word' id='word_1_60' title='bbox 167 1086 241 1149; x_wconf 81' lang='lat' dir='ltr'><strong><em>prce</em></strong></span> <span class='ocrx_word' id='word_1_61' title='bbox 269 1067 275 1080; x_wconf 91' lang='lat'>&#39;</span> <span class='ocrx_word' id='word_1_62' title='bbox 330 1077 372 1130; x_wconf 82' lang='lat' dir='ltr'><strong><em>nt.</em></strong></span> 
     </span>
    </p>
   </div>
   <div class='ocr_carea' id='block_1_3' title="bbox 96 1235 842 1328">
    <p class='ocr_par' dir='ltr' id='par_1_3' title="bbox 96 1235 842 1328">
     <span class='ocr_line' id='line_1_10' title="bbox 96 1235 842 1328; baseline -0.008 -21"><span class='ocrx_word' id='word_1_63' title='bbox 96 1261 163 1328; x_wconf 88' lang='lat'><strong><em>117</em></strong></span> <span class='ocrx_word' id='word_1_64' title='bbox 608 1239 717 1304; x_wconf 76' lang='lat' dir='ltr'><strong><em>cnr.</em></strong></span> <span class='ocrx_word' id='word_1_65' title='bbox 742 1235 842 1302; x_wconf 81' lang='lat' dir='ltr'><strong><em>xiv.</em></strong></span> 
     </span>
    </p>
   </div>
   <div class='ocr_carea' id='block_1_4' title="bbox 100 1337 1427 2882">
    <p class='ocr_par' dir='ltr' id='par_1_4' title="bbox 166 1337 1282 1580">
     <span class='ocr_line' id='line_1_11' title="bbox 166 1337 1282 1420; baseline 0.004 -25"><span class='ocrx_word' id='word_1_66' title='bbox 166 1337 218 1396; x_wconf 80' lang='lat' dir='ltr'><strong><em>&#39;Ut</em></strong></span> <span class='ocrx_word' id='word_1_67' title='bbox 235 1340 359 1414; x_wconf 77' lang='lat' dir='ltr'><strong><em>defiencto</em></strong></span> <span class='ocrx_word' id='word_1_68' title='bbox 380 1343 507 1410; x_wconf 84' lang='lat' dir='ltr'><strong><em>Paulino,</em></strong></span> <span class='ocrx_word' id='word_1_69' title='bbox 529 1341 656 1400; x_wconf 77' lang='lat' dir='ltr'><strong><em>Itium-nr</em></strong></span> <span class='ocrx_word' id='word_1_70' title='bbox 670 1364 725 1420; x_wconf 83' lang='lat' dir='ltr'><strong><em>pro</em></strong></span> <span class='ocrx_word' id='word_1_71' title='bbox 747 1363 777 1400; x_wconf 90' lang='lat' dir='ltr'><strong><em>eo</em></strong></span> <span class='ocrx_word' id='word_1_72' title='bbox 792 1341 943 1417; x_wconf 85' lang='lat' dir='ltr'><strong><em>Hrosensis</em></strong></span> <span class='ocrx_word' id='word_1_73' title='bbox 964 1342 1080 1399; x_wconf 74' lang='lat' dir='ltr'><strong><em>ecclesie</em></strong></span> <span class='ocrx_word' id='word_1_74' title='bbox 1096 1342 1282 1417; x_wconf 78' lang='lat' dir='ltr'><strong><em>presulatum·</em></strong></span> 
     </span>
     <span class='ocr_line' id='line_1_12' title="bbox 218 1423 1273 1500; baseline 0.006 -24"><span class='ocrx_word' id='word_1_75' title='bbox 218 1425 388 1496; x_wconf 54' lang='lat' dir='ltr'><strong><em>&amp;receperim</em></strong></span> <span class='ocrx_word' id='word_1_76' title='bbox 417 1432 445 1480; x_wconf 85' lang='lat' dir='ltr'><strong><em>et</em></strong></span> <span class='ocrx_word' id='word_1_77' title='bbox 467 1427 500 1480; x_wconf 87' lang='lat' dir='ltr'><strong><em>de</em></strong></span> <span class='ocrx_word' id='word_1_78' title='bbox 521 1424 671 1480; x_wconf 79' lang='lat' dir='ltr'><strong><em>humilitate</em></strong></span> <span class='ocrx_word' id='word_1_79' title='bbox 692 1425 814 1481; x_wconf 83' lang='lat' dir='ltr'><strong><em>mirabili</em></strong></span> <span class='ocrx_word' id='word_1_80' title='bbox 836 1425 910 1500; x_wconf 76' lang='lat' dir='ltr'><strong><em>reqis</em></strong></span> <span class='ocrx_word' id='word_1_81' title='bbox 931 1423 1036 1488; x_wconf 75' lang='lat' dir='ltr'><strong><em>Orsini,</em></strong></span> <span class='ocrx_word' id='word_1_82' title='bbox 1061 1425 1108 1499; x_wconf 74' lang='lat' dir='ltr'><strong><em>qni</em></strong></span> <span class='ocrx_word' id='word_1_83' title='bbox 1129 1424 1163 1479; x_wconf 86' lang='lat' dir='ltr'><strong><em>nd</em></strong></span> <span class='ocrx_word' id='word_1_84' title='bbox 1187 1424 1273 1482; x_wconf 82' lang='lat' dir='ltr'><strong><em>Osuin</em></strong></span> 
     </span>
     <span class='ocr_line' id='line_1_13' title="bbox 219 1503 630 1580; baseline 0.007 -22"><span class='ocrx_word' id='word_1_85' title='bbox 219 1503 321 1558; x_wconf 78' lang='lat' dir='ltr'><strong><em>nudeli</em></strong></span> <span class='ocrx_word' id='word_1_86' title='bbox 334 1506 403 1560; x_wconf 78' lang='lat' dir='ltr'><strong><em>cede</em></strong></span> <span class='ocrx_word' id='word_1_87' title='bbox 410 1513 567 1580; x_wconf 82' lang='lat' dir='ltr'><strong><em>peremptus</em></strong></span> <span class='ocrx_word' id='word_1_88' title='bbox 580 1514 630 1561; x_wconf 83' lang='lat' dir='ltr'><strong><em>est.</em></strong></span> 
     </span>
    </p>

    <p class='ocr_par' dir='ltr' id='par_1_5' title="bbox 151 1594 1426 1784">
     <span class='ocr_line' id='line_1_14' title="bbox 151 1594 1426 1699; baseline 0.006 -41"><span class='ocrx_word' id='word_1_89' title='bbox 151 1621 166 1670; x_wconf 83' lang='lat'><strong>⁵</strong></span> <span class='ocrx_word' id='word_1_90' title='bbox 244 1597 426 1660; x_wconf 72' lang='lat' dir='ltr'><strong><em>Tenusnsro</em></strong></span> <span class='ocrx_word' id='word_1_91' title='bbox 442 1621 517 1684; x_wconf 85' lang='lat' dir='ltr'><strong><em>ergo</em></strong></span> <span class='ocrx_word' id='word_1_92' title='bbox 532 1599 574 1663; x_wconf 89' lang='lat' dir='ltr'><strong><em>ad</em></strong></span> <span class='ocrx_word' id='word_1_93' title='bbox 589 1596 727 1662; x_wconf 83' lang='lat' dir='ltr'><strong><em>caelestia</em></strong></span> <span class='ocrx_word' id='word_1_94' title='bbox 745 1621 844 1699; x_wconf 78' lang='lat' dir='ltr'><strong><em>regna</em></strong></span> <span class='ocrx_word' id='word_1_95' title='bbox 860 1597 1009 1674; x_wconf 86' lang='lat' dir='ltr'><strong><em>Osualdo,</em></strong></span> <span class='ocrx_word' id='word_1_96' title='bbox 1026 1599 1164 1683; x_wconf 85' lang='lat' dir='ltr'><strong><em>suscepit</em></strong></span> <span class='ocrx_word' id='word_1_97' title='bbox 1183 1594 1273 1684; x_wconf 80' lang='lat' dir='ltr'><strong><em>regni</em></strong></span> <span class='ocrx_word' id='word_1_98' title='bbox 1290 1608 1359 1682; x_wconf 70' lang='lat' dir='ltr'><strong><em>Ad?-</em></strong></span> <span class='ocrx_word' id='word_1_99' title='bbox 1370 1606 1426 1666; x_wconf 75' lang='lat'><strong><em>⁶4²·</em></strong></span> 
     </span>
     <span class='ocr_line' id='line_1_15' title="bbox 177 1671 1416 1784; baseline 0.003 -39"><span class='ocrx_word' id='word_1_100' title='bbox 177 1683 339 1748; x_wconf 86' lang='lat' dir='ltr'><strong><em>terrestris</em></strong></span> <span class='ocrx_word' id='word_1_101' title='bbox 366 1684 472 1756; x_wconf 88' lang='lat' dir='ltr'><strong><em>sedem</em></strong></span> <span class='ocrx_word' id='word_1_102' title='bbox 498 1707 556 1771; x_wconf 91' lang='lat' dir='ltr'><strong><em>pro</em></strong></span> <span class='ocrx_word' id='word_1_103' title='bbox 581 1706 618 1748; x_wconf 90' lang='lat' dir='ltr'><strong><em>eo</em></strong></span> <span class='ocrx_word' id='word_1_104' title='bbox 641 1685 742 1749; x_wconf 86' lang='lat' dir='ltr'><strong><em>frater</em></strong></span> <span class='ocrx_word' id='word_1_105' title='bbox 768 1707 836 1770; x_wconf 83' lang='lat' dir='ltr'><strong><em>eJus</em></strong></span> <span class='ocrx_word' id='word_1_106' title='bbox 860 1684 969 1760; x_wconf 87' lang='lat' dir='ltr'><strong><em>Osuiu,</em></strong></span> <span class='ocrx_word' id='word_1_107' title='bbox 993 1683 1117 1768; x_wconf 87' lang='lat' dir='ltr'><strong><em>juvenis</em></strong></span> <span class='ocrx_word' id='word_1_108' title='bbox 1140 1671 1416 1784; x_wconf 51' lang='lat' dir='ltr'><strong><em>trigintass⁸¹¹ff⁸¹</em></strong></span> 
     </span>
    </p>

    <p class='ocr_par' dir='ltr' id='par_1_6' title="bbox 100 1751 1335 2196">
     <span class='ocr_line' id='line_1_16' title="bbox 100 1751 1335 1893; baseline 0.003 -63"><span class='ocrx_word' id='word_1_109' title='bbox 100 1837 103 1842; x_wconf 54' lang='grc'><em>,</em></span> <span class='ocrx_word' id='word_1_110' title='bbox 178 1767 303 1832; x_wconf 75' lang='lat' dir='ltr'><strong><em>circiter</em></strong></span> <span class='ocrx_word' id='word_1_111' title='bbox 327 1791 492 1847; x_wconf 88' lang='lat' dir='ltr'><strong><em>annorum,</em></strong></span> <span class='ocrx_word' id='word_1_112' title='bbox 516 1777 550 1835; x_wconf 89' lang='lat' dir='ltr'><strong><em>et</em></strong></span> <span class='ocrx_word' id='word_1_113' title='bbox 576 1793 632 1893; x_wconf 47' lang='lat' dir='ltr'><strong><em>ger</em></strong></span> <span class='ocrx_word' id='word_1_114' title='bbox 658 1792 757 1833; x_wconf 86' lang='lat' dir='ltr'><strong><em>annos</em></strong></span> <span class='ocrx_word' id='word_1_115' title='bbox 787 1769 898 1856; x_wconf 84' lang='lat' dir='ltr'><strong><em>viginti</em></strong></span> <span class='ocrx_word' id='word_1_116' title='bbox 928 1777 1001 1834; x_wconf 87' lang='lat' dir='ltr'><strong><em>octo</em></strong></span> <span class='ocrx_word' id='word_1_117' title='bbox 1029 1768 1273 1834; x_wconf 78' lang='lat' dir='ltr'><strong><em>laboriosissime</em></strong></span> <span class='ocrx_word' id='word_1_118' title='bbox 1306 1751 1335 1783; x_wconf 51' lang='grc' dir='ltr'><strong><em>θ’</em></strong></span> 
     </span>
     <span class='ocr_line' id='line_1_17' title="bbox 177 1852 1274 1941; baseline 0.002 -25"><span class='ocrx_word' id='word_1_119' title='bbox 177 1853 290 1917; x_wconf 87' lang='lat' dir='ltr'><strong><em>tenuit.</em></strong></span> <span class='ocrx_word' id='word_1_120' title='bbox 345 1852 555 1941; x_wconf 81' lang='lat' dir='ltr'><strong><em>Impugnatus</em></strong></span> <span class='ocrx_word' id='word_1_121' title='bbox 605 1855 750 1920; x_wconf 87' lang='lat' dir='ltr'><strong><em>videlicet</em></strong></span> <span class='ocrx_word' id='word_1_122' title='bbox 773 1864 807 1919; x_wconf 90' lang='lat' dir='ltr'><strong><em>et</em></strong></span> <span class='ocrx_word' id='word_1_123' title='bbox 830 1856 871 1920; x_wconf 89' lang='lat' dir='ltr'><strong><em>ab</em></strong></span> <span class='ocrx_word' id='word_1_124' title='bbox 895 1877 934 1919; x_wconf 92' lang='lat' dir='ltr'><strong><em>ea</em></strong></span> <span class='ocrx_word' id='word_1_125' title='bbox 960 1878 1030 1939; x_wconf 87' lang='lat' dir='ltr'><strong><em>quae</em></strong></span> <span class='ocrx_word' id='word_1_126' title='bbox 1053 1855 1186 1919; x_wconf 83' lang='lat' dir='ltr'><strong><em>fratrem</em></strong></span> <span class='ocrx_word' id='word_1_127' title='bbox 1205 1853 1274 1940; x_wconf 86' lang='lat' dir='ltr'><strong><em>ejus</em></strong></span> 
     </span>
     <span class='ocr_line' id='line_1_18' title="bbox 177 1937 1274 2028; baseline 0.003 -26"><span class='ocrx_word' id='word_1_128' title='bbox 177 1938 337 2004; x_wconf 85' lang='lat' dir='ltr'><strong><em>occiderat</em></strong></span> <span class='ocrx_word' id='word_1_129' title='bbox 365 1964 491 2027; x_wconf 82' lang='lat' dir='ltr'><strong><em>pagana</em></strong></span> <span class='ocrx_word' id='word_1_130' title='bbox 519 1948 615 2028; x_wconf 83' lang='lat' dir='ltr'><strong><em>gente</em></strong></span> <span class='ocrx_word' id='word_1_131' title='bbox 646 1937 849 2019; x_wconf 85' lang='lat' dir='ltr'><strong><em>Merciorum,</em></strong></span> <span class='ocrx_word' id='word_1_132' title='bbox 875 1947 910 2004; x_wconf 86' lang='lat' dir='ltr'><strong><em>ct</em></strong></span> <span class='ocrx_word' id='word_1_133' title='bbox 932 1964 952 2004; x_wconf 94' lang='lat' dir='ltr'><strong><em>a</em></strong></span> <span class='ocrx_word' id='word_1_134' title='bbox 975 1941 1039 2002; x_wconf 91' lang='lat' dir='ltr'><strong><em>filio</em></strong></span> <span class='ocrx_word' id='word_1_135' title='bbox 1063 1963 1187 2025; x_wconf 89' lang='lat' dir='ltr'><strong><em>quoque</em></strong></span> <span class='ocrx_word' id='word_1_136' title='bbox 1216 1963 1274 2005; x_wconf 87' lang='lat' dir='ltr'><strong><em>suo</em></strong></span> 
     </span>
     <span class='ocr_line' id='line_1_19' title="bbox 178 2024 1274 2110; baseline 0.003 -23"><span class='ocrx_word' id='word_1_137' title='bbox 178 2024 354 2102; x_wconf 82' lang='lat' dir='ltr'><strong><em>Alchfrido,</em></strong></span> <span class='ocrx_word' id='word_1_138' title='bbox 375 2047 497 2090; x_wconf 80' lang='lat' dir='ltr'><strong><em>necnon</em></strong></span> <span class='ocrx_word' id='word_1_139' title='bbox 520 2036 553 2090; x_wconf 89' lang='lat' dir='ltr'><strong><em>et</em></strong></span> <span class='ocrx_word' id='word_1_140' title='bbox 573 2051 592 2091; x_wconf 89' lang='lat' dir='ltr'><strong><em>a</em></strong></span> <span class='ocrx_word' id='word_1_141' title='bbox 616 2027 747 2106; x_wconf 86' lang='lat' dir='ltr'><strong><em>fratru0,</em></strong></span> <span class='ocrx_word' id='word_1_142' title='bbox 773 2027 807 2090; x_wconf 91' lang='lat' dir='ltr'><strong><em>id</em></strong></span> <span class='ocrx_word' id='word_1_143' title='bbox 832 2033 891 2103; x_wconf 86' lang='lat' dir='ltr'><strong><em>est,</em></strong></span> <span class='ocrx_word' id='word_1_144' title='bbox 909 2026 1020 2090; x_wconf 88' lang='lat' dir='ltr'><strong><em>fratris</em></strong></span> <span class='ocrx_word' id='word_1_145' title='bbox 1046 2024 1094 2089; x_wconf 88' lang='lat' dir='ltr'><strong><em>sui</em></strong></span> <span class='ocrx_word' id='word_1_146' title='bbox 1118 2026 1172 2110; x_wconf 91' lang='lat' dir='ltr'><strong><em>qui</em></strong></span> <span class='ocrx_word' id='word_1_147' title='bbox 1197 2033 1274 2090; x_wconf 89' lang='lat' dir='ltr'><strong><em>ante</em></strong></span> 
     </span>
     <span class='ocr_line' id='line_1_20' title="bbox 178 2111 703 2196; baseline 0.002 -23"><span class='ocrx_word' id='word_1_148' title='bbox 178 2132 249 2173; x_wconf 91' lang='lat' dir='ltr'><strong><em>eum</em></strong></span> <span class='ocrx_word' id='word_1_149' title='bbox 264 2111 409 2196; x_wconf 85' lang='lat' dir='ltr'><strong><em>regnavit</em></strong></span> <span class='ocrx_word' id='word_1_150' title='bbox 423 2112 488 2176; x_wconf 93' lang='lat' dir='ltr'><strong><em>filio</em></strong></span> <span class='ocrx_word' id='word_1_151' title='bbox 503 2113 703 2176; x_wconf 73' lang='lat' dir='ltr'><strong><em>iOidilvaldo.</em></strong></span> 
     </span>
    </p>

    <p class='ocr_par' dir='ltr' id='par_1_7' title="bbox 137 2196 1427 2453">
     <span class='ocr_line' id='line_1_21' title="bbox 137 2196 1421 2280; baseline -0.002 -20"><span class='ocrx_word' id='word_1_152' title='bbox 137 2217 169 2252; x_wconf 88' lang='lat'><strong><em>10</em></strong></span> <span class='ocrx_word' id='word_1_153' title='bbox 221 2196 318 2280; x_wconf 76' lang='lat' dir='ltr'><strong><em>Cujus</em></strong></span> <span class='ocrx_word' id='word_1_154' title='bbox 343 2219 427 2261; x_wconf 86' lang='lat' dir='ltr'><strong><em>anno</em></strong></span> <span class='ocrx_word' id='word_1_155' title='bbox 446 2199 596 2274; x_wconf 86' lang='lat' dir='ltr'><strong><em>secundo,</em></strong></span> <span class='ocrx_word' id='word_1_156' title='bbox 622 2199 682 2260; x_wconf 93' lang='lat' dir='ltr'><strong><em>hoc</em></strong></span> <span class='ocrx_word' id='word_1_157' title='bbox 706 2203 763 2273; x_wconf 86' lang='lat' dir='ltr'><strong><em>est,</em></strong></span> <span class='ocrx_word' id='word_1_158' title='bbox 791 2198 832 2260; x_wconf 89' lang='lat' dir='ltr'><strong><em>ab</em></strong></span> <span class='ocrx_word' id='word_1_159' title='bbox 862 2196 1080 2262; x_wconf 78' lang='lat' dir='ltr'><strong><em>incarnatione</em></strong></span> <span class='ocrx_word' id='word_1_160' title='bbox 1106 2196 1333 2262; x_wconf 75' lang='lat' dir='ltr'><strong><em>Dominioson.</em></strong></span> <span class='ocrx_word' id='word_1_161' title='bbox 1346 2210 1371 2257; x_wconf 78' lang='lat' dir='ltr'><strong><em>a.</em></strong></span> <span class='ocrx_word' id='word_1_162' title='bbox 1385 2223 1421 2257; x_wconf 78' lang='grc' dir='ltr'><strong><em>ιο.</em></strong></span> 
     </span>
     <span class='ocr_line' id='line_1_22' title="bbox 176 2275 1427 2369; baseline 0.006 -25"><span class='ocrx_word' id='word_1_163' title='bbox 176 2303 261 2344; x_wconf 92' lang='lat' dir='ltr'><strong><em>anno</em></strong></span> <span class='ocrx_word' id='word_1_164' title='bbox 298 2283 525 2347; x_wconf 84' lang='lat' dir='ltr'><strong><em>sexcentesimo</em></strong></span> <span class='ocrx_word' id='word_1_165' title='bbox 563 2284 684 2369; x_wconf 86' lang='lat' dir='ltr'><strong><em>quadra</em></strong></span> <span class='ocrx_word' id='word_1_166' title='bbox 706 2283 805 2346; x_wconf 83' lang='lat' dir='ltr'><strong><em>erimo</em></strong></span> <span class='ocrx_word' id='word_1_167' title='bbox 844 2289 968 2367; x_wconf 88' lang='lat' dir='ltr'><strong><em>quarto,</em></strong></span> <span class='ocrx_word' id='word_1_168' title='bbox 1002 2283 1273 2347; x_wconf 88' lang='lat' dir='ltr'><strong><em>reverentissimus</em></strong></span> <span class='ocrx_word' id='word_1_169' title='bbox 1289 2275 1427 2350; x_wconf 41' lang='lat'><strong><em>*92⁶⁴*</em></strong></span> 
     </span>
     <span class='ocr_line' id='line_1_23' title="bbox 176 2306 1404 2453; baseline 0.002 -23"><span class='ocrx_word' id='word_1_170' title='bbox 176 2373 270 2451; x_wconf 88' lang='lat' dir='ltr'><strong><em>pater</em></strong></span> <span class='ocrx_word' id='word_1_171' title='bbox 297 2368 458 2445; x_wconf 83' lang='lat' dir='ltr'><strong><em>Paulinus,</em></strong></span> <span class='ocrx_word' id='word_1_172' title='bbox 489 2370 648 2453; x_wconf 88' lang='lat' dir='ltr'><strong><em>quondam</em></strong></span> <span class='ocrx_word' id='word_1_173' title='bbox 684 2306 834 2453; x_wconf 64' lang='lat' dir='ltr'><strong><em>lquidem</em></strong></span> <span class='ocrx_word' id='word_1_174' title='bbox 864 2369 1084 2446; x_wconf 87' lang='lat' dir='ltr'><strong><em>Eburacensis,</em></strong></span> <span class='ocrx_word' id='word_1_175' title='bbox 1115 2370 1172 2432; x_wconf 85' lang='lat' dir='ltr'><strong><em>sed</em></strong></span> <span class='ocrx_word' id='word_1_176' title='bbox 1197 2339 1404 2451; x_wconf 48' lang='lat' dir='ltr'><strong><em>tunegfflllilm</em></strong></span> 
     </span>
    </p>

    <p class='ocr_par' dir='ltr' id='par_1_8' title="bbox 176 2451 1272 2539">
     <span class='ocr_line' id='line_1_24' title="bbox 176 2451 1272 2539; baseline 0.004 -25"><span class='ocrx_word' id='word_1_177' title='bbox 176 2451 345 2516; x_wconf 84' lang='lat' dir='ltr'><strong><em>Hrofensis</em></strong></span> <span class='ocrx_word' id='word_1_178' title='bbox 374 2453 539 2539; x_wconf 85' lang='lat' dir='ltr'><strong><em>episeopus</em></strong></span> <span class='ocrx_word' id='word_1_179' title='bbox 568 2454 716 2531; x_wconf 77' lang='lat' dir='ltr'><strong><em>civitatis,</em></strong></span> <span class='ocrx_word' id='word_1_180' title='bbox 743 2453 892 2519; x_wconf 73' lang='lat' dir='ltr'><strong><em>transivit</em></strong></span> <span class='ocrx_word' id='word_1_181' title='bbox 915 2455 958 2518; x_wconf 88' lang='lat' dir='ltr'><strong><em>ad</em></strong></span> <span class='ocrx_word' id='word_1_182' title='bbox 984 2454 1156 2517; x_wconf 90' lang='lat' dir='ltr'><strong><em>Dominum</em></strong></span> <span class='ocrx_word' id='word_1_183' title='bbox 1180 2461 1272 2518; x_wconf 85' lang='lat' dir='ltr'><strong><em>sexto</em></strong></span> 
     </span>
    </p>

    <p class='ocr_par' dir='ltr' id='par_1_9' title="bbox 175 2537 1271 2626">
     <span class='ocr_line' id='line_1_25' title="bbox 175 2537 1271 2626; baseline 0.005 -27"><span class='ocrx_word' id='word_1_184' title='bbox 175 2537 285 2601; x_wconf 91' lang='lat' dir='ltr'><strong><em>iduum</em></strong></span> <span class='ocrx_word' id='word_1_185' title='bbox 301 2541 487 2605; x_wconf 84' lang='lat' dir='ltr'><strong><em>Octobm&#39;um</em></strong></span> <span class='ocrx_word' id='word_1_186' title='bbox 511 2541 579 2605; x_wconf 90' lang='lat' dir='ltr'><strong><em>die:</em></strong></span> <span class='ocrx_word' id='word_1_187' title='bbox 613 2539 666 2626; x_wconf 91' lang='lat' dir='ltr'><strong><em>qui</em></strong></span> <span class='ocrx_word' id='word_1_188' title='bbox 693 2541 801 2604; x_wconf 85' lang='lat' dir='ltr'><strong><em>decem</em></strong></span> <span class='ocrx_word' id='word_1_189' title='bbox 827 2547 861 2605; x_wconf 85' lang='lat' dir='ltr'><strong><em>et</em></strong></span> <span class='ocrx_word' id='word_1_190' title='bbox 884 2563 996 2605; x_wconf 87' lang='lat' dir='ltr'><strong><em>novem</em></strong></span> <span class='ocrx_word' id='word_1_191' title='bbox 1018 2561 1130 2617; x_wconf 87' lang='lat' dir='ltr'><strong><em>annos,</em></strong></span> <span class='ocrx_word' id='word_1_192' title='bbox 1148 2561 1271 2605; x_wconf 86' lang='lat' dir='ltr'><strong><em>menses</em></strong></span> 
     </span>
    </p>

    <p class='ocr_par' dir='ltr' id='par_1_10' title="bbox 174 2623 1271 2712">
     <span class='ocr_line' id='line_1_26' title="bbox 174 2623 1271 2712; baseline 0.004 -26"><span class='ocrx_word' id='word_1_193' title='bbox 174 2623 263 2701; x_wconf 87' lang='lat' dir='ltr'><strong><em>duos,</em></strong></span> <span class='ocrx_word' id='word_1_194' title='bbox 280 2624 346 2689; x_wconf 87' lang='lat' dir='ltr'><strong><em>dies</em></strong></span> <span class='ocrx_word' id='word_1_195' title='bbox 361 2626 471 2711; x_wconf 85' lang='lat' dir='ltr'><strong><em>viginti</em></strong></span> <span class='ocrx_word' id='word_1_196' title='bbox 494 2649 591 2689; x_wconf 92' lang='lat' dir='ltr'><strong><em>unum</em></strong></span> <span class='ocrx_word' id='word_1_197' title='bbox 606 2626 823 2712; x_wconf 82' lang='lat' dir='ltr'><strong><em>episcopatum</em></strong></span> <span class='ocrx_word' id='word_1_198' title='bbox 844 2627 967 2700; x_wconf 78' lang='lat' dir='ltr'><strong><em>tenuit3</em></strong></span> <span class='ocrx_word' id='word_1_199' title='bbox 999 2627 1203 2712; x_wconf 78' lang='lat' dir='ltr'><strong><em>sepultusque</em></strong></span> <span class='ocrx_word' id='word_1_200' title='bbox 1220 2633 1271 2690; x_wconf 88' lang='lat' dir='ltr'><strong><em>est</em></strong></span> 
     </span>
    </p>

    <p class='ocr_par' dir='ltr' id='par_1_11' title="bbox 135 2709 1271 2882">
     <span class='ocr_line' id='line_1_27' title="bbox 135 2709 1271 2798; baseline 0.005 -28"><span class='ocrx_word' id='word_1_201' title='bbox 135 2709 207 2780; x_wconf 85' lang='lat' dir='ltr'><strong><em>15in</em></strong></span> <span class='ocrx_word' id='word_1_202' title='bbox 231 2709 416 2775; x_wconf 79' lang='lat' dir='ltr'><strong><em>lseerctario</em></strong></span> <span class='ocrx_word' id='word_1_203' title='bbox 437 2712 524 2776; x_wconf 85' lang='lat' dir='ltr'><strong><em>beati</em></strong></span> <span class='ocrx_word' id='word_1_204' title='bbox 545 2713 681 2798; x_wconf 89' lang='lat' dir='ltr'><strong><em>apostoli</em></strong></span> <span class='ocrx_word' id='word_1_205' title='bbox 697 2713 846 2788; x_wconf 87' lang='lat' dir='ltr'><strong><em>Andreae,</em></strong></span> <span class='ocrx_word' id='word_1_206' title='bbox 867 2714 952 2796; x_wconf 90' lang='lat' dir='ltr'><strong><em>quod</em></strong></span> <span class='ocrx_word' id='word_1_207' title='bbox 973 2734 1031 2774; x_wconf 88' lang='lat' dir='ltr'><strong><em>rex</em></strong></span> <span class='ocrx_word' id='word_1_208' title='bbox 1045 2712 1229 2775; x_wconf 84' lang='lat' dir='ltr'><strong><em>AEdilberct</em></strong></span> <span class='ocrx_word' id='word_1_209' title='bbox 1250 2734 1271 2775; x_wconf 91' lang='lat' dir='ltr'><strong><em>a</em></strong></span> 
     </span>
     <span class='ocr_line' id='line_1_28' title="bbox 174 2796 1269 2882; baseline 0.002 -26"><span class='ocrx_word' id='word_1_210' title='bbox 174 2796 388 2861; x_wconf 82' lang='lat' dir='ltr'><strong><em>fundamentis</em></strong></span> <span class='ocrx_word' id='word_1_211' title='bbox 414 2796 447 2860; x_wconf 90' lang='lat' dir='ltr'><strong><em>in</em></strong></span> <span class='ocrx_word' id='word_1_212' title='bbox 473 2798 584 2862; x_wconf 88' lang='lat' dir='ltr'><strong><em>eadem</em></strong></span> <span class='ocrx_word' id='word_1_213' title='bbox 609 2796 702 2863; x_wconf 86' lang='lat' dir='ltr'><strong><em>Hrofi</em></strong></span> <span class='ocrx_word' id='word_1_214' title='bbox 726 2797 856 2862; x_wconf 85' lang='lat' dir='ltr'><strong><em>civitate</em></strong></span> <span class='ocrx_word' id='word_1_215' title='bbox 881 2798 1069 2861; x_wconf 82' lang='lat' dir='ltr'><strong><em>construxit.</em></strong></span> <span class='ocrx_word' id='word_1_216' title='bbox 1116 2797 1154 2859; x_wconf 89' lang='lat' dir='ltr'><strong><em>In</em></strong></span> <span class='ocrx_word' id='word_1_217' title='bbox 1180 2797 1269 2882; x_wconf 90' lang='lat' dir='ltr'><strong><em>cujus</em></strong></span> 
     </span>
    </p>
   </div>
   <div class='ocr_carea' id='block_1_5' title="bbox 173 2881 1395 2969">
    <p class='ocr_par' dir='ltr' id='par_1_12' title="bbox 173 2881 1395 2969">
     <span class='ocr_line' id='line_1_29' title="bbox 173 2881 1395 2969; baseline 0.001 -27"><span class='ocrx_word' id='word_1_218' title='bbox 173 2881 278 2946; x_wconf 91' lang='lat' dir='ltr'><strong><em>locum</em></strong></span> <span class='ocrx_word' id='word_1_219' title='bbox 294 2882 457 2947; x_wconf 90' lang='lat' dir='ltr'><strong><em>Honorius</em></strong></span> <span class='ocrx_word' id='word_1_220' title='bbox 482 2884 735 2969; x_wconf 85' lang='lat' dir='ltr'><strong><em>archiepiscopus</em></strong></span> <span class='ocrx_word' id='word_1_221' title='bbox 753 2883 912 2947; x_wconf 89' lang='lat' dir='ltr'><strong><em>ordinavit</em></strong></span> <span class='ocrx_word' id='word_1_222' title='bbox 931 2884 1084 2959; x_wconf 84' lang='lat' dir='ltr'><strong><em>Ithamar,</em></strong></span> <span class='ocrx_word' id='word_1_223' title='bbox 1101 2883 1269 2945; x_wconf 87' lang='lat' dir='ltr'><strong><em>oriundum</em></strong></span> <span class='ocrx_word' id='word_1_224' title='bbox 1280 2896 1395 2944; x_wconf 73' lang='lat' dir='ltr'><strong><em>ithamar.</em></strong></span> 
     </span>
    </p>
   </div>
   <div class='ocr_carea' id='block_1_6' title="bbox 172 3015 1266 3165">
    <p class='ocr_par' dir='ltr' id='par_1_13' title="bbox 172 3015 1266 3165">
     <span class='ocr_line' id='line_1_30' title="bbox 205 3015 1266 3103; baseline 0.005 -17"><span class='ocrx_word' id='word_1_225' title='bbox 205 3039 311 3086; x_wconf 76' lang='lat' dir='ltr'><strong><em>esztsv.</em></strong></span> <span class='ocrx_word' id='word_1_226' title='bbox 379 3015 381 3020; x_wconf 76' lang='grc'><strong>’</strong></span> <span class='ocrx_word' id='word_1_227' title='bbox 428 3040 437 3073; x_wconf 70' lang='lat'><strong><em>¹1</em></strong></span> <span class='ocrx_word' id='word_1_228' title='bbox 450 3042 770 3103; x_wconf 70' lang='lat' dir='ltr'><strong><em>vnetnecapaganarege</em></strong></span> <span class='ocrx_word' id='word_1_229' title='bbox 784 3042 883 3097; x_wconf 74' lang='lat' dir='ltr'><strong><em>rena,</em></strong></span> <span class='ocrx_word' id='word_1_230' title='bbox 896 3041 990 3088; x_wconf 73' lang='lat' dir='ltr'><strong><em>erun.</em></strong></span> <span class='ocrx_word' id='word_1_231' title='bbox 1108 3042 1266 3091; x_wconf 64' lang='lat' dir='ltr'><strong><em>inensam.</em></strong></span> 
     </span>
     <span class='ocr_line' id='line_1_31' title="bbox 172 3104 812 3165; baseline 0 -14"><span class='ocrx_word' id='word_1_232' title='bbox 172 3105 323 3165; x_wconf 72' lang='lat' dir='ltr'><strong><em>kqucndam</em></strong></span> <span class='ocrx_word' id='word_1_233' title='bbox 337 3104 500 3153; x_wconf 80' lang='lat' dir='ltr'><strong><em>Eboraccnsis</em></strong></span> <span class='ocrx_word' id='word_1_234' title='bbox 512 3105 541 3154; x_wconf 92' lang='lat' dir='ltr'><strong><em>V.</em></strong></span> <span class='ocrx_word' id='word_1_235' title='bbox 640 3106 769 3153; x_wconf 83' lang='lat' dir='ltr'><strong><em>lsacrnric</em></strong></span> <span class='ocrx_word' id='word_1_236' title='bbox 783 3107 812 3152; x_wconf 90' lang='lat' dir='ltr'><strong><em>V.</em></strong></span> 
     </span>
    </p>
   </div>
   <div class='ocr_carea' id='block_1_7' title="bbox 164 3256 1268 4553">
    <p class='ocr_par' dir='ltr' id='par_1_14' title="bbox 172 3256 1267 3387">
     <span class='ocr_line' id='line_1_32' title="bbox 205 3256 1267 3321; baseline 0.008 -15"><span class='ocrx_word' id='word_1_237' title='bbox 205 3256 325 3320; x_wconf 57' lang='lat' dir='ltr'><strong><em>&amp;finden</em></strong></span> <span class='ocrx_word' id='word_1_238' title='bbox 342 3257 405 3321; x_wconf 80' lang='lat' dir='ltr'><strong><em>ejus]</em></strong></span> <span class='ocrx_word' id='word_1_239' title='bbox 430 3260 520 3307; x_wconf 85' lang='lat' dir='ltr'><strong><em>Nescio</em></strong></span> <span class='ocrx_word' id='word_1_240' title='bbox 539 3262 604 3307; x_wconf 74' lang='lat' dir='ltr'><strong><em>stude</em></strong></span> <span class='ocrx_word' id='word_1_241' title='bbox 624 3261 723 3320; x_wconf 73' lang='lat' dir='ltr'><strong><em>uiridem</em></strong></span> <span class='ocrx_word' id='word_1_242' title='bbox 746 3261 897 3321; x_wconf 80' lang='lat' dir='ltr'><strong><em>scripserunt</em></strong></span> <span class='ocrx_word' id='word_1_243' title='bbox 918 3263 1022 3310; x_wconf 88' lang='lat' dir='ltr'><strong><em>Osuium</em></strong></span> <span class='ocrx_word' id='word_1_244' title='bbox 1046 3264 1121 3312; x_wconf 81' lang='lat' dir='ltr'><strong><em>fuisse</em></strong></span> <span class='ocrx_word' id='word_1_245' title='bbox 1145 3266 1267 3314; x_wconf 82' lang='lat' dir='ltr'><strong><em>AEdilfridi</em></strong></span> 
     </span>
     <span class='ocr_line' id='line_1_33' title="bbox 172 3324 1209 3387; baseline 0.009 -18"><span class='ocrx_word' id='word_1_246' title='bbox 172 3324 248 3370; x_wconf 82' lang='lat' dir='ltr'><strong><em>filium</em></strong></span> <span class='ocrx_word' id='word_1_247' title='bbox 263 3326 373 3381; x_wconf 83' lang='lat' dir='ltr'><strong><em>nothum,</em></strong></span> <span class='ocrx_word' id='word_1_248' title='bbox 386 3332 472 3371; x_wconf 80' lang='lat' dir='ltr'><strong><em>contre</em></strong></span> <span class='ocrx_word' id='word_1_249' title='bbox 483 3339 581 3371; x_wconf 88' lang='lat' dir='ltr'><strong><em>omnem</em></strong></span> <span class='ocrx_word' id='word_1_250' title='bbox 596 3326 775 3372; x_wconf 78' lang='lat' dir='ltr'><strong><em>Historicorum</em></strong></span> <span class='ocrx_word' id='word_1_251' title='bbox 788 3326 835 3373; x_wconf 86' lang='lat' dir='ltr'><strong><em>fide</em></strong></span> <span class='ocrx_word' id='word_1_252' title='bbox 846 3327 974 3387; x_wconf 81' lang='lat' dir='ltr'><strong><em>dignorum</em></strong></span> <span class='ocrx_word' id='word_1_253' title='bbox 988 3330 1165 3377; x_wconf 66' lang='lat' dir='ltr'><strong><em>sustentantem.</em></strong></span> <span class='ocrx_word' id='word_1_254' title='bbox 1184 3332 1209 3378; x_wconf 90' lang='lat' dir='ltr'><strong><em>S.</em></strong></span> 
     </span>
    </p>

    <p class='ocr_par' dir='ltr' id='par_1_15' title="bbox 169 3388 1268 3643">
     <span class='ocr_line' id='line_1_34' title="bbox 203 3388 1267 3454; baseline 0.009 -20"><span class='ocrx_word' id='word_1_255' title='bbox 203 3402 228 3449; x_wconf 87' lang='lat'><strong><em>9.</em></strong></span> <span class='ocrx_word' id='word_1_256' title='bbox 244 3388 392 3449; x_wconf 67' lang='lat' dir='ltr'><strong><em>oidilvaldo]</em></strong></span> <span class='ocrx_word' id='word_1_257' title='bbox 415 3390 462 3436; x_wconf 86' lang='lat' dir='ltr'><strong><em>Hic</em></strong></span> <span class='ocrx_word' id='word_1_258' title='bbox 479 3405 522 3436; x_wconf 87' lang='lat' dir='ltr'><strong><em>rex</em></strong></span> <span class='ocrx_word' id='word_1_259' title='bbox 539 3390 587 3437; x_wconf 88' lang='lat' dir='ltr'><strong><em>fult</em></strong></span> <span class='ocrx_word' id='word_1_260' title='bbox 602 3390 693 3445; x_wconf 82' lang='lat' dir='ltr'><strong><em>Deirre,</em></strong></span> <span class='ocrx_word' id='word_1_261' title='bbox 712 3391 761 3436; x_wconf 88' lang='lat' dir='ltr'><strong><em>vid.</em></strong></span> <span class='ocrx_word' id='word_1_262' title='bbox 780 3392 837 3437; x_wconf 84' lang='lat' dir='ltr'><strong><em>infr.</em></strong></span> <span class='ocrx_word' id='word_1_263' title='bbox 856 3403 895 3449; x_wconf 87' lang='lat'><strong><em>23,</em></strong></span> <span class='ocrx_word' id='word_1_264' title='bbox 913 3399 938 3438; x_wconf 88' lang='lat' dir='ltr'><strong><em>ct</em></strong></span> <span class='ocrx_word' id='word_1_265' title='bbox 958 3408 972 3438; x_wconf 81' lang='lat' dir='ltr'><strong><em>a</em></strong></span> <span class='ocrx_word' id='word_1_266' title='bbox 993 3393 1141 3440; x_wconf 87' lang='lat' dir='ltr'><strong><em>Merciorum</em></strong></span> <span class='ocrx_word' id='word_1_267' title='bbox 1159 3398 1267 3454; x_wconf 77' lang='lat' dir='ltr'><strong><em>partibus</em></strong></span> 
     </span>
     <span class='ocr_line' id='line_1_35' title="bbox 170 3452 1267 3518; baseline 0.009 -19"><span class='ocrx_word' id='word_1_268' title='bbox 170 3454 240 3499; x_wconf 80' lang='lat' dir='ltr'><strong><em>stetit</em></strong></span> <span class='ocrx_word' id='word_1_269' title='bbox 256 3452 281 3498; x_wconf 87' lang='lat' dir='ltr'><strong><em>iu</em></strong></span> <span class='ocrx_word' id='word_1_270' title='bbox 301 3453 364 3500; x_wconf 88' lang='lat' dir='ltr'><strong><em>bello</em></strong></span> <span class='ocrx_word' id='word_1_271' title='bbox 379 3463 464 3501; x_wconf 82' lang='lat' dir='ltr'><strong><em>contra</em></strong></span> <span class='ocrx_word' id='word_1_272' title='bbox 476 3452 562 3513; x_wconf 76' lang='lat' dir='ltr'><strong><em>Osirin,</em></strong></span> <span class='ocrx_word' id='word_1_273' title='bbox 574 3454 603 3501; x_wconf 88' lang='lat' dir='ltr'><strong><em>A.</em></strong></span> <span class='ocrx_word' id='word_1_274' title='bbox 612 3455 644 3501; x_wconf 90' lang='lat' dir='ltr'><strong><em>D.</em></strong></span> <span class='ocrx_word' id='word_1_275' title='bbox 656 3453 714 3515; x_wconf 82' lang='lat'><strong><em>655,</em></strong></span> <span class='ocrx_word' id='word_1_276' title='bbox 727 3456 839 3515; x_wconf 79' lang='lat' dir='ltr'><strong><em>qiiemris</em></strong></span> <span class='ocrx_word' id='word_1_277' title='bbox 856 3470 882 3503; x_wconf 82' lang='lat' dir='ltr'><strong><em>sc</em></strong></span> <span class='ocrx_word' id='word_1_278' title='bbox 899 3471 986 3517; x_wconf 73' lang='lat' dir='ltr'><strong><em>pirgum</em></strong></span> <span class='ocrx_word' id='word_1_279' title='bbox 1004 3458 1133 3516; x_wconf 74' lang='lat' dir='ltr'><strong><em>subtraxit,</em></strong></span> <span class='ocrx_word' id='word_1_280' title='bbox 1151 3460 1207 3507; x_wconf 83' lang='lat' dir='ltr'><strong><em>infr.</em></strong></span> <span class='ocrx_word' id='word_1_281' title='bbox 1221 3476 1267 3518; x_wconf 77' lang='lat'><strong><em>24:</em></strong></span> 
     </span>
     <span class='ocr_line' id='line_1_36' title="bbox 169 3516 1268 3582; baseline 0.009 -19"><span class='ocrx_word' id='word_1_282' title='bbox 169 3518 235 3577; x_wconf 89' lang='lat' dir='ltr'><strong><em>qood</em></strong></span> <span class='ocrx_word' id='word_1_283' title='bbox 247 3516 337 3563; x_wconf 87' lang='lat' dir='ltr'><strong><em>iudicio</em></strong></span> <span class='ocrx_word' id='word_1_284' title='bbox 348 3526 385 3565; x_wconf 87' lang='lat' dir='ltr'><strong><em>est</em></strong></span> <span class='ocrx_word' id='word_1_285' title='bbox 396 3519 486 3565; x_wconf 83' lang='lat' dir='ltr'><strong><em>Deiras</em></strong></span> <span class='ocrx_word' id='word_1_286' title='bbox 496 3528 521 3566; x_wconf 86' lang='lat' dir='ltr'><strong><em>et</em></strong></span> <span class='ocrx_word' id='word_1_287' title='bbox 530 3519 656 3566; x_wconf 87' lang='lat' dir='ltr'><strong><em>Bernicios</em></strong></span> <span class='ocrx_word' id='word_1_288' title='bbox 668 3520 775 3567; x_wconf 88' lang='lat' dir='ltr'><strong><em>nondum</em></strong></span> <span class='ocrx_word' id='word_1_289' title='bbox 789 3520 887 3578; x_wconf 84' lang='lat' dir='ltr'><strong><em>penitus</em></strong></span> <span class='ocrx_word' id='word_1_290' title='bbox 898 3520 922 3566; x_wconf 87' lang='lat' dir='ltr'><strong><em>in</em></strong></span> <span class='ocrx_word' id='word_1_291' title='bbox 933 3536 1007 3568; x_wconf 88' lang='lat' dir='ltr'><strong><em>unum</em></strong></span> <span class='ocrx_word' id='word_1_292' title='bbox 1020 3524 1136 3582; x_wconf 86' lang='lat' dir='ltr'><strong><em>populum</em></strong></span> <span class='ocrx_word' id='word_1_293' title='bbox 1148 3526 1268 3573; x_wconf 82' lang='lat' dir='ltr'><strong><em>coaluisse</em></strong></span> 
     </span>
     <span class='ocr_line' id='line_1_37' title="bbox 171 3582 649 3643; baseline 0.008 -16"><span class='ocrx_word' id='word_1_294' title='bbox 171 3583 377 3640; x_wconf 82' lang='lat' dir='ltr'><strong><em>quemadmodum</em></strong></span> <span class='ocrx_word' id='word_1_295' title='bbox 390 3582 482 3629; x_wconf 87' lang='lat' dir='ltr'><strong><em>dictum</em></strong></span> <span class='ocrx_word' id='word_1_296' title='bbox 495 3592 532 3630; x_wconf 83' lang='lat' dir='ltr'><strong><em>est</em></strong></span> <span class='ocrx_word' id='word_1_297' title='bbox 543 3598 614 3643; x_wconf 77' lang='lat' dir='ltr'><strong><em>siiprs</em></strong></span> <span class='ocrx_word' id='word_1_298' title='bbox 627 3582 649 3631; x_wconf 82' lang='lat'><strong><em>6.</em></strong></span> 
     </span>
    </p>

    <p class='ocr_par' dir='ltr' id='par_1_16' title="bbox 169 3646 1266 4029">
     <span class='ocr_line' id='line_1_38' title="bbox 206 3646 1266 3716; baseline 0.009 -25"><span class='ocrx_word' id='word_1_299' title='bbox 206 3658 216 3690; x_wconf 86' lang='lat' dir='ltr'><strong><em>r</em></strong></span> <span class='ocrx_word' id='word_1_300' title='bbox 221 3660 243 3706; x_wconf 84' lang='lat'><strong><em>3.</em></strong></span> <span class='ocrx_word' id='word_1_301' title='bbox 256 3646 337 3693; x_wconf 87' lang='lat' dir='ltr'><strong><em>decem</em></strong></span> <span class='ocrx_word' id='word_1_302' title='bbox 348 3654 467 3693; x_wconf 75' lang='lat' dir='ltr'><strong><em>elnonem</em></strong></span> <span class='ocrx_word' id='word_1_303' title='bbox 479 3648 567 3708; x_wconf 83' lang='lat' dir='ltr'><strong><em>annor]</em></strong></span> <span class='ocrx_word' id='word_1_304' title='bbox 590 3647 693 3695; x_wconf 80' lang='lat' dir='ltr'><strong><em>Temere</em></strong></span> <span class='ocrx_word' id='word_1_305' title='bbox 706 3648 861 3707; x_wconf 77' lang='lat' dir='ltr'><strong><em>whartonus,</em></strong></span> <span class='ocrx_word' id='word_1_306' title='bbox 873 3650 937 3711; x_wconf 78' lang='lat' dir='ltr'><strong><em>Aug.</em></strong></span> <span class='ocrx_word' id='word_1_307' title='bbox 950 3651 1018 3697; x_wconf 80' lang='lat' dir='ltr'><strong><em>Sace.</em></strong></span> <span class='ocrx_word' id='word_1_308' title='bbox 1031 3650 1047 3697; x_wconf 93' lang='lat' dir='ltr'><strong><em>i.</em></strong></span> <span class='ocrx_word' id='word_1_309' title='bbox 1064 3666 1087 3712; x_wconf 84' lang='lat' dir='ltr'><strong><em>p.</em></strong></span> <span class='ocrx_word' id='word_1_310' title='bbox 1097 3665 1155 3716; x_wconf 83' lang='lat'><strong><em>329,</em></strong></span> <span class='ocrx_word' id='word_1_311' title='bbox 1173 3654 1266 3701; x_wconf 85' lang='lat' dir='ltr'><strong><em>Bedam</em></strong></span> 
     </span>
     <span class='ocr_line' id='line_1_39' title="bbox 170 3710 1264 3773; baseline 0.006 -17"><span class='ocrx_word' id='word_1_312' title='bbox 170 3710 209 3757; x_wconf 89' lang='lat' dir='ltr'><strong><em>hic</em></strong></span> <span class='ocrx_word' id='word_1_313' title='bbox 220 3711 389 3771; x_wconf 78' lang='lat' dir='ltr'><strong><em>corrigendum</em></strong></span> <span class='ocrx_word' id='word_1_314' title='bbox 410 3719 489 3771; x_wconf 79' lang='lat' dir='ltr'><strong><em>piitst.</em></strong></span> <span class='ocrx_word' id='word_1_315' title='bbox 501 3713 668 3759; x_wconf 84' lang='lat' dir='ltr'><strong><em>substituendo</em></strong></span> <span class='ocrx_word' id='word_1_316' title='bbox 679 3713 792 3759; x_wconf 87' lang='lat' dir='ltr'><strong><em>undecim</em></strong></span> <span class='ocrx_word' id='word_1_317' title='bbox 810 3728 888 3761; x_wconf 79' lang='lat' dir='ltr'><strong><em>annos</em></strong></span> <span class='ocrx_word' id='word_1_318' title='bbox 904 3730 948 3773; x_wconf 86' lang='lat' dir='ltr'><strong><em>pro</em></strong></span> <span class='ocrx_word' id='word_1_319' title='bbox 959 3715 1043 3762; x_wconf 84' lang='lat' dir='ltr'><strong><em>decem</em></strong></span> <span class='ocrx_word' id='word_1_320' title='bbox 1059 3724 1084 3764; x_wconf 87' lang='lat' dir='ltr'><strong><em>et</em></strong></span> <span class='ocrx_word' id='word_1_321' title='bbox 1096 3731 1199 3766; x_wconf 75' lang='lat' dir='ltr'><strong><em>novemr</em></strong></span> <span class='ocrx_word' id='word_1_322' title='bbox 1216 3734 1264 3764; x_wconf 91' lang='lat' dir='ltr'><strong><em>nou</em></strong></span> 
     </span>
     <span class='ocr_line' id='line_1_40' title="bbox 171 3775 1264 3840; baseline 0.007 -20"><span class='ocrx_word' id='word_1_323' title='bbox 171 3775 340 3821; x_wconf 80' lang='lat' dir='ltr'><strong><em>animadverso</em></strong></span> <span class='ocrx_word' id='word_1_324' title='bbox 352 3777 416 3835; x_wconf 92' lang='lat' dir='ltr'><strong><em>quod</em></strong></span> <span class='ocrx_word' id='word_1_325' title='bbox 433 3783 520 3836; x_wconf 72' lang='lat' dir='ltr'><strong><em>prater</em></strong></span> <span class='ocrx_word' id='word_1_326' title='bbox 532 3776 642 3824; x_wconf 79' lang='lat' dir='ltr'><strong><em>undecim</em></strong></span> <span class='ocrx_word' id='word_1_327' title='bbox 656 3792 733 3824; x_wconf 72' lang='lat' dir='ltr'><strong><em>cuniis</em></strong></span> <span class='ocrx_word' id='word_1_328' title='bbox 745 3779 833 3839; x_wconf 86' lang='lat' dir='ltr'><strong><em>quibus</em></strong></span> <span class='ocrx_word' id='word_1_329' title='bbox 845 3779 952 3838; x_wconf 76' lang='lat' dir='ltr'><strong><em>ecclesia</em></strong></span> <span class='ocrx_word' id='word_1_330' title='bbox 965 3779 1081 3826; x_wconf 83' lang='lat' dir='ltr'><strong><em>Hrofensi</em></strong></span> <span class='ocrx_word' id='word_1_331' title='bbox 1093 3784 1189 3840; x_wconf 76' lang='lat' dir='ltr'><strong><em>praefuit</em></strong></span> <span class='ocrx_word' id='word_1_332' title='bbox 1200 3782 1230 3828; x_wconf 83' lang='lat' dir='ltr'><strong><em>nb</em></strong></span> <span class='ocrx_word' id='word_1_333' title='bbox 1243 3799 1264 3828; x_wconf 85' lang='lat' dir='ltr'><strong><em>a.</em></strong></span> 
     </span>
     <span class='ocr_line' id='line_1_41' title="bbox 169 3836 1264 3904; baseline 0.006 -20"><span class='ocrx_word' id='word_1_334' title='bbox 169 3836 216 3897; x_wconf 70' lang='lat'><strong><em>633</em></strong></span> <span class='ocrx_word' id='word_1_335' title='bbox 231 3842 260 3884; x_wconf 83' lang='lat' dir='ltr'><strong><em>ad</em></strong></span> <span class='ocrx_word' id='word_1_336' title='bbox 273 3854 295 3886; x_wconf 82' lang='lat' dir='ltr'><strong><em>s.</em></strong></span> <span class='ocrx_word' id='word_1_337' title='bbox 307 3838 365 3897; x_wconf 81' lang='grc'><strong>644,</strong></span> <span class='ocrx_word' id='word_1_338' title='bbox 378 3840 520 3887; x_wconf 84' lang='lat' dir='ltr'><strong><em>effluxerant</em></strong></span> <span class='ocrx_word' id='word_1_339' title='bbox 531 3847 586 3887; x_wconf 87' lang='lat' dir='ltr'><strong><em>octo</em></strong></span> <span class='ocrx_word' id='word_1_340' title='bbox 598 3840 654 3887; x_wconf 86' lang='lat' dir='ltr'><strong><em>anui</em></strong></span> <span class='ocrx_word' id='word_1_341' title='bbox 667 3842 754 3900; x_wconf 83' lang='lat' dir='ltr'><strong><em>quibus</em></strong></span> <span class='ocrx_word' id='word_1_342' title='bbox 768 3843 883 3889; x_wconf 81' lang='lat' dir='ltr'><strong><em>Eburacae</em></strong></span> <span class='ocrx_word' id='word_1_343' title='bbox 900 3843 963 3889; x_wconf 87' lang='lat' dir='ltr'><strong><em>sedit</em></strong></span> <span class='ocrx_word' id='word_1_344' title='bbox 974 3843 1005 3890; x_wconf 87' lang='lat' dir='ltr'><strong><em>ab</em></strong></span> <span class='ocrx_word' id='word_1_345' title='bbox 1016 3860 1037 3890; x_wconf 80' lang='lat' dir='ltr'><strong><em>a</em></strong></span> <span class='ocrx_word' id='word_1_346' title='bbox 1051 3844 1108 3904; x_wconf 78' lang='lat'><strong><em>625,</em></strong></span> <span class='ocrx_word' id='word_1_347' title='bbox 1120 3846 1149 3891; x_wconf 85' lang='lat' dir='ltr'><strong><em>sd</em></strong></span> <span class='ocrx_word' id='word_1_348' title='bbox 1162 3855 1264 3892; x_wconf 88' lang='lat' dir='ltr'><strong><em>mortem</em></strong></span> 
     </span>
     <span class='ocr_line' id='line_1_42' title="bbox 170 3903 1266 3969; baseline 0.007 -21"><span class='ocrx_word' id='word_1_349' title='bbox 170 3903 269 3950; x_wconf 81' lang='lat' dir='ltr'><strong><em>AEduiui</em></strong></span> <span class='ocrx_word' id='word_1_350' title='bbox 283 3920 301 3951; x_wconf 92' lang='lat' dir='ltr'><strong><em>r.</em></strong></span> <span class='ocrx_word' id='word_1_351' title='bbox 314 3920 335 3951; x_wconf 82' lang='lat' dir='ltr'><strong><em>a</em></strong></span> <span class='ocrx_word' id='word_1_352' title='bbox 349 3904 404 3965; x_wconf 78' lang='lat'><strong><em>633.</em></strong></span> <span class='ocrx_word' id='word_1_353' title='bbox 443 3905 507 3952; x_wconf 79' lang='lat' dir='ltr'><strong><em>Beda</em></strong></span> <span class='ocrx_word' id='word_1_354' title='bbox 518 3905 583 3952; x_wconf 85' lang='lat' dir='ltr'><strong><em>euim</em></strong></span> <span class='ocrx_word' id='word_1_355' title='bbox 597 3919 644 3950; x_wconf 89' lang='lat' dir='ltr'><strong><em>non</em></strong></span> <span class='ocrx_word' id='word_1_356' title='bbox 657 3905 717 3953; x_wconf 87' lang='lat' dir='ltr'><strong><em>dicit</em></strong></span> <span class='ocrx_word' id='word_1_357' title='bbox 730 3920 758 3969; x_wconf 84' lang='lat'><strong><em>¹9</em></strong></span> <span class='ocrx_word' id='word_1_358' title='bbox 771 3920 849 3952; x_wconf 79' lang='lat' dir='ltr'><strong><em>annos</em></strong></span> <span class='ocrx_word' id='word_1_359' title='bbox 860 3906 949 3967; x_wconf 81' lang='lat' dir='ltr'><strong><em>quibus</em></strong></span> <span class='ocrx_word' id='word_1_360' title='bbox 961 3908 1011 3954; x_wconf 88' lang='lat' dir='ltr'><strong><em>sedi</em></strong></span> <span class='ocrx_word' id='word_1_361' title='bbox 1025 3909 1131 3969; x_wconf 71' lang='lat' dir='ltr'><strong><em>prefuit,</em></strong></span> <span class='ocrx_word' id='word_1_362' title='bbox 1143 3910 1266 3956; x_wconf 83' lang='lat' dir='ltr'><strong><em>uthmr-</em></strong></span> 
     </span>
     <span class='ocr_line' id='line_1_43' title="bbox 170 3968 871 4029; baseline 0.004 -16"><span class='ocrx_word' id='word_1_363' title='bbox 170 3974 244 4014; x_wconf 85' lang='lat' dir='ltr'><strong><em>tonus</em></strong></span> <span class='ocrx_word' id='word_1_364' title='bbox 256 3970 319 4015; x_wconf 79' lang='lat' dir='ltr'><strong><em>male</em></strong></span> <span class='ocrx_word' id='word_1_365' title='bbox 330 3968 398 4029; x_wconf 77' lang='lat' dir='ltr'><strong><em>legit,</em></strong></span> <span class='ocrx_word' id='word_1_366' title='bbox 411 3970 452 4016; x_wconf 85' lang='lat' dir='ltr'><strong><em>scd</em></strong></span> <span class='ocrx_word' id='word_1_367' title='bbox 464 3970 552 4029; x_wconf 86' lang='lat' dir='ltr'><strong><em>quibus</em></strong></span> <span class='ocrx_word' id='word_1_368' title='bbox 563 3971 727 4028; x_wconf 74' lang='lat' dir='ltr'><strong><em>episcopatum</em></strong></span> <span class='ocrx_word' id='word_1_369' title='bbox 741 3970 826 4016; x_wconf 85' lang='lat' dir='ltr'><strong><em>tenuit.</em></strong></span> <span class='ocrx_word' id='word_1_370' title='bbox 845 3971 871 4016; x_wconf 86' lang='lat' dir='ltr'><strong><em>S.</em></strong></span> 
     </span>
    </p>

    <p class='ocr_par' dir='ltr' id='par_1_17' title="bbox 166 4033 1265 4339">
     <span class='ocr_line' id='line_1_44' title="bbox 205 4033 1264 4094; baseline 0.008 -17"><span class='ocrx_word' id='word_1_371' title='bbox 205 4046 242 4091; x_wconf 84' lang='lat'><strong><em>14.</em></strong></span> <span class='ocrx_word' id='word_1_372' title='bbox 254 4033 375 4094; x_wconf 69' lang='lat' dir='ltr'><strong><em>sepultam]</em></strong></span> <span class='ocrx_word' id='word_1_373' title='bbox 393 4033 515 4093; x_wconf 82' lang='lat' dir='ltr'><strong><em>Tempore</em></strong></span> <span class='ocrx_word' id='word_1_374' title='bbox 530 4033 647 4079; x_wconf 84' lang='lat' dir='ltr'><strong><em>Gundulfi</em></strong></span> <span class='ocrx_word' id='word_1_375' title='bbox 664 4035 769 4094; x_wconf 78' lang='lat' dir='ltr'><strong><em>episcopi</em></strong></span> <span class='ocrx_word' id='word_1_376' title='bbox 783 4034 936 4081; x_wconf 83' lang='lat' dir='ltr'><strong><em>Lsnfrsncus</em></strong></span> <span class='ocrx_word' id='word_1_377' title='bbox 952 4035 1057 4094; x_wconf 82' lang='lat' dir='ltr'><strong><em>archiep.</em></strong></span> <span class='ocrx_word' id='word_1_378' title='bbox 1069 4044 1175 4084; x_wconf 82' lang='lat' dir='ltr'><strong><em>veterem</em></strong></span> <span class='ocrx_word' id='word_1_379' title='bbox 1187 4040 1264 4086; x_wconf 85' lang='lat' dir='ltr'><strong><em>ecclc-</em></strong></span> 
     </span>
     <span class='ocr_line' id='line_1_45' title="bbox 169 4096 1262 4159; baseline 0.008 -18"><span class='ocrx_word' id='word_1_380' title='bbox 169 4096 231 4143; x_wconf 83' lang='lat' dir='ltr'><strong><em>siam</em></strong></span> <span class='ocrx_word' id='word_1_381' title='bbox 249 4096 313 4144; x_wconf 81' lang='lat' dir='ltr'><strong><em>besti</em></strong></span> <span class='ocrx_word' id='word_1_382' title='bbox 325 4099 427 4145; x_wconf 74' lang='lat' dir='ltr'><strong><em>Andreae</em></strong></span> <span class='ocrx_word' id='word_1_383' title='bbox 444 4098 554 4144; x_wconf 83' lang='lat' dir='ltr'><strong><em>funditus</em></strong></span> <span class='ocrx_word' id='word_1_384' title='bbox 571 4098 700 4153; x_wconf 83' lang='lat' dir='ltr'><strong><em>destruxit,</em></strong></span> <span class='ocrx_word' id='word_1_385' title='bbox 714 4112 851 4159; x_wconf 78' lang='lat' dir='ltr'><strong><em>novemque</em></strong></span> <span class='ocrx_word' id='word_1_386' title='bbox 869 4098 994 4146; x_wconf 75' lang='lat' dir='ltr'><strong><em>basilicum</em></strong></span> <span class='ocrx_word' id='word_1_387' title='bbox 1012 4101 1129 4158; x_wconf 84' lang='lat' dir='ltr'><strong><em>condidit,</em></strong></span> <span class='ocrx_word' id='word_1_388' title='bbox 1142 4110 1167 4149; x_wconf 86' lang='lat' dir='ltr'><strong><em>et</em></strong></span> <span class='ocrx_word' id='word_1_389' title='bbox 1176 4117 1232 4150; x_wconf 81' lang='lat' dir='ltr'><strong><em>ossa</em></strong></span> <span class='ocrx_word' id='word_1_390' title='bbox 1244 4121 1262 4151; x_wconf 82' lang='lat' dir='ltr'><strong><em>s.</em></strong></span> 
     </span>
     <span class='ocr_line' id='line_1_46' title="bbox 168 4160 1265 4227; baseline 0.006 -20"><span class='ocrx_word' id='word_1_391' title='bbox 168 4160 265 4207; x_wconf 77' lang='lat' dir='ltr'><strong><em>Paulini</em></strong></span> <span class='ocrx_word' id='word_1_392' title='bbox 288 4162 318 4207; x_wconf 85' lang='lat' dir='ltr'><strong><em>de</em></strong></span> <span class='ocrx_word' id='word_1_393' title='bbox 338 4168 402 4209; x_wconf 80' lang='lat' dir='ltr'><strong><em>terra</em></strong></span> <span class='ocrx_word' id='word_1_394' title='bbox 420 4162 509 4216; x_wconf 77' lang='lat' dir='ltr'><strong><em>levata,</em></strong></span> <span class='ocrx_word' id='word_1_395' title='bbox 530 4163 556 4208; x_wconf 90' lang='lat' dir='ltr'><strong><em>in</em></strong></span> <span class='ocrx_word' id='word_1_396' title='bbox 580 4162 670 4209; x_wconf 84' lang='lat' dir='ltr'><strong><em>scrinio</em></strong></span> <span class='ocrx_word' id='word_1_397' title='bbox 690 4162 822 4209; x_wconf 88' lang='lat' dir='ltr'><strong><em>honorifice</em></strong></span> <span class='ocrx_word' id='word_1_398' title='bbox 842 4162 978 4210; x_wconf 78' lang='lat' dir='ltr'><strong><em>collocavit.</em></strong></span> <span class='ocrx_word' id='word_1_399' title='bbox 1013 4165 1114 4211; x_wconf 84' lang='lat' dir='ltr'><strong><em>Factum</em></strong></span> <span class='ocrx_word' id='word_1_400' title='bbox 1134 4166 1157 4212; x_wconf 91' lang='lat' dir='ltr'><strong><em>id</em></strong></span> <span class='ocrx_word' id='word_1_401' title='bbox 1178 4176 1265 4227; x_wconf 77' lang='lat' dir='ltr'><strong><em>quarto</em></strong></span> 
     </span>
     <span class='ocr_line' id='line_1_47' title="bbox 167 4225 1264 4288; baseline 0.008 -18"><span class='ocrx_word' id='word_1_402' title='bbox 167 4225 252 4272; x_wconf 90' lang='lat' dir='ltr'><strong><em>iduum</em></strong></span> <span class='ocrx_word' id='word_1_403' title='bbox 264 4225 394 4273; x_wconf 78' lang='lat' dir='ltr'><strong><em>Jsuuariis</em></strong></span> <span class='ocrx_word' id='word_1_404' title='bbox 412 4240 460 4286; x_wconf 90' lang='lat' dir='ltr'><strong><em>quo</em></strong></span> <span class='ocrx_word' id='word_1_405' title='bbox 471 4227 510 4273; x_wconf 88' lang='lat' dir='ltr'><strong><em>die</em></strong></span> <span class='ocrx_word' id='word_1_406' title='bbox 521 4227 547 4273; x_wconf 86' lang='lat' dir='ltr'><strong><em>iu</em></strong></span> <span class='ocrx_word' id='word_1_407' title='bbox 560 4226 661 4274; x_wconf 85' lang='lat' dir='ltr'><strong><em>ecclesia</em></strong></span> <span class='ocrx_word' id='word_1_408' title='bbox 673 4227 790 4274; x_wconf 84' lang='lat' dir='ltr'><strong><em>Hrofensi</em></strong></span> <span class='ocrx_word' id='word_1_409' title='bbox 807 4242 889 4273; x_wconf 82' lang='lat' dir='ltr'><strong><em>unnua</em></strong></span> <span class='ocrx_word' id='word_1_410' title='bbox 900 4226 952 4288; x_wconf 81' lang='lat' dir='ltr'><strong><em>eJ&#39;us</em></strong></span> <span class='ocrx_word' id='word_1_411' title='bbox 967 4229 1084 4276; x_wconf 84' lang='lat' dir='ltr'><strong><em>memoris</em></strong></span> <span class='ocrx_word' id='word_1_412' title='bbox 1095 4238 1159 4277; x_wconf 75' lang='lat' dir='ltr'><strong><em>stata</em></strong></span> <span class='ocrx_word' id='word_1_413' title='bbox 1175 4232 1264 4279; x_wconf 88' lang='lat' dir='ltr'><strong><em>solem-</em></strong></span> 
     </span>
     <span class='ocr_line' id='line_1_48' title="bbox 166 4289 537 4339; baseline 0.008 -4"><span class='ocrx_word' id='word_1_414' title='bbox 166 4290 245 4336; x_wconf 77' lang='lat' dir='ltr'><strong><em>nitate</em></strong></span> <span class='ocrx_word' id='word_1_415' title='bbox 257 4289 400 4338; x_wconf 81' lang='lat' dir='ltr'><strong><em>celebratur.</em></strong></span> <span class='ocrx_word' id='word_1_416' title='bbox 418 4292 443 4339; x_wconf 92' lang='lat' dir='ltr'><strong><em>S.</em></strong></span> <span class='ocrx_word' id='word_1_417' title='bbox 529 4291 537 4306; x_wconf 81' lang='lat'>⁸</span> 
     </span>
    </p>

    <p class='ocr_par' dir='ltr' id='par_1_18' title="bbox 199 4353 680 4416">
     <span class='ocr_line' id='line_1_49' title="bbox 199 4353 680 4416; baseline 0.002 -16"><span class='ocrx_word' id='word_1_418' title='bbox 199 4353 232 4400; x_wconf 92' lang='lat' dir='ltr'><strong><em>ib.</em></strong></span> <span class='ocrx_word' id='word_1_419' title='bbox 245 4368 291 4401; x_wconf 79' lang='lat' dir='ltr'><strong><em>res·</em></strong></span> <span class='ocrx_word' id='word_1_420' title='bbox 302 4355 450 4415; x_wconf 77' lang='lat' dir='ltr'><strong><em>AEdildcrcl]</em></strong></span> <span class='ocrx_word' id='word_1_421' title='bbox 466 4355 538 4403; x_wconf 80' lang='lat' dir='ltr'><strong><em>coni.</em></strong></span> <span class='ocrx_word' id='word_1_422' title='bbox 551 4370 605 4416; x_wconf 87' lang='lat' dir='ltr'><strong><em>sup.</em></strong></span> <span class='ocrx_word' id='word_1_423' title='bbox 616 4355 642 4401; x_wconf 87' lang='lat' dir='ltr'><strong><em>ii.</em></strong></span> <span class='ocrx_word' id='word_1_424' title='bbox 658 4370 680 4415; x_wconf 81' lang='lat'><strong><em>3.</em></strong></span> 
     </span>
    </p>

    <p class='ocr_par' dir='ltr' id='par_1_19' title="bbox 164 4417 1265 4553">
     <span class='ocr_line' id='line_1_50' title="bbox 202 4417 1265 4485; baseline 0.008 -21"><span class='ocrx_word' id='word_1_425' title='bbox 202 4417 379 4480; x_wconf 70' lang='lat' dir='ltr'><strong><em>inruemur]</em></strong></span> <span class='ocrx_word' id='word_1_426' title='bbox 401 4421 475 4466; x_wconf 89' lang='lat' dir='ltr'><strong><em>Hunc</em></strong></span> <span class='ocrx_word' id='word_1_427' title='bbox 492 4420 598 4480; x_wconf 83' lang='lat' dir='ltr'><strong><em>primum</em></strong></span> <span class='ocrx_word' id='word_1_428' title='bbox 616 4420 691 4467; x_wconf 82' lang='lat' dir='ltr'><strong><em>fuisse</em></strong></span> <span class='ocrx_word' id='word_1_429' title='bbox 702 4420 839 4483; x_wconf 71' lang='lat' dir='ltr'><strong><em>Anglorum</em></strong></span> <span class='ocrx_word' id='word_1_430' title='bbox 856 4422 885 4469; x_wconf 89' lang='lat' dir='ltr'><strong><em>dc</em></strong></span> <span class='ocrx_word' id='word_1_431' title='bbox 903 4436 991 4483; x_wconf 82' lang='lat' dir='ltr'><strong><em>genere</em></strong></span> <span class='ocrx_word' id='word_1_432' title='bbox 1002 4422 1141 4485; x_wconf 85' lang='lat' dir='ltr'><strong><em>episcopum</em></strong></span> <span class='ocrx_word' id='word_1_433' title='bbox 1154 4427 1265 4473; x_wconf 72' lang='lat' dir='ltr'><strong><em>animad-</em></strong></span> 
     </span>
     <span class='ocr_line' id='line_1_51' title="bbox 164 4482 693 4553; baseline 0.008 -26"><span class='ocrx_word' id='word_1_434' title='bbox 164 4482 240 4531; x_wconf 83' lang='lat' dir='ltr'><strong><em>vertit</em></strong></span> <span class='ocrx_word' id='word_1_435' title='bbox 251 4484 401 4531; x_wconf 84' lang='lat' dir='ltr'><strong><em>Whartonus</em></strong></span> <span class='ocrx_word' id='word_1_436' title='bbox 413 4483 486 4546; x_wconf 77' lang='lat' dir='ltr'><strong><em>Argi.</em></strong></span> <span class='ocrx_word' id='word_1_437' title='bbox 499 4484 565 4532; x_wconf 82' lang='lat' dir='ltr'><strong><em>Sscr.</em></strong></span> <span class='ocrx_word' id='word_1_438' title='bbox 577 4485 596 4553; x_wconf 69' lang='lat' dir='ltr'><strong><em>i{</em></strong></span> <span class='ocrx_word' id='word_1_439' title='bbox 606 4496 693 4547; x_wconf 56' lang='grc' dir='ltr'><strong><em>ΜΨ.</em></strong></span> 
     </span>
    </p>
   </div>
   <div class='ocr_carea' id='block_1_8' title="bbox 690 4552 744 4611">
    <p class='ocr_par' dir='ltr' id='par_1_20' title="bbox 690 4552 744 4611">
     <span class='ocr_line' id='line_1_52' title="bbox 690 4552 744 4611; baseline 0.019 -1"><span class='ocrx_word' id='word_1_440' title='bbox 690 4552 744 4611; x_wconf 67' lang='lat' dir='ltr'><strong><em>rt</em></strong></span> 
     </span>
    </p>
   </div>
   <div class='ocr_carea' id='block_1_9' title="bbox 0 0 1554 5125">
    <p class='ocr_par' dir='ltr' id='par_1_21' title="bbox 0 0 1554 5125">
     <span class='ocr_line' id='line_1_53' title="bbox 0 0 1554 5125; baseline 0 6"><span class='ocrx_word' id='word_1_441' title='bbox 0 0 1554 5125; x_wconf 95' lang='lat' dir='ltr'><strong><em> </em></strong></span> 
     </span>
    </p>
   </div>
  </div>
 </body>
</html>
