3100 5125
85 381 169 445 -4.
492 365 656 432 cruris
679 363 954 431 Auenoauu.
1014 461 1017 466 .
1210 368 1272 430 121

175 515 254 594 loca,
279 518 480 583 confluebant
506 520 548 583 ad
571 520 763 583 audiendum
786 522 916 584 verbum
939 519 1066 604 apopuli
1088 517 1273 603 gaudentes,

175 602 381 668 donabantur
400 627 529 668 munere
551 605 638 690 regio
658 606 880 690 possessiones,
897 613 930 669 et
949 604 1112 669 territoria
1125 603 1168 666 ad
1185 602 1274 666 insti-

151 710 165 758 5
176 689 295 753 tuenda
307 691 509 766 monasteria,
520 690 745 756 imbuebantur
758 691 1006 776 praeceptoribus
1018 690 1138 754 Scottis
1152 688 1274 772 parvuli

175 775 363 860 Anglorum‚
379 798 443 840 una
465 798 536 839 cum
557 777 730 861 majoribus
752 777 865 840 studiis
887 784 921 841 et
943 775 1163 840 observatione
1184 773 1274 837 disci·

174 859 267 943 plinae
283 861 446 946 regularis.

227 945 311 1010 Nam
333 948 478 1010 monachi
505 955 597 1012 erant
623 947 761 1011 maxime
784 948 837 1031 qui
859 949 901 1012 ad
923 946 1160 1032 praedicandum
1182 956 1412 1009 vene-Deusara

172 1038 257 1095 rant.
304 1033 482 1097 Monachus
497 1033 564 1118 ipse
578 1033 743 1118 episcopus
757 1035 882 1110 AEdau,
896 1040 1008 1117 utpote
1024 1033 1063 1095 de
1080 1032 1183 1094 insula
1201 1054 1271 1115 quae
1282 1022 1333 1070 ¹⁴³³·

173 1123 306 1181 vocatur
320 1118 407 1194 bHii‚
425 1119 623 1183 destinatus:
648 1121 736 1203 cujus
754 1118 981 1183 monasterium
999 1118 1032 1180 in
1049 1117 1171 1181 cunctis
1190 1139 1270 1200 pene

173 1203 467 1287 septentrionalium
483 1205 675 1281 Scottorum,
691 1212 725 1269 et
740 1205 879 1268 omniurn
892 1204 1056 1268 Pictorum
1070 1203 1271 1266 monasteriis

132 1309 164 1343 ιο
172 1309 237 1350 non
252 1311 350 1372 parvo
365 1296 508 1374 tempore
522 1313 627 1354 arcem
641 1291 782 1367 tenebat,
799 1290 1006 1375 regendisque
1022 1311 1130 1352 eorum
1148 1289 1270 1372 populis

171 1380 328 1458 praeerat:
353 1397 423 1459 quae
439 1375 583 1440 videlicet
604 1375 706 1439 insula
728 1377 770 1440 ad
788 1377 840 1459 jus
861 1376 987 1459 quidem
1011 1375 1178 1439 Brittaniae
1200 1396 1269 1458 per-

171 1457 264 1535 tinet,
280 1482 344 1523 non
358 1482 474 1546 magno
488 1463 530 1524 ab
542 1484 580 1525 ea
590 1461 673 1525 freto
685 1461 832 1537 discreta,
842 1462 899 1525 sed
910 1460 1081 1525 donatione
1094 1460 1268 1535 Pictorum,

171 1543 226 1628 qui
240 1544 310 1610 illas
325 1545 494 1610 Brittania
508 1547 618 1632 plagas
632 1547 782 1621 incolunt,
795 1547 984 1631 jamdudum
1001 1546 1163 1610 monachis
1179 1546 1268 1609 Scot-

169 1631 422 1708 torumtradita,
439 1633 578 1716 eoquod
599 1632 658 1696 illis
679 1632 927 1717 praedicantibus
941 1633 1036 1695 fidem
1059 1631 1176 1695 christi
1198 1652 1269 1715 per·

169 1716 320 1799 ceperint.

622 1803 725 1868 uAP.
752 1804 813 1867 IV.

129 1919 157 1966 ¹5
345 1908 458 1972 Quando
471 1927 535 1982 year
549 1907 691 1965 Pictorum
698 1911 783 1984 fidem
799 1909 902 1966 Christi
916 1909 1090 1984 ⁰pereeperit.

214 1999 367 2068 S1eu1oaru
382 2023 466 2065 anuo
482 2001 709 2065 incarnationis
723 2003 898 2067 Dominicae
911 2003 987 2087 quin
1027 2001 1163 2066 ntesimo
1179 2024 1267 2065 sexa-
1285 2011 1357 2060 Α.Ι).
1367 2015 1421 2074 565·

166 2083 288 2168 gesimo
315 2087 435 2171 quinto,
462 2108 523 2170 quo
549 2093 692 2172 tempore
717 2089 965 2173 gubernaculum
987 2025 1122 2152 {inani
1146 2087 1268 2172 imperii
1277 2078 1404 2126 Columba

166 2176 243 2254 post
256 2171 475 2236 Justinianum
490 2172 532 2235 dJ
534 2172 658 2236 ustinus
678 2174 781 2236 minor
800 2175 931 2259 accepit,
947 2174 1034 2238 venit
1053 2175 1093 2237 de
1111 2173 1268 2238 Hibernia

166 2258 335 2340 presbyter
357 2265 391 2322 et
414 2259 513 2322 abbas
535 2258 647 2322 habitu
670 2267 703 2324 et
725 2259 793 2324 rita
814 2260 960 2323 monachi
981 2259 1120 2344 insignis,
1142 2258 1268 2322 nomine

166 2341 331 2406 eOolurnlu
357 2343 560 2421 Brittaniam,
590 2346 821 2428 praedicaturus
850 2348 980 2409 verbum
1010 2345 1070 2408 Dei
1099 2344 1267 2428 provinciis

123 2439 158 2477 ²0
167 2428 462 2510 septentrionalium
486 2430 659 2508 Pictorum,
686 2433 746 2494 hoo
776 2438 835 2507 est,
866 2431 912 2495 eis
938 2453 1007 2515 quae
1037 2430 1144 2494 arduis
1169 2438 1267 2514 atque

165 2512 371 2579 horrentibus
385 2515 542 2580 montium
552 2517 647 2603 jugis,
660 2518 701 2581 ab
713 2517 905 2582 australibus
920 2538 1029 2581 eorum
1044 2522 1118 2579 suut
1133 2515 1267 2601 regioni·

199 2676 326 2723 ⁸veritam
334 2676 384 2724 Dei
394 2677 454 2725 V.G.
556 2676 764 2737 bHydeuinuau
776 2677 805 2723 V.
892 2677 1050 2737 esuscepeit
1062 2676 1091 2721 V.
1180 2674 1266 2722 daus.

165 2741 278 2787 ananus
290 2740 364 2788 Mori.
463 2742 660 2790 columbanus.
699 2742 832 2790 columban
844 2741 874 2788 V.

163 2883 189 2915 v.
202 2882 243 2927 ur,
255 2870 367 2929 quamvis
378 2869 420 2917 din
436 2877 508 2917 antea
523 2876 663 2917 constructa
674 2870 754 2917 inerat
768 2869 870 2916 eeclesia
888 2870 919 2916 ad
929 2868 1079 2915 Whithenru.
1114 2866 1181 2915 Tum
1198 2868 1265 2915 Beda

162 2938 277 2992 testetur,
290 2934 346 2982 infr.
363 2947 399 2996 ιγ.
412 2943 437 2983 et
449 2948 489 2995 25,
502 2934 580 2995 ipsam
591 2934 717 2982 eeclesiam
731 2933 955 2982 Lindisfsrnensem
971 2934 1002 2980 dc
1019 2933 1087 2993 liguo
1099 2940 1263 2979 constructam

164 2996 248 3045 fuisse.
283 2998 351 3048 Idem
370 3000 455 3047 suadet
472 3008 600 3059 paupertas
616 3007 641 3046 et
658 2999 737 3045 tenuis
749 2999 846 3045 risendi
857 2999 943 3045 modus
954 3000 1092 3044 Scottorum
1108 2999 1195 3044 horum
1212 2998 1263 3057 epi·

164 3075 303 3121 scoparum,
321 3062 378 3110 infr.
393 3064 431 3111 τό.
466 3064 544 3111 Erant
560 3072 641 3111 temen
658 3063 704 3110 hoc
721 3068 830 3123 tempore
846 3062 954 3110 eeclesioe
971 3063 1001 3109 de
1017 3062 1097 3121 lapide
1114 3061 1183 3108 fortae
1200 3062 1264 3108 inter

163 3124 267 3187 Anglos,
279 3134 307 3174 ut
318 3127 486 3186 Doroherniae,
498 3135 523 3175 et
534 3128 654 3176 Eburaci:
665 3134 691 3173 et
702 3134 786 3187 postea
799 3128 881 3174 multu
892 3126 950 3175 alibi
963 3127 1068 3173 iuenint
1091 3126 1163 3173 Cous.
1176 3126 1262 3173 infav.

164 3202 204 3237 21.
218 3198 244 3237 et
254 3191 304 3238 Vit.
319 3192 407 3239 Abbat.
421 3206 443 3253 5.
478 3193 524 3239 Sed
537 3192 614 3240 Scotti
626 3192 744 3239 australes
757 3200 834 3239 artem
849 3191 943 3253 lapides
958 3190 1091 3238 fabricandi
1107 3190 1174 3251 prius
1188 3190 1263 3237 habu-

162 3253 212 3301 isse
224 3256 346 3313 videntur,
358 3264 383 3305 et
398 3258 487 3305 domus
503 3257 623 3304 oratorias
640 3256 803 3303 construxisse
814 3256 844 3303 de
861 3256 941 3317 lapide
957 3255 1048 3315 absque
1064 3258 1131 3302 calce
1147 3256 1199 3302 sire
1216 3270 1262 3302 cu·

163 3326 257 3379 mento,
270 3335 338 3369 more
350 3322 450 3382 antiquo
461 3320 540 3382 qualis
552 3321 686 3383 Cyclopeus
699 3322 736 3367 vel
749 3320 888 3382 Pelasgicos
900 3334 1073 3380 nonnunquam
1085 3320 1181 3367 dieitur.
1205 3319 1261 3366 Vid.

161 3384 193 3430 de
204 3384 242 3431 his
256 3385 334 3433 Petris
346 3385 527 3433 Ecclesiastieal
540 3386 706 3433 Architecture
717 3386 746 3433 of
755 3386 863 3441 lrelaod,
874 3400 897 3445 p.
909 3396 965 3442 124,
978 3386 1023 3431 &a

194 3447 219 3495 8.
231 3450 314 3496 insula
326 3450 385 3511 Hii]
405 3450 456 3497 Est
472 3465 502 3496 eu
521 3452 596 3510 louge
607 3451 655 3497 duo
669 3451 748 3497 millia
761 3464 892 3511 pascuum,
904 3463 981 3510 cupra
992 3450 1059 3495 mille
1069 3451 1131 3495 latu
1160 3448 1206 3499 lu
1213 3449 1262 3495 duo

161 3515 315 3561 monasteria
330 3522 390 3562 suut
400 3514 524 3576 ficedula,
536 3529 613 3561 unum
627 3516 759 3574 nigrorum
770 3516 956 3571 monachorum,
967 3515 1039 3560 eliud
1049 3519 1195 3560 marterum
1209 3528 1261 3560 mcn

159 3578 270 3624 nicilum
281 3579 375 3626 ordinis
387 3594 405 3625 s.
419 3580 557 3638 Augustini
573 3581 698 3626 rochetum
710 3577 876 3640 deferentium
882 3599 891 3630 ,·
911 3584 935 3624 ei
951 3579 984 3624 ibi
1000 3578 1138 3639 rirsugium.
1171 3578 1261 3625 Monu-

159 3643 266 3689 eierium
285 3657 343 3689 uero
362 3646 548 3699 monachorum,
565 3644 692 3705 usquead
707 3650 803 3705 tempus
815 3658 837 3689 r.
856 3642 981 3689 Muleoimi
996 3644 1045 3688 ciri
1060 3657 1079 3687 c.
1093 3642 1260 3700 Margaretoe,

153 3704 213 3768 suit
225 3708 292 3753 lomes
302 3710 445 3769 sepulture,
458 3713 482 3753 ei
498 3709 565 3755 sedes
577 3710 671 3768 regulis
683 3710 874 3770 quodomnium
885 3721 975 3767 regum
987 3706 1087 3753 Scottus
1098 3712 1122 3751 et
1134 3706 1258 3752 I’ietiuioe.

159 3770 184 3817 d.
202 3770 274 3817 Ford.
294 3772 411 3819 Scotiuhr.
430 3773 456 3817 ii.
475 3786 495 3817 1.
535 3772 567 3818 In
585 3774 687 3819 eoeuobio
707 3775 785 3819 veteri
804 3772 827 3817 d.
849 3772 976 3828 Columba,
996 3772 1137 3817 insularum
1157 3770 1260 3830 epiceopi

158 3836 242 3882 sedan
250 3842 405 3897 statuerunt,
413 3844 494 3883 uetere
504 3837 624 3883 domicilio
633 3837 699 3899 quod
707 3840 800 3884 eratin
814 3836 938 3895 Eubouiu,
947 3836 964 3881 i.
971 3850 992 3881 e.
1003 3835 1120 3888 Maenia,
1129 3834 1160 3879 ab
1168 3834 1260 3892 Anglii

159 3906 240 3961 cupio.
282 3900 406 3947 Rnnuuet
424 3903 508 3947 adbuc
523 3902 589 3948 iuter
605 3908 699 3948 ueteres
716 3904 804 3949 rainae
823 3902 1006 3962 sepulchrorum
1027 3902 1077 3945 rive
1097 3900 1259 3944 emeterium

158 3978 290 4012 commune
297 3965 407 4011 munium
418 3966 535 4013 nobilium
540 3964 702 4027 familiarum
711 3980 766 4026 quoe
776 3968 803 4011 in
810 3964 1001 4012 occidentalibus
1009 3962 1096 4009 insulis
1104 3962 1257 4010 habitabunt.

160 4026 285 4076 Emeterii
295 4030 363 4077 inter
373 4036 472 4077 comos
483 4030 573 4077 tumuli
584 4036 643 4086 ires,
654 4032 755 4076 modieis
765 4030 904 4076 interuallis
914 4029 1042 4084 distantes,
1053 4027 1131 4073 tribus
1141 4028 1260 4087 impositis

157 4093 315 4140 domunculis
329 4095 356 4141 iu
367 4095 486 4141 orientem
497 4096 580 4142 verua
615 4094 647 4141 In
664 4094 811 4141 occidentali
826 4088 944 4153 cujusque
954 4097 1030 4152 porte
1046 4093 1109 4152 lupis
1125 4092 1259 4151 inscriptus

156 4170 263 4268 guorlgm
280 4159 595 4270 tumahusiptindicat.11n
606 4160 684 4269 magio
695 4165 731 4206 ert
743 4158 887 4270 ¹lt'uslguuus
900 4157 1008 4268 dem
1020 4156 1135 4266 Scorrul.
1154 4155 1257 4281 Inguae

168 4236 198 4267 ro
241 4234 325 4270 sunu
370 4236 399 4269 ro
420 4236 504 4271 nura.
555 4239 572 4271 u
588 4226 648 4271 sinis
659 4238 689 4269 ru
701 4237 779 4284 pure
816 4235 899 4269 sonu
942 4232 1081 4269 carrera.
1131 4236 1148 4267 n
1164 4236 1192 4266 re

156 4289 295 4333 cmucierio
311 4302 428 4345 emerem,
446 4290 519 4333 eluru
535 4290 705 4335 innumerorum
716 4286 825 4349 sumum
840 4288 931 4333 tabent
945 4301 993 4333 suu
1003 4287 1147 4332 conditoriu-
1166 4284 1257 4332 'Circa

155 4364 214 4397 eum
225 4365 270 4398 ser
277 4356 398 4412 prorimoe
409 4355 503 4410 insule,
516 4354 612 4413 exigue
623 4367 668 4400 uer
679 4358 762 4399 tamen
778 4353 936 4415 infoeeundu,
948 4351 979 4397 eh
991 4352 1101 4411 antiquis
1111 4350 1220 4410 regibus,
1232 4356 1257 4397 et

154 4416 331 4462 insulanorum
342 4419 437 4476 regulis
448 4418 549 4464 eoenotio
565 4418 684 4466 Columboe
695 4417 793 4465 deuote
797 4418 915 4480 ficerunt.
936 4415 1044 4463 Boeben.
1056 4417 1079 4462 S.

190 4490 230 4527 πο.
243 4482 364 4527 montium
373 4476 459 4543 jugis]
481 4482 568 4529 Monte
584 4482 708 4543 Grampio.
743 4482 819 4543 Cujus
832 4482 920 4543 jugum
932 4481 1076 4528 altissimum
1088 4479 1160 4527 hodie
1171 4481 1256 4527 Dium

152 4544 233 4601 albin,
246 4543 355 4592 Dorsum
367 4544 479 4595 Albionis
490 4547 631 4608 appellatur.
653 4550 676 4595 S.

199 4630 299 4671 BAEDA.
697 4633 717 4673 R
