3100 5125
436 363 654 427 HISTORIA
679 364 908 428 ABBATUM
932 365 989 431 duc.
1205 370 1270 436 317

168 513 270 598 gloria
293 511 463 575 candidum
486 513 518 597 ip
542 512 648 598 regnis
673 514 874 577 coelestibus:
902 516 1015 579 abnuit
1037 515 1152 580 liberos
1174 539 1269 583 carne

169 620 336 683 procreare
358 599 516 672 mortales,
532 598 777 682 praedestinatus
792 623 812 662 a
828 599 956 664 Christo
975 601 1017 663 ad
1040 601 1219 667 educandos
1240 604 1268 667 ei

170 683 326 768 spirituali
341 684 487 747 doctrina
500 684 582 747 filios
596 684 718 750 coelesti
731 684 764 746 in
779 685 846 748 vita
860 706 1022 769 perennes.

129 791 163 837 30
217 790 246 833 2.
264 769 404 834 Dimissa
414 791 490 854 ergo
505 770 611 853 patria
623 771 758 834 Romam
772 770 863 848 adiit,
874 772 1041 835 beatorum
1052 773 1268 856 apostolorum
1282 800 1430 863 [mm]

172 876 306 937 quorum
317 854 473 931 desiderio
488 876 614 939 semper
625 856 738 919 ardere
752 862 968 932 consueverat,
983 856 1101 921 eetiam
1115 857 1185 922 loca
1200 881 1267 923 cor·
1278 866 1381 941 Romam

170 962 284 1024 porum
298 940 507 1024 corporaliter
520 940 621 1003 visere
631 948 729 1024 atque
743 941 878 1005 adorare
893 941 1025 1006 curavit.
1059 943 1114 1005 Ad
1129 944 1268 1027 patriam
1277 944 1356 990 P'¹¹¹¹⁰
1366 931 1424 979 ’ὧι

170 1048 245 1089 mox
260 1047 413 1102 reversus,
429 1024 618 1088 fstudiosius
639 1048 678 1089 ea
698 1048 768 1109 quae
791 1026 870 1091 vidit
892 1026 1111 1092 ecclesiasticae
1133 1029 1267 1093 vitae-in-

171 1109 296 1187 stituta,
309 1110 446 1196 diligere,
456 1110 608 1189 venerari,
619 1118 653 1174 et
662 1110 775 1195 quibus
787 1112 893 1196 potuit
903 1113 1075 1196 praedicare
1086 1135 1150 1177 non
1161 1115 1264 1179 desiit.

172 1197 241 1275 Quo
263 1203 407 1280 tempore
430 1196 614 1260 Alehfridus
636 1196 809 1281 supradicti
831 1197 913 1282 regis
932 1197 1021 1264 Osuii
1042 1198 1124 1261 filius
1146 1200 1268 1285 etipse

130 1301 159 1349 35
170 1290 302 1366 propter
311 1282 475 1346 adoranda
485 1280 702 1365 apostolorum
712 1281 820 1346 limina
829 1282 965 1347 Romam
973 1283 1078 1348 venire
1088 1284 1266 1368 disponens,

170 1362 318 1431 comitem
333 1389 405 1430 eum
419 1367 560 1449 ejusdem
575 1366 698 1430 itineris
712 1367 847 1451 accepit.
884 1368 985 1447 Quem
1000 1390 1071 1431 cum
1085 1376 1178 1453 pater
1192 1392 1268 1434 suus

169 1454 211 1516 ab
237 1452 414 1516 intentione
441 1453 609 1515 memorati
634 1452 757 1516 itineris
783 1460 955 1530 revocaret,
979 1460 1078 1538 atque
1102 1455 1135 1517 in
1161 1456 1269 1539 patria

93 1550 208 1614 294ac
222 1560 320 1623 regno
335 1560 392 1600 suo
405 1539 524 1601 faceret
538 1537 686 1614 residere,
698 1537 899 1601 nihilominus
913 1538 981 1622 ipse
996 1547 1033 1603 ut
1047 1541 1139 1603 bonae
1154 1540 1267 1604 indolis

169 1623 360 1698 adolescens,
376 1630 517 1706 coeptum
539 1623 705 1687 confestim
726 1623 856 1707 explens
870 1624 942 1701 iter,
958 1646 1081 1688 summa
1103 1627 1161 1688 sub
1181 1626 1267 1689 festi·

169 1709 299 1773 natione
314 1710 450 1772 Romam
464 1708 569 1785 rediit,
584 1715 728 1792 tempore
742 1709 832 1792 cnjus
853 1730 949 1792 supra
964 1711 1085 1774 sbeatae
1107 1712 1266 1775 memoriae
1279 1726 1425 1789 [n.1).665.]

171 1793 329 1858 Vitaliani
355 1816 465 1879 papae3
501 1801 535 1857 et
561 1816 624 1857 non
650 1816 753 1877 pauca
779 1794 918 1857 scientiae
944 1794 1093 1859 salutaris
1119 1798 1267 1879 quemad-

170 1879 300 1942 modum
319 1887 353 1943 et
370 1880 458 1964 prius
480 1879 596 1943 hausta
618 1879 790 1955 dulcedine,
811 1889 885 1963 post
906 1901 1029 1943 menses
1051 1881 1172 1965 aliquot
1193 1881 1267 1945 inde

146 1965 350 2049 sdigrediens
374 1966 418 2029 ad
446 1965 580 2028 insulam
605 1964 811 2041 Lirinensem‚
836 1964 953 2027 ibidem
980 1987 1014 2029 se
1039 1967 1266 2030 monachorum

170 2050 268 2114 coetui
291 2050 435 2126 tradidit,
459 2056 624 2113 tonsuram
653 2050 785 2133 accepit,
806 2056 839 2113 et
863 2050 1062 2134 disciplinam
1090 2052 1266 2137 regularem

169 2136 317 2199 monaehi
329 2143 404 2200 voto
419 2135 589 2220 insignitus
603 2135 712 2199 debita
726 2156 798 2216 cum
813 2135 1021 2198 sollicitudine
1036 2137 1190 2201 servavit:
1211 2139 1266 2201 ubi

170 2243 228 2306 per
241 2221 402 2285 biennium
421 2221 534 2283 idonea
554 2221 738 2284 monasticae
757 2222 1004 2284 conversationis
1019 2222 1164 2286 doctrina
1179 2222 1268 2286 insti-

170 2313 270 2383 tutus,
294 2329 404 2369 rursus
433 2307 519 2369 beati
544 2306 633 2370 Petri
658 2305 874 2390 apostolorum
902 2306 1052 2392 principis
1081 2330 1188 2371 amore
1214 2309 1266 2372 de

169 2393 282 2466 victus,
300 2399 459 2455 sacratam
473 2393 541 2476 ejus
556 2413 689 2475 corpore
703 2392 865 2455 civit-atem
880 2391 1054 2476 hrepedare
1069 2393 1195 2457 statuit.

131 2504 163 2538 ιο
213 2498 243 2561 3.
265 2478 332 2540 Nec
346 2483 420 2561 post
437 2477 565 2561 longum
586 2476 773 2541 adveniente
795 2499 874 2540 nave
895 2478 1095 2554 mercatoria,
1111 2479 1425 2547 desiderarentur

169 2563 331 2628 satisfecit.
376 2564 426 2626 Eo
451 2571 560 2627 autem
584 2571 727 2646 tempore
755 2564 886 2626 miserat
909 2563 1105 2648 Ecgberctus
1128 2565 1266 2630 (lantuer

169 2649 288 2712 riorum
311 2672 368 2713 rex
386 2650 426 2712 de
441 2649 602 2712 Brittania
624 2649 759 2712 electum
781 2650 823 2711 ad
844 2647 1045 2748 episcopatus
1067 2650 1205 2713 officium
1223 2651 1287 2720 vi-,

169 2757 240 2797 rum
254 2735 380 2798 nomine
397 2734 607 2819 Vighardum‚
623 2735 677 2818 qui
699 2757 719 2798 a
734 2735 886 2798 Romanis
901 2735 987 2798 beati
1004 2735 1153 2819 Gregorii
1173 2759 1265 2820 papae

170 2820 330 2905 discipulis
344 2820 379 2883 in
394 2819 509 2884 Oantia
524 2821 628 2883 fuerat
643 2819 728 2882 omni
748 2819 962 2884 ecclesiastica
982 2819 1183 2884 institutione
1203 2822 1266 2885 suf·

169 2906 314 2970 ficienter
336 2906 489 2980 edoctus3
518 2904 646 2990 cupiens
670 2927 742 2968 eum
763 2905 824 2968 sibi
846 2905 956 2969 Romae
983 2905 1122 2969 ordinari
1145 2905 1264 2991 episco-

131 3013 254 3075 15pum‚
271 2999 427 3076 quatenus
441 3013 507 3056 suas
521 2990 627 3075 gentis
646 2997 681 3054 et
701 2991 817 3076 linguae
832 2991 952 3054 habens
967 2990 1155 3068 antistitem,
1172 2998 1266 3056 tanto

193 3077 340 3141 erfectius
363 3099 435 3140 cum
460 3076 611 3161 subjectis
636 3076 696 3140 sibi
721 3076 845 3160 populis
869 3075 917 3140 vel
941 3075 1045 3140 verbis
1071 3075 1267 3142 imbueretur

169 3100 243 3227 idei
259 3163 307 3227 vel
321 3162 497 3248 mysteriis;
526 3168 646 3245 quanto
661 3162 742 3225 lhaec
757 3184 821 3225 non
836 3184 893 3246 per
907 3161 1123 3246 interpretem,
1139 3164 1195 3226 sed
1209 3186 1267 3249 per

169 3246 318 3333 lcognati
341 3254 375 3312 et
396 3247 582 3312 contribulis
603 3246 662 3310 viri
683 3247 823 3332 linguam
845 3247 937 3311 simul
958 3269 1149 3332 manumque
1171 3249 1266 3312 susci-

169 3340 270 3416 peret.
315 3334 375 3413 Qui
391 3333 536 3397 videlicet
552 3332 736 3432 Vighardus
751 3333 887 3397 Romam
902 3333 1038 3410 veniens,
1055 3355 1126 3396 oum
1145 3334 1266 3398 cunctis

170 3418 224 3502 qui
246 3441 352 3482 secum
369 3440 481 3483 venere
503 3417 681 3494 comitibus,
703 3425 877 3502 antequam
902 3419 1037 3504 gradum
1062 3417 1266 3503 pontificatus

169 3505 354 3604 perciperet,
381 3506 492 3568 morbo
517 3504 684 3604 ingruente
710 3504 877 3603 defunctus
903 3511 961 3603 est.
1010 3504 1058 3566 At
1083 3526 1158 3567 vero
1183 3527 1267 3653 piapa

129 3591 370 3674 zoapostoheus,
386 3612 426 3653 ne
440 3590 603 3675 legatariis
622 3591 813 3653 obeuntibus
831 3590 950 3674 legatio
968 3589 1113 3674 religiosa
1127 3590 1190 3653 fide
1213 3613 1267 3654 um

203 3727 216 3756 θ
228 3724 252 3765 et
263 3719 293 3766 V.
394 3716 532 3765 ‘studiosus
543 3717 573 3764 V.
668 3728 683 3764 s
695 3725 803 3780 tempore
812 3719 962 3781 superbeato
973 3719 1004 3766 V.
1085 3718 1101 3757 h
1112 3724 1223 3780 repetere
1234 3718 1266 3766 V.

170 3779 178 3816 i
189 3785 242 3829 lsoer
250 3797 337 3844 serape
347 3798 397 3830 uon
402 3797 450 3844 per
462 3782 491 3829 V.
558 3783 571 3820 Β
585 3784 681 3843 cogniti
692 3782 723 3829 V.

202 3901 242 3948 30.
254 3888 328 3948 adiit]
351 3887 482 3934 Vilfridum
494 3886 589 3935 itineris
601 3887 693 3934 socium
705 3887 790 3934 babuit
800 3892 905 3934 testante
918 3886 991 3934 Bada
999 3901 1023 3933 v.
1035 3899 1072 3948 19.
1090 3889 1115 3934 S.

203 3965 242 4013 33.
255 3951 374 4013 tempore]
396 3952 534 3999 &oriudum
551 3953 598 3999 iter
614 3952 673 3999 fecit
684 3966 724 3998 au.
736 3949 792 4012 665.
816 3951 921 3998 Florent.
933 3950 1007 4012 Uuig.
1022 3951 1047 3998 S.
1081 3951 1156 3998 Primi
1168 3967 1267 4014 quoque

171 4015 266 4063 itineris
278 4024 373 4076 tempus
385 4016 472 4064 statuit
483 4016 629 4073 Florentius,
642 4032 730 4077 nernpe
739 4017 774 4063 A.
783 4017 816 4064 D.
828 4013 884 4076 653.

203 4093 227 4128 s.
238 4081 319 4141 cujus]
335 4081 394 4127 Hac
404 4081 488 4137 verba,
499 4075 570 4141 majus
581 4096 665 4143 supra,
674 4080 789 4128 videntur
799 4095 814 4126 a
825 4079 936 4140 margine
947 4079 972 4126 iu
984 4086 1077 4128 textum
1090 4089 1180 4127 temere
1190 4081 1266 4141 irrep-

169 4144 236 4192 sisse.
271 4146 389 4192 Nondum
400 4146 466 4193 enim
479 4145 626 4192 mentionem
639 4145 698 4192 fecit
710 4145 784 4192 Bada
795 4145 825 4192 de
837 4159 899 4204 papa
910 4144 1050 4202 Vitalian03
1066 4159 1121 4192 cum
1140 4144 1191 4192 ltaee
1207 4145 1265 4192 His-

169 4210 232 4256 toria
249 4209 340 4270 scripta
357 4209 404 4256 fuit
420 4216 477 4258 ante
494 4209 629 4257 Historiam
643 4209 854 4265 Ecclesiasticams
872 4209 936 4255 conf.
949 4223 1030 4268 snpra,
1043 4209 1073 4256 ad
1085 4207 1171 4266 iv.18;
1189 4223 1266 4270 neque

170 4287 232 4333 papa
242 4274 290 4321 fuit
301 4273 438 4321 Vitalianus
448 4288 478 4322 so
490 4282 599 4334 tempore
609 4288 658 4334 quo
671 4274 775 4334 primum
791 4274 895 4322 Romam
912 4273 973 4320 adiit
989 4273 1143 4332 Benedictus,
1154 4273 1267 4334 quamvis

168 4336 214 4385 boc
227 4338 364 4386 Florentius
375 4339 430 4400 Vig.
443 4345 543 4386 asserat.

202 4417 225 4462 5.
238 4403 406 4464 Innumeras]
436 4403 522 4451 Insula
538 4408 576 4449 est
592 4401 680 4450 Gallici
694 4402 767 4463 juris,
784 4399 849 4448 dicta
866 4400 939 4449 eliam
956 4401 1036 4449 insula
1050 4415 1069 4448 s.
1080 4401 1212 4468 Honorati,
1225 4402 1266 4450 ubi

169 4467 250 4514 nobile
259 4475 313 4515 erat
323 4468 459 4516 cenobium
472 4466 656 4514 monachorum.
679 4467 804 4514 Uuaraeus.
824 4466 850 4513 S.

200 4545 225 4595 9.
237 4532 367 4598 repedare]
385 4532 465 4581 Juxta
475 4532 549 4581 finem
561 4547 602 4580 an.
614 4530 671 4594 667,
682 4545 730 4594 quc
742 4529 860 4593 Uigbsrd.
872 4527 949 4589 obiit3
966 4528 1002 4576 iii.
1015 4543 1054 4592 ²9·
1073 4530 1107 4580 iv.
1118 4545 1139 4579 1.
1157 4529 1183 4578 S.
