<?xml version="1.0" encoding="UTF-8"?>
<!DOCTYPE html PUBLIC "-//W3C//DTD XHTML 1.0 Transitional//EN"
    "http://www.w3.org/TR/xhtml1/DTD/xhtml1-transitional.dtd">
<html xmlns="http://www.w3.org/1999/xhtml" xml:lang="en" lang="en">
 <head>
  <title>
</title>
<meta http-equiv="Content-Type" content="text/html;charset=utf-8" />
  <meta name='ocr-system' content='tesseract 3.04.00' />
  <meta name='ocr-capabilities' content='ocr_page ocr_carea ocr_par ocr_line ocrx_word'/>
</head>
<body>
  <div class='ocr_page' id='page_1' title='image "./historiaecclesi00hussgoog_0195.png"; bbox 0 0 3100 5125; ppageno 0'>
   <div class='ocr_carea' id='block_1_1' title="bbox 256 277 1434 368">
    <p class='ocr_par' dir='ltr' id='par_1_1' title="bbox 256 277 1434 368">
     <span class='ocr_line' id='line_1_1' title="bbox 256 277 1434 368; baseline -0.001 -24"><span class='ocrx_word' id='word_1_1' title='bbox 256 277 320 347; x_wconf 76' lang='lat'><strong><em>176</em></strong></span> <span class='ocrx_word' id='word_1_2' title='bbox 592 279 824 347; x_wconf 77' lang='lat' dir='ltr'><strong><em>memma</em></strong></span> <span class='ocrx_word' id='word_1_3' title='bbox 849 280 1027 348; x_wconf 78' lang='lat' dir='ltr'><strong><em>moetas.</em></strong></span> <span class='ocrx_word' id='word_1_4' title='bbox 1299 281 1370 346; x_wconf 87' lang='lat'><strong><em>111.</em></strong></span> <span class='ocrx_word' id='word_1_5' title='bbox 1384 301 1434 368; x_wconf 84' lang='lat'><strong><em>30.</em></strong></span> 
     </span>
    </p>
   </div>
   <div class='ocr_carea' id='block_1_2' title="bbox 247 433 1403 2918">
    <p class='ocr_par' dir='ltr' id='par_1_2' title="bbox 247 433 1403 2723">
     <span class='ocr_line' id='line_1_2' title="bbox 247 433 1387 520; baseline 0 -22"><span class='ocrx_word' id='word_1_6' title='bbox 247 433 363 520; x_wconf 75' lang='lat' dir='ltr'><strong><em>pimus,</em></strong></span> <span class='ocrx_word' id='word_1_7' title='bbox 384 433 559 518; x_wconf 70' lang='lat' dir='ltr'><strong><em>pratioeqao</em></strong></span> <span class='ocrx_word' id='word_1_8' title='bbox 583 435 612 498; x_wconf 85' lang='lat' dir='ltr'><strong><em>ei</em></strong></span> <span class='ocrx_word' id='word_1_9' title='bbox 633 433 760 519; x_wconf 76' lang='lat' dir='ltr'><strong><em>epirum,</em></strong></span> <span class='ocrx_word' id='word_1_10' title='bbox 787 454 826 498; x_wconf 84' lang='lat' dir='ltr'><strong><em>aa</em></strong></span> <span class='ocrx_word' id='word_1_11' title='bbox 844 454 905 518; x_wconf 88' lang='lat' dir='ltr'><strong><em>pro</em></strong></span> <span class='ocrx_word' id='word_1_12' title='bbox 927 433 990 517; x_wconf 70' lang='lat' dir='ltr'><strong><em>ooo</em></strong></span> <span class='ocrx_word' id='word_1_13' title='bbox 1012 433 1216 498; x_wconf 79' lang='lat' dir='ltr'><strong><em>iumlremitate</em></strong></span> <span class='ocrx_word' id='word_1_14' title='bbox 1235 433 1360 518; x_wconf 67' lang='lat' dir='ltr'><strong><em>iupiter</em></strong></span> <span class='ocrx_word' id='word_1_15' title='bbox 1384 450 1387 454; x_wconf 88' lang='grc'><strong><em>·</em></strong></span> 
     </span>
     <span class='ocr_line' id='line_1_3' title="bbox 253 518 1359 604; baseline -0.001 -21"><span class='ocrx_word' id='word_1_16' title='bbox 253 521 352 584; x_wconf 86' lang='lat' dir='ltr'><strong><em>Deum</em></strong></span> <span class='ocrx_word' id='word_1_17' title='bbox 376 518 573 604; x_wconf 86' lang='lat' dir='ltr'><strong><em>depreoamur</em></strong></span> <span class='ocrx_word' id='word_1_18' title='bbox 593 541 661 584; x_wconf 85' lang='lat' dir='ltr'><strong><em>eum</em></strong></span> <span class='ocrx_word' id='word_1_19' title='bbox 686 519 801 583; x_wconf 75' lang='lat' dir='ltr'><strong><em>Olrittti</em></strong></span> <span class='ocrx_word' id='word_1_20' title='bbox 820 519 906 584; x_wconf 86' lang='lat' dir='ltr'><strong><em>olera.</em></strong></span> <span class='ocrx_word' id='word_1_21' title='bbox 950 521 1061 604; x_wconf 82' lang='lat' dir='ltr'><strong><em>Itaque</em></strong></span> <span class='ocrx_word' id='word_1_22' title='bbox 1086 519 1141 604; x_wconf 86' lang='lat' dir='ltr'><strong><em>qui</em></strong></span> <span class='ocrx_word' id='word_1_23' title='bbox 1163 519 1227 584; x_wconf 81' lang='lat' dir='ltr'><strong><em>loma</em></strong></span> <span class='ocrx_word' id='word_1_24' title='bbox 1249 518 1359 583; x_wconf 79' lang='lat' dir='ltr'><strong><em>ouum</em></strong></span> 
     </span>
     <span class='ocr_line' id='line_1_4' title="bbox 254 603 1358 690; baseline 0 -22"><span class='ocrx_word' id='word_1_25' title='bbox 254 626 389 683; x_wconf 83' lang='lat' dir='ltr'><strong><em>mouera,</em></strong></span> <span class='ocrx_word' id='word_1_26' title='bbox 413 605 449 669; x_wconf 88' lang='lat' dir='ltr'><strong><em>de</em></strong></span> <span class='ocrx_word' id='word_1_27' title='bbox 470 605 528 670; x_wconf 85' lang='lat' dir='ltr'><strong><em>loo</em></strong></span> <span class='ocrx_word' id='word_1_28' title='bbox 547 603 715 670; x_wconf 77' lang='lat' dir='ltr'><strong><em>eultraotue</em></strong></span> <span class='ocrx_word' id='word_1_29' title='bbox 734 614 775 670; x_wconf 85' lang='lat' dir='ltr'><strong><em>eet</em></strong></span> <span class='ocrx_word' id='word_1_30' title='bbox 797 605 868 682; x_wconf 78' lang='lat' dir='ltr'><strong><em>luae,</em></strong></span> <span class='ocrx_word' id='word_1_31' title='bbox 890 604 1021 689; x_wconf 72' lang='lat' dir='ltr'><strong><em>emurque</em></strong></span> <span class='ocrx_word' id='word_1_32' title='bbox 1041 606 1086 668; x_wconf 89' lang='lat' dir='ltr'><strong><em>ad</em></strong></span> <span class='ocrx_word' id='word_1_33' title='bbox 1106 605 1216 668; x_wconf 91' lang='lat' dir='ltr'><strong><em>limiua</em></strong></span> <span class='ocrx_word' id='word_1_34' title='bbox 1237 614 1358 690; x_wconf 72' lang='lat' dir='ltr'><strong><em>aposto-</em></strong></span> 
     </span>
     <span class='ocr_line' id='line_1_5' title="bbox 255 689 1357 776; baseline 0 -22"><span class='ocrx_word' id='word_1_35' title='bbox 255 690 362 768; x_wconf 78' lang='lat' dir='ltr'><strong><em>lorum,</em></strong></span> <span class='ocrx_word' id='word_1_36' title='bbox 370 713 432 776; x_wconf 88' lang='lat' dir='ltr'><strong><em>pro</em></strong></span> <span class='ocrx_word' id='word_1_37' title='bbox 445 713 502 776; x_wconf 83' lang='lat' dir='ltr'><strong><em>quo</em></strong></span> <span class='ocrx_word' id='word_1_38' title='bbox 516 691 603 754; x_wconf 74' lang='lat' dir='ltr'><strong><em>ealle</em></strong></span> <span class='ocrx_word' id='word_1_39' title='bbox 615 713 717 754; x_wconf 87' lang='lat' dir='ltr'><strong><em>mmue</em></strong></span> <span class='ocrx_word' id='word_1_40' title='bbox 737 691 907 754; x_wconf 86' lang='lat' dir='ltr'><strong><em>ooutrietati</em></strong></span> <span class='ocrx_word' id='word_1_41' title='bbox 926 689 1015 754; x_wconf 76' lang='lat' dir='ltr'><strong><em>bouem</em></strong></span> <span class='ocrx_word' id='word_1_42' title='bbox 1031 690 1081 754; x_wconf 86' lang='lat' dir='ltr'><strong><em>lie</em></strong></span> <span class='ocrx_word' id='word_1_43' title='bbox 1096 701 1166 754; x_wconf 78' lang='lat' dir='ltr'><strong><em>aeret</em></strong></span> <span class='ocrx_word' id='word_1_44' title='bbox 1182 691 1357 773; x_wconf 76' lang='lat' dir='ltr'><strong><em>defamatur.</em></strong></span> 
     </span>
     <span class='ocr_line' id='line_1_6' title="bbox 262 775 1356 861; baseline 0.001 -22"><span class='ocrx_word' id='word_1_45' title='bbox 262 775 470 840; x_wconf 75' lang='lat' dir='ltr'><strong><em>Verumtamen</em></strong></span> <span class='ocrx_word' id='word_1_46' title='bbox 488 776 602 861; x_wconf 72' lang='lat' dir='ltr'><strong><em>perulis</em></strong></span> <span class='ocrx_word' id='word_1_47' title='bbox 622 777 732 840; x_wconf 84' lang='lat' dir='ltr'><strong><em>larum</em></strong></span> <span class='ocrx_word' id='word_1_48' title='bbox 752 787 924 841; x_wconf 74' lang='lat' dir='ltr'><strong><em>uestrarum</em></strong></span> <span class='ocrx_word' id='word_1_49' title='bbox 943 776 1104 840; x_wconf 89' lang='lat' dir='ltr'><strong><em>literarum</em></strong></span> <span class='ocrx_word' id='word_1_50' title='bbox 1122 777 1228 840; x_wconf 68' lang='lat' dir='ltr'><strong><em>restra</em></strong></span> <span class='ocrx_word' id='word_1_51' title='bbox 1246 776 1356 854; x_wconf 67' lang='lat' dir='ltr'><strong><em>mate,</em></strong></span> 
     </span>
     <span class='ocr_line' id='line_1_7' title="bbox 255 859 1399 946; baseline 0 -22"><span class='ocrx_word' id='word_1_52' title='bbox 255 859 411 944; x_wconf 78' lang='lat' dir='ltr'><strong><em>⁰leuefleiu</em></strong></span> <span class='ocrx_word' id='word_1_53' title='bbox 439 873 619 940; x_wconf 80' lang='lat' dir='ltr'><strong><em>martorum,</em></strong></span> <span class='ocrx_word' id='word_1_54' title='bbox 648 863 702 926; x_wconf 86' lang='lat' dir='ltr'><strong><em>loo</em></strong></span> <span class='ocrx_word' id='word_1_55' title='bbox 725 871 774 941; x_wconf 83' lang='lat' dir='ltr'><strong><em>oe,</em></strong></span> <span class='ocrx_word' id='word_1_56' title='bbox 803 862 949 946; x_wconf 78' lang='lat' dir='ltr'><strong><em>reliquiae</em></strong></span> <span class='ocrx_word' id='word_1_57' title='bbox 977 860 1127 925; x_wconf 81' lang='lat' dir='ltr'><strong><em>beatorum</em></strong></span> <span class='ocrx_word' id='word_1_58' title='bbox 1155 861 1357 946; x_wconf 74' lang='lat' dir='ltr'><strong><em>apmtomrmm</em></strong></span> <span class='ocrx_word' id='word_1_59' title='bbox 1367 889 1399 923; x_wconf 74' lang='grc' dir='ltr'><strong><em>1ο</em></strong></span> 
     </span>
     <span class='ocr_line' id='line_1_8' title="bbox 255 947 1358 1031; baseline 0 -21"><span class='ocrx_word' id='word_1_60' title='bbox 255 948 347 1011; x_wconf 92' lang='lat' dir='ltr'><strong><em>Petri</em></strong></span> <span class='ocrx_word' id='word_1_61' title='bbox 360 958 387 1012; x_wconf 92' lang='lat' dir='ltr'><strong><em>et</em></strong></span> <span class='ocrx_word' id='word_1_62' title='bbox 400 949 509 1025; x_wconf 87' lang='lat' dir='ltr'><strong><em>Pauli,</em></strong></span> <span class='ocrx_word' id='word_1_63' title='bbox 525 958 552 1012; x_wconf 91' lang='lat' dir='ltr'><strong><em>et</em></strong></span> <span class='ocrx_word' id='word_1_64' title='bbox 572 957 743 1012; x_wconf 76' lang='lat' dir='ltr'><strong><em>sauctorum</em></strong></span> <span class='ocrx_word' id='word_1_65' title='bbox 759 947 951 1031; x_wconf 68' lang='lat' dir='ltr'><strong><em>dmartyrum</em></strong></span> <span class='ocrx_word' id='word_1_66' title='bbox 965 948 1140 1019; x_wconf 70' lang='lat' dir='ltr'><strong><em>laureutii.</em></strong></span> <span class='ocrx_word' id='word_1_67' title='bbox 1155 947 1308 1011; x_wconf 71' lang='lat' dir='ltr'><strong><em>Jotoooa</em></strong></span> <span class='ocrx_word' id='word_1_68' title='bbox 1327 957 1358 1010; x_wconf 93' lang='lat' dir='ltr'><strong><em>et</em></strong></span> 
     </span>
     <span class='ocr_line' id='line_1_9' title="bbox 255 1031 1358 1120; baseline 0 -24"><span class='ocrx_word' id='word_1_69' title='bbox 255 1033 365 1110; x_wconf 87' lang='lat' dir='ltr'><strong><em>Pauli,</em></strong></span> <span class='ocrx_word' id='word_1_70' title='bbox 390 1043 417 1096; x_wconf 87' lang='lat' dir='ltr'><strong><em>et</em></strong></span> <span class='ocrx_word' id='word_1_71' title='bbox 444 1035 584 1118; x_wconf 53' lang='lat' dir='ltr'><strong><em>&amp;aporii</em></strong></span> <span class='ocrx_word' id='word_1_72' title='bbox 608 1044 697 1120; x_wconf 85' lang='lat' dir='ltr'><strong><em>atquo</em></strong></span> <span class='ocrx_word' id='word_1_73' title='bbox 720 1034 888 1098; x_wconf 88' lang='lat' dir='ltr'><strong><em>Pauaratii</em></strong></span> <span class='ocrx_word' id='word_1_74' title='bbox 916 1033 958 1096; x_wconf 82' lang='lat' dir='ltr'><strong><em>eit</em></strong></span> <span class='ocrx_word' id='word_1_75' title='bbox 978 1031 1112 1114; x_wconf 74' lang='lat' dir='ltr'><strong><em>ficimus</em></strong></span> <span class='ocrx_word' id='word_1_76' title='bbox 1140 1033 1223 1109; x_wconf 83' lang='lat' dir='ltr'><strong><em>dari,</em></strong></span> <span class='ocrx_word' id='word_1_77' title='bbox 1248 1043 1358 1096; x_wconf 80' lang='lat' dir='ltr'><strong><em>oeetroe</em></strong></span> 
     </span>
     <span class='ocr_line' id='line_1_10' title="bbox 255 1118 1358 1203; baseline 0.002 -24"><span class='ocrx_word' id='word_1_78' title='bbox 255 1118 434 1183; x_wconf 81' lang='lat' dir='ltr'><strong><em>euoelleutia</em></strong></span> <span class='ocrx_word' id='word_1_79' title='bbox 441 1121 575 1203; x_wconf 79' lang='lat' dir='ltr'><strong><em>proferto</em></strong></span> <span class='ocrx_word' id='word_1_80' title='bbox 590 1141 687 1184; x_wconf 77' lang='lat' dir='ltr'><strong><em>omues</em></strong></span> <span class='ocrx_word' id='word_1_81' title='bbox 701 1119 929 1184; x_wconf 81' lang='lat' dir='ltr'><strong><em>eoutradmdaa.</em></strong></span> <span class='ocrx_word' id='word_1_82' title='bbox 966 1119 1055 1181; x_wconf 89' lang='lat' dir='ltr'><strong><em>Nam</em></strong></span> <span class='ocrx_word' id='word_1_83' title='bbox 1068 1128 1095 1182; x_wconf 90' lang='lat' dir='ltr'><strong><em>et</em></strong></span> <span class='ocrx_word' id='word_1_84' title='bbox 1108 1119 1227 1202; x_wconf 70' lang='lat' dir='ltr'><strong><em>mujupi</em></strong></span> <span class='ocrx_word' id='word_1_85' title='bbox 1241 1128 1358 1196; x_wconf 82' lang='lat' dir='ltr'><strong><em>uestra,</em></strong></span> 
     </span>
     <span class='ocr_line' id='line_1_11' title="bbox 255 1204 1360 1290; baseline 0.002 -24"><span class='ocrx_word' id='word_1_86' title='bbox 255 1213 364 1268; x_wconf 81' lang='lat' dir='ltr'><strong><em>uottra</em></strong></span> <span class='ocrx_word' id='word_1_87' title='bbox 386 1206 524 1290; x_wconf 75' lang='lat' dir='ltr'><strong><em>optuma</em></strong></span> <span class='ocrx_word' id='word_1_88' title='bbox 539 1205 634 1286; x_wconf 77' lang='lat' dir='ltr'><strong><em>filia,</em></strong></span> <span class='ocrx_word' id='word_1_89' title='bbox 661 1206 827 1270; x_wconf 70' lang='lat' dir='ltr'><strong><em>diremimus</em></strong></span> <span class='ocrx_word' id='word_1_90' title='bbox 848 1227 910 1289; x_wconf 89' lang='lat' dir='ltr'><strong><em>per</em></strong></span> <span class='ocrx_word' id='word_1_91' title='bbox 926 1205 1080 1289; x_wconf 76' lang='lat' dir='ltr'><strong><em>prasatoe</em></strong></span> <span class='ocrx_word' id='word_1_92' title='bbox 1099 1204 1218 1288; x_wconf 72' lang='lat' dir='ltr'><strong><em>perulas</em></strong></span> <span class='ocrx_word' id='word_1_93' title='bbox 1240 1225 1360 1268; x_wconf 78' lang='lat' dir='ltr'><strong><em>ammam</em></strong></span> 
     </span>
     <span class='ocr_line' id='line_1_12' title="bbox 257 1287 1358 1374; baseline -0.001 -22"><span class='ocrx_word' id='word_1_94' title='bbox 257 1289 370 1354; x_wconf 84' lang='lat' dir='ltr'><strong><em>olorem</em></strong></span> <span class='ocrx_word' id='word_1_95' title='bbox 387 1313 513 1354; x_wconf 89' lang='lat' dir='ltr'><strong><em>auream</em></strong></span> <span class='ocrx_word' id='word_1_96' title='bbox 530 1290 679 1356; x_wconf 71' lang='lat' dir='ltr'><strong><em>totamm</em></strong></span> <span class='ocrx_word' id='word_1_97' title='bbox 696 1291 732 1355; x_wconf 87' lang='lat' dir='ltr'><strong><em>de</em></strong></span> <span class='ocrx_word' id='word_1_98' title='bbox 746 1290 960 1355; x_wconf 76' lang='lat' dir='ltr'><strong><em>sacratiorimie</em></strong></span> <span class='ocrx_word' id='word_1_99' title='bbox 974 1289 1104 1353; x_wconf 81' lang='lat' dir='ltr'><strong><em>oiueulie</em></strong></span> <span class='ocrx_word' id='word_1_100' title='bbox 1119 1287 1271 1352; x_wconf 79' lang='lat' dir='ltr'><strong><em>beatorum</em></strong></span> <span class='ocrx_word' id='word_1_101' title='bbox 1283 1311 1358 1374; x_wconf 79' lang='lat' dir='ltr'><strong><em>apo</em></strong></span> 
     </span>
     <span class='ocr_line' id='line_1_13' title="bbox 255 1374 1398 1461; baseline 0.004 -23"><span class='ocrx_word' id='word_1_102' title='bbox 255 1375 396 1438; x_wconf 80' lang='lat' dir='ltr'><strong><em>stolorum</em></strong></span> <span class='ocrx_word' id='word_1_103' title='bbox 410 1377 501 1440; x_wconf 88' lang='lat' dir='ltr'><strong><em>Petri</em></strong></span> <span class='ocrx_word' id='word_1_104' title='bbox 514 1385 542 1440; x_wconf 90' lang='lat' dir='ltr'><strong><em>et</em></strong></span> <span class='ocrx_word' id='word_1_105' title='bbox 556 1377 673 1440; x_wconf 89' lang='lat' dir='ltr'><strong><em>Pauli:</em></strong></span> <span class='ocrx_word' id='word_1_106' title='bbox 692 1377 729 1442; x_wconf 83' lang='lat' dir='ltr'><strong><em>do</em></strong></span> <span class='ocrx_word' id='word_1_107' title='bbox 743 1376 828 1459; x_wconf 74' lang='lat' dir='ltr'><strong><em>rupim</em></strong></span> <span class='ocrx_word' id='word_1_108' title='bbox 834 1377 892 1461; x_wconf 91' lang='lat' dir='ltr'><strong><em>pio</em></strong></span> <span class='ocrx_word' id='word_1_109' title='bbox 905 1374 1004 1438; x_wconf 71' lang='lat' dir='ltr'><strong><em>studio</em></strong></span> <span class='ocrx_word' id='word_1_110' title='bbox 1019 1385 1222 1459; x_wconf 75' lang='lat' dir='ltr'><strong><em>oopuoeeeutet,</em></strong></span> <span class='ocrx_word' id='word_1_111' title='bbox 1236 1383 1359 1438; x_wconf 87' lang='lat' dir='ltr'><strong><em>tautum</em></strong></span> <span class='ocrx_word' id='word_1_112' title='bbox 1369 1394 1398 1443; x_wconf 84' lang='lat'><strong><em>25</em></strong></span> 
     </span>
     <span class='ocr_line' id='line_1_14' title="bbox 256 1460 1360 1546; baseline 0 -22"><span class='ocrx_word' id='word_1_113' title='bbox 256 1469 364 1525; x_wconf 83' lang='lat' dir='ltr'><strong><em>omtota</em></strong></span> <span class='ocrx_word' id='word_1_114' title='bbox 376 1461 458 1526; x_wconf 76' lang='lat' dir='ltr'><strong><em>sedeo</em></strong></span> <span class='ocrx_word' id='word_1_115' title='bbox 472 1462 635 1546; x_wconf 70' lang='lat' dir='ltr'><strong><em>apostoliea</em></strong></span> <span class='ocrx_word' id='word_1_116' title='bbox 656 1483 719 1526; x_wconf 87' lang='lat' dir='ltr'><strong><em>mm</em></strong></span> <span class='ocrx_word' id='word_1_117' title='bbox 739 1460 890 1526; x_wconf 83' lang='lat' dir='ltr'><strong><em>uolieoum</em></strong></span> <span class='ocrx_word' id='word_1_118' title='bbox 903 1461 1036 1537; x_wconf 78' lang='lat' dir='ltr'><strong><em>letatur,</em></strong></span> <span class='ocrx_word' id='word_1_119' title='bbox 1051 1469 1198 1544; x_wconf 84' lang='lat' dir='ltr'><strong><em>quamtum</em></strong></span> <span class='ocrx_word' id='word_1_120' title='bbox 1216 1461 1280 1544; x_wconf 81' lang='lat' dir='ltr'><strong><em>ejus</em></strong></span> <span class='ocrx_word' id='word_1_121' title='bbox 1294 1461 1360 1546; x_wconf 88' lang='lat' dir='ltr'><strong><em>pia</em></strong></span> 
     </span>
     <span class='ocr_line' id='line_1_15' title="bbox 256 1546 1360 1632; baseline -0.001 -23"><span class='ocrx_word' id='word_1_122' title='bbox 256 1566 347 1632; x_wconf 89' lang='lat' dir='ltr'><strong><em>opero</em></strong></span> <span class='ocrx_word' id='word_1_123' title='bbox 368 1568 470 1612; x_wconf 86' lang='lat' dir='ltr'><strong><em>aorem</em></strong></span> <span class='ocrx_word' id='word_1_124' title='bbox 491 1549 556 1612; x_wconf 91' lang='lat' dir='ltr'><strong><em>Deo</em></strong></span> <span class='ocrx_word' id='word_1_125' title='bbox 578 1549 740 1632; x_wconf 67' lang='lat' dir='ltr'><strong><em>efrapraut</em></strong></span> <span class='ocrx_word' id='word_1_126' title='bbox 761 1557 788 1610; x_wconf 87' lang='lat' dir='ltr'><strong><em>et</em></strong></span> <span class='ocrx_word' id='word_1_127' title='bbox 809 1557 945 1611; x_wconf 84' lang='lat' dir='ltr'><strong><em>mmmut.</em></strong></span> <span class='ocrx_word' id='word_1_128' title='bbox 989 1547 1124 1610; x_wconf 72' lang='lat' dir='ltr'><strong><em>Fertiuet</em></strong></span> <span class='ocrx_word' id='word_1_129' title='bbox 1144 1546 1249 1630; x_wconf 72' lang='lat' dir='ltr'><strong><em>lpum,</em></strong></span> <span class='ocrx_word' id='word_1_130' title='bbox 1272 1568 1360 1630; x_wconf 84' lang='lat' dir='ltr'><strong><em>quoe-</em></strong></span> 
     </span>
     <span class='ocr_line' id='line_1_16' title="bbox 256 1631 1359 1717; baseline -0.001 -22"><span class='ocrx_word' id='word_1_131' title='bbox 256 1653 366 1710; x_wconf 83' lang='lat' dir='ltr'><strong><em>mmm,</em></strong></span> <span class='ocrx_word' id='word_1_132' title='bbox 392 1644 489 1698; x_wconf 85' lang='lat' dir='ltr'><strong><em>oeetra</em></strong></span> <span class='ocrx_word' id='word_1_133' title='bbox 514 1633 665 1712; x_wconf 72' lang='lat' dir='ltr'><strong><em>oeleituda</em></strong></span> <span class='ocrx_word' id='word_1_134' title='bbox 688 1643 722 1696; x_wconf 90' lang='lat' dir='ltr'><strong><em>ut</em></strong></span> <span class='ocrx_word' id='word_1_135' title='bbox 742 1642 887 1717; x_wconf 70' lang='lat' dir='ltr'><strong><em>optamus,</em></strong></span> <span class='ocrx_word' id='word_1_136' title='bbox 912 1641 1004 1696; x_wconf 86' lang='lat' dir='ltr'><strong><em>totam</em></strong></span> <span class='ocrx_word' id='word_1_137' title='bbox 1025 1652 1114 1694; x_wconf 80' lang='lat' dir='ltr'><strong><em>utam</em></strong></span> <span class='ocrx_word' id='word_1_138' title='bbox 1135 1631 1269 1695; x_wconf 76' lang='lat' dir='ltr'><strong><em>imolam</em></strong></span> <span class='ocrx_word' id='word_1_139' title='bbox 1290 1633 1359 1695; x_wconf 91' lang='lat' dir='ltr'><strong><em>Deo</em></strong></span> 
     </span>
     <span class='ocr_line' id='line_1_17' title="bbox 260 1716 1359 1802; baseline -0.003 -20"><span class='ocrx_word' id='word_1_140' title='bbox 260 1718 376 1782; x_wconf 77' lang='lat' dir='ltr'><strong><em>Olrieto</em></strong></span> <span class='ocrx_word' id='word_1_141' title='bbox 397 1719 510 1782; x_wconf 84' lang='lat' dir='ltr'><strong><em>diram.</em></strong></span> <span class='ocrx_word' id='word_1_142' title='bbox 554 1719 697 1802; x_wconf 72' lang='lat' dir='ltr'><strong><em>Propterto</em></strong></span> <span class='ocrx_word' id='word_1_143' title='bbox 719 1719 816 1784; x_wconf 78' lang='lat' dir='ltr'><strong><em>feuim</em></strong></span> <span class='ocrx_word' id='word_1_144' title='bbox 836 1716 921 1781; x_wconf 86' lang='lat' dir='ltr'><strong><em>lalet</em></strong></span> <span class='ocrx_word' id='word_1_145' title='bbox 935 1726 1140 1802; x_wconf 88' lang='lat' dir='ltr'><strong><em>proteotorem,</em></strong></span> <span class='ocrx_word' id='word_1_146' title='bbox 1162 1716 1290 1780; x_wconf 83' lang='lat' dir='ltr'><strong><em>lumaui</em></strong></span> <span class='ocrx_word' id='word_1_147' title='bbox 1308 1739 1359 1802; x_wconf 74' lang='lat' dir='ltr'><strong><em>pe-</em></strong></span> 
     </span>
     <span class='ocr_line' id='line_1_18' title="bbox 256 1802 1359 1890; baseline -0.001 -23"><span class='ocrx_word' id='word_1_148' title='bbox 256 1804 338 1868; x_wconf 84' lang='lat' dir='ltr'><strong><em>uerie</em></strong></span> <span class='ocrx_word' id='word_1_149' title='bbox 360 1805 571 1890; x_wconf 75' lang='lat' dir='ltr'><strong><em>redemptorem</em></strong></span> <span class='ocrx_word' id='word_1_150' title='bbox 595 1806 761 1870; x_wconf 88' lang='lat' dir='ltr'><strong><em>Domiuum</em></strong></span> <span class='ocrx_word' id='word_1_151' title='bbox 784 1813 919 1868; x_wconf 82' lang='lat' dir='ltr'><strong><em>metrum</em></strong></span> <span class='ocrx_word' id='word_1_152' title='bbox 939 1802 1045 1866; x_wconf 83' lang='lat' dir='ltr'><strong><em>Jeemm</em></strong></span> <span class='ocrx_word' id='word_1_153' title='bbox 1070 1802 1230 1879; x_wconf 77' lang='lat' dir='ltr'><strong><em>Olrittum,</em></strong></span> <span class='ocrx_word' id='word_1_154' title='bbox 1253 1803 1308 1886; x_wconf 85' lang='lat' dir='ltr'><strong><em>qui</em></strong></span> <span class='ocrx_word' id='word_1_155' title='bbox 1328 1803 1359 1866; x_wconf 88' lang='lat' dir='ltr'><strong><em>ei</em></strong></span> 
     </span>
     <span class='ocr_line' id='line_1_19' title="bbox 257 1888 1403 1974; baseline -0.007 -20"><span class='ocrx_word' id='word_1_156' title='bbox 257 1899 365 1954; x_wconf 86' lang='lat' dir='ltr'><strong><em>ouuota</em></strong></span> <span class='ocrx_word' id='word_1_157' title='bbox 379 1911 528 1974; x_wconf 76' lang='lat' dir='ltr'><strong><em>prospero</em></strong></span> <span class='ocrx_word' id='word_1_158' title='bbox 544 1891 703 1974; x_wconf 75' lang='lat' dir='ltr'><strong><em>impertiet,</em></strong></span> <span class='ocrx_word' id='word_1_159' title='bbox 717 1901 752 1955; x_wconf 91' lang='lat' dir='ltr'><strong><em>ut</em></strong></span> <span class='ocrx_word' id='word_1_160' title='bbox 770 1911 879 1954; x_wconf 81' lang='lat' dir='ltr'><strong><em>uorum</em></strong></span> <span class='ocrx_word' id='word_1_161' title='bbox 902 1888 1017 1952; x_wconf 75' lang='lat' dir='ltr'><strong><em>(llrieti</em></strong></span> <span class='ocrx_word' id='word_1_162' title='bbox 1031 1888 1181 1972; x_wconf 63' lang='lat' dir='ltr'><strong><em>popum</em></strong></span> <span class='ocrx_word' id='word_1_163' title='bbox 1200 1897 1403 1966; x_wconf 69' lang='lat' dir='ltr'><strong><em>materiatae</em></strong></span> 
     </span>
     <span class='ocr_line' id='line_1_20' title="bbox 257 1973 1360 2059; baseline 0 -21"><span class='ocrx_word' id='word_1_164' title='bbox 257 1974 434 2038; x_wconf 88' lang='lat' dir='ltr'><strong><em>eatlolioam</em></strong></span> <span class='ocrx_word' id='word_1_165' title='bbox 457 1975 502 2038; x_wconf 84' lang='lat' dir='ltr'><strong><em>ili</em></strong></span> <span class='ocrx_word' id='word_1_166' title='bbox 526 1985 553 2038; x_wconf 89' lang='lat' dir='ltr'><strong><em>et</em></strong></span> <span class='ocrx_word' id='word_1_167' title='bbox 577 1976 770 2059; x_wconf 76' lang='lat' dir='ltr'><strong><em>apostou‘eom</em></strong></span> <span class='ocrx_word' id='word_1_168' title='bbox 795 1975 970 2039; x_wconf 78' lang='lat' dir='ltr'><strong><em>emutduem</em></strong></span> <span class='ocrx_word' id='word_1_169' title='bbox 986 1973 1091 2056; x_wconf 73' lang='lat' dir='ltr'><strong><em>fidem.</em></strong></span> <span class='ocrx_word' id='word_1_170' title='bbox 1137 1973 1294 2057; x_wconf 78' lang='lat' dir='ltr'><strong><em>Sauptmu</em></strong></span> <span class='ocrx_word' id='word_1_171' title='bbox 1316 1983 1360 2038; x_wconf 80' lang='lat' dir='ltr'><strong><em>eu</em></strong></span> 
     </span>
     <span class='ocr_line' id='line_1_21' title="bbox 256 2059 1358 2147; baseline 0.001 -25"><span class='ocrx_word' id='word_1_172' title='bbox 256 2059 358 2122; x_wconf 89' lang='lat' dir='ltr'><strong><em>euim:</em></strong></span> <span class='ocrx_word' id='word_1_173' title='bbox 383 2060 523 2140; x_wconf 76' lang='lat' dir='ltr'><strong><em>Quaerite</em></strong></span> <span class='ocrx_word' id='word_1_174' title='bbox 536 2060 673 2143; x_wconf 90' lang='lat' dir='ltr'><strong><em>primum</em></strong></span> <span class='ocrx_word' id='word_1_175' title='bbox 684 2083 818 2147; x_wconf 84' lang='lat' dir='ltr'><strong><em>regnum</em></strong></span> <span class='ocrx_word' id='word_1_176' title='bbox 833 2060 902 2137; x_wconf 81' lang='lat' dir='ltr'><strong><em>Dei,</em></strong></span> <span class='ocrx_word' id='word_1_177' title='bbox 917 2066 952 2125; x_wconf 81' lang='lat' dir='ltr'><strong><em>et</em></strong></span> <span class='ocrx_word' id='word_1_178' title='bbox 968 2059 1129 2142; x_wconf 82' lang='lat' dir='ltr'><strong><em>justitiam</em></strong></span> <span class='ocrx_word' id='word_1_179' title='bbox 1142 2059 1222 2142; x_wconf 82' lang='lat' dir='ltr'><strong><em>ejus,</em></strong></span> <span class='ocrx_word' id='word_1_180' title='bbox 1238 2070 1273 2122; x_wconf 85' lang='lat' dir='ltr'><strong><em>et</em></strong></span> <span class='ocrx_word' id='word_1_181' title='bbox 1287 2059 1358 2123; x_wconf 79' lang='lat' dir='ltr'><strong><em>haeo</em></strong></span> 
     </span>
     <span class='ocr_line' id='line_1_22' title="bbox 258 2144 1358 2229; baseline 0.002 -23"><span class='ocrx_word' id='word_1_182' title='bbox 258 2144 365 2208; x_wconf 87' lang='lat' dir='ltr'><strong><em>omnia</em></strong></span> <span class='ocrx_word' id='word_1_183' title='bbox 393 2145 582 2229; x_wconf 88' lang='lat' dir='ltr'><strong><em>adjioientur</em></strong></span> <span class='ocrx_word' id='word_1_184' title='bbox 605 2146 702 2210; x_wconf 79' lang='lat' dir='ltr'><strong><em>vobis.</em></strong></span> <span class='ocrx_word' id='word_1_185' title='bbox 746 2147 911 2210; x_wconf 85' lang='lat' dir='ltr'><strong><em>Nimirum</em></strong></span> <span class='ocrx_word' id='word_1_186' title='bbox 937 2146 1017 2210; x_wconf 90' lang='lat' dir='ltr'><strong><em>euim</em></strong></span> <span class='ocrx_word' id='word_1_187' title='bbox 1042 2145 1182 2229; x_wconf 79' lang='lat' dir='ltr'><strong><em>tquarit,</em></strong></span> <span class='ocrx_word' id='word_1_188' title='bbox 1207 2155 1235 2208; x_wconf 89' lang='lat' dir='ltr'><strong><em>et</em></strong></span> <span class='ocrx_word' id='word_1_189' title='bbox 1263 2145 1358 2228; x_wconf 87' lang='lat' dir='ltr'><strong><em>impe·</em></strong></span> 
     </span>
     <span class='ocr_line' id='line_1_23' title="bbox 257 2228 1359 2316; baseline 0.002 -24"><span class='ocrx_word' id='word_1_190' title='bbox 257 2230 360 2307; x_wconf 78' lang='lat' dir='ltr'><strong><em>travit,</em></strong></span> <span class='ocrx_word' id='word_1_191' title='bbox 376 2238 404 2293; x_wconf 86' lang='lat' dir='ltr'><strong><em>et</em></strong></span> <span class='ocrx_word' id='word_1_192' title='bbox 423 2232 451 2294; x_wconf 93' lang='lat' dir='ltr'><strong><em>ei</em></strong></span> <span class='ocrx_word' id='word_1_193' title='bbox 470 2253 566 2294; x_wconf 81' lang='lat' dir='ltr'><strong><em>omuee</em></strong></span> <span class='ocrx_word' id='word_1_194' title='bbox 578 2253 642 2295; x_wconf 76' lang='lat' dir='ltr'><strong><em>aaa</em></strong></span> <span class='ocrx_word' id='word_1_195' title='bbox 656 2231 774 2311; x_wconf 82' lang='lat' dir='ltr'><strong><em>iueulce,</em></strong></span> <span class='ocrx_word' id='word_1_196' title='bbox 790 2242 824 2296; x_wconf 88' lang='lat' dir='ltr'><strong><em>ot</em></strong></span> <span class='ocrx_word' id='word_1_197' title='bbox 843 2241 988 2316; x_wconf 77' lang='lat' dir='ltr'><strong><em>optamue,</em></strong></span> <span class='ocrx_word' id='word_1_198' title='bbox 1002 2228 1174 2294; x_wconf 83' lang='lat' dir='ltr'><strong><em>euldeotur.</em></strong></span> <span class='ocrx_word' id='word_1_199' title='bbox 1220 2231 1359 2294; x_wconf 81' lang='lat' dir='ltr'><strong><em>Peterem</em></strong></span> 
     </span>
     <span class='ocr_line' id='line_1_24' title="bbox 257 2315 1361 2399; baseline -0.001 -21"><span class='ocrx_word' id='word_1_200' title='bbox 257 2315 359 2399; x_wconf 86' lang='lat' dir='ltr'><strong><em>itaque</em></strong></span> <span class='ocrx_word' id='word_1_201' title='bbox 373 2317 482 2398; x_wconf 82' lang='lat' dir='ltr'><strong><em>affeetu</em></strong></span> <span class='ocrx_word' id='word_1_202' title='bbox 495 2317 658 2382; x_wconf 70' lang='lat' dir='ltr'><strong><em>salutariter</em></strong></span> <span class='ocrx_word' id='word_1_203' title='bbox 671 2329 800 2384; x_wconf 76' lang='lat' dir='ltr'><strong><em>uestram</em></strong></span> <span class='ocrx_word' id='word_1_204' title='bbox 814 2316 1026 2393; x_wconf 80' lang='lat' dir='ltr'><strong><em>eamlleutiam,</em></strong></span> <span class='ocrx_word' id='word_1_205' title='bbox 1042 2316 1182 2380; x_wconf 79' lang='lat' dir='ltr'><strong><em>dirimam</em></strong></span> <span class='ocrx_word' id='word_1_206' title='bbox 1192 2337 1361 2399; x_wconf 83' lang='lat' dir='ltr'><strong><em>proeamm</em></strong></span> 
     </span>
     <span class='ocr_line' id='line_1_25' title="bbox 252 2399 1400 2551; baseline 0 -88"><span class='ocrx_word' id='word_1_207' title='bbox 252 2402 369 2485; x_wconf 76' lang='lat' dir='ltr'><strong><em>jupiter</em></strong></span> <span class='ocrx_word' id='word_1_208' title='bbox 394 2401 586 2481; x_wconf 71' lang='lat' dir='ltr'><strong><em>mamertium,</em></strong></span> <span class='ocrx_word' id='word_1_209' title='bbox 592 2425 678 2551; x_wconf 60' lang='lat' dir='ltr'><strong><em>Juoe</em></strong></span> <span class='ocrx_word' id='word_1_210' title='bbox 698 2426 748 2468; x_wconf 78' lang='lat' dir='ltr'><strong><em>ooo</em></strong></span> <span class='ocrx_word' id='word_1_211' title='bbox 767 2413 929 2487; x_wconf 71' lang='lat' dir='ltr'><strong><em>emmaque</em></strong></span> <span class='ocrx_word' id='word_1_212' title='bbox 949 2423 1046 2466; x_wconf 83' lang='lat' dir='ltr'><strong><em>muuee</em></strong></span> <span class='ocrx_word' id='word_1_213' title='bbox 1067 2402 1101 2464; x_wconf 90' lang='lat' dir='ltr'><strong><em>iu</em></strong></span> <span class='ocrx_word' id='word_1_214' title='bbox 1121 2399 1256 2464; x_wconf 75' lang='lat' dir='ltr'><strong><em>ommim</em></strong></span> <span class='ocrx_word' id='word_1_215' title='bbox 1277 2399 1400 2472; x_wconf 80' lang='lat' dir='ltr'><strong><em>louie35</em></strong></span> 
     </span>
     <span class='ocr_line' id='line_1_26' title="bbox 259 2485 1361 2575; baseline -0.001 -25"><span class='ocrx_word' id='word_1_216' title='bbox 259 2486 395 2571; x_wconf 74' lang='lat' dir='ltr'><strong><em>aprorilue</em></strong></span> <span class='ocrx_word' id='word_1_217' title='bbox 416 2489 570 2552; x_wconf 78' lang='lat' dir='ltr'><strong><em>auriliari</em></strong></span> <span class='ocrx_word' id='word_1_218' title='bbox 614 2490 741 2575; x_wconf 76' lang='lat' dir='ltr'><strong><em>ipuetur,</em></strong></span> <span class='ocrx_word' id='word_1_219' title='bbox 764 2500 799 2553; x_wconf 91' lang='lat' dir='ltr'><strong><em>ut</em></strong></span> <span class='ocrx_word' id='word_1_220' title='bbox 820 2509 888 2552; x_wconf 89' lang='lat' dir='ltr'><strong><em>oum</em></strong></span> <span class='ocrx_word' id='word_1_221' title='bbox 912 2488 1029 2552; x_wconf 81' lang='lat' dir='ltr'><strong><em>Olorieto</em></strong></span> <span class='ocrx_word' id='word_1_222' title='bbox 1050 2487 1085 2549; x_wconf 92' lang='lat' dir='ltr'><strong><em>iu</em></strong></span> <span class='ocrx_word' id='word_1_223' title='bbox 1101 2488 1213 2571; x_wconf 90' lang='lat' dir='ltr'><strong><em>futuro</em></strong></span> <span class='ocrx_word' id='word_1_224' title='bbox 1235 2485 1361 2569; x_wconf 77' lang='lat' dir='ltr'><strong><em>repuetie</em></strong></span> 
     </span>
     <span class='ocr_line' id='line_1_27' title="bbox 258 2574 1360 2722; baseline -0.001 -86"><span class='ocrx_word' id='word_1_225' title='bbox 258 2574 375 2722; x_wconf 53' lang='grc' dir='ltr'><strong><em>εωίῖιωὼ.</em></strong></span> <span class='ocrx_word' id='word_1_226' title='bbox 428 2576 612 2641; x_wconf 88' lang='lat' dir='ltr'><strong><em>Iueolumem</em></strong></span> <span class='ocrx_word' id='word_1_227' title='bbox 634 2576 836 2641; x_wconf 71' lang='lat' dir='ltr'><strong><em>maelmutiam</em></strong></span> <span class='ocrx_word' id='word_1_228' title='bbox 861 2574 1117 2658; x_wconf 69' lang='lat' dir='ltr'><strong><em>emortuorum</em></strong></span> <span class='ocrx_word' id='word_1_229' title='bbox 1139 2593 1271 2657; x_wconf 84' lang='lat' dir='ltr'><strong><em>euperua</em></strong></span> <span class='ocrx_word' id='word_1_230' title='bbox 1295 2594 1360 2636; x_wconf 82' lang='lat' dir='ltr'><strong><em>oue-</em></strong></span> 
     </span>
     <span class='ocr_line' id='line_1_28' title="bbox 260 2660 365 2723; baseline 0 0"><span class='ocrx_word' id='word_1_231' title='bbox 260 2670 288 2723; x_wconf 93' lang='lat' dir='ltr'><strong><em>to</em></strong></span> <span class='ocrx_word' id='word_1_232' title='bbox 316 2660 365 2723; x_wconf 80' lang='lat' dir='ltr'><strong><em>at.</em></strong></span> 
     </span>
    </p>

    <p class='ocr_par' dir='ltr' id='par_1_3' title="bbox 260 2742 1360 2918">
     <span class='ocr_line' id='line_1_29' title="bbox 305 2742 1360 2831; baseline -0.002 -23"><span class='ocrx_word' id='word_1_233' title='bbox 305 2745 382 2825; x_wconf 78' lang='lat' dir='ltr'><strong><em>Quis</em></strong></span> <span class='ocrx_word' id='word_1_234' title='bbox 398 2768 473 2809; x_wconf 82' lang='lat' dir='ltr'><strong><em>eane</em></strong></span> <span class='ocrx_word' id='word_1_235' title='bbox 493 2768 552 2831; x_wconf 91' lang='lat' dir='ltr'><strong><em>pro</em></strong></span> <span class='ocrx_word' id='word_1_236' title='bbox 568 2746 734 2831; x_wconf 84' lang='lat' dir='ltr'><strong><em>Vighardo</em></strong></span> <span class='ocrx_word' id='word_1_237' title='bbox 753 2751 899 2830; x_wconf 80' lang='lat' dir='ltr'><strong><em>repertus</em></strong></span> <span class='ocrx_word' id='word_1_238' title='bbox 916 2766 954 2808; x_wconf 82' lang='lat' dir='ltr'><strong><em>aa</em></strong></span> <span class='ocrx_word' id='word_1_239' title='bbox 969 2744 1134 2808; x_wconf 78' lang='lat' dir='ltr'><strong><em>dedicatus</em></strong></span> <span class='ocrx_word' id='word_1_240' title='bbox 1153 2742 1196 2807; x_wconf 83' lang='lat' dir='ltr'><strong><em>eit</em></strong></span> <span class='ocrx_word' id='word_1_241' title='bbox 1213 2742 1360 2819; x_wconf 71' lang='lat' dir='ltr'><strong><em>antistet,</em></strong></span> 
     </span>
     <span class='ocr_line' id='line_1_30' title="bbox 260 2829 878 2918; baseline 0.002 -26"><span class='ocrx_word' id='word_1_242' title='bbox 260 2829 341 2893; x_wconf 88' lang='lat' dir='ltr'><strong><em>libro</em></strong></span> <span class='ocrx_word' id='word_1_243' title='bbox 356 2838 507 2915; x_wconf 84' lang='lat' dir='ltr'><strong><em>sequente</em></strong></span> <span class='ocrx_word' id='word_1_244' title='bbox 522 2832 730 2918; x_wconf 80' lang='lat' dir='ltr'><strong><em>opportunius</em></strong></span> <span class='ocrx_word' id='word_1_245' title='bbox 745 2831 878 2895; x_wconf 78' lang='lat' dir='ltr'><strong><em>dicetur.</em></strong></span> 
     </span>
    </p>
   </div>
   <div class='ocr_carea' id='block_1_3' title="bbox 682 2991 1441 3075">
    <p class='ocr_par' dir='ltr' id='par_1_4' title="bbox 682 2971 1526 3102">
     <span class='ocr_line' id='line_1_31' title="bbox 682 2991 1441 3075; baseline -0.001 -16"><span class='ocrx_word' id='word_1_246' title='bbox 682 2992 789 3059; x_wconf 69' lang='lat' dir='ltr'><strong><em>oue.</em></strong></span> <span class='ocrx_word' id='word_1_247' title='bbox 817 2991 940 3055; x_wconf 81' lang='lat' dir='ltr'><strong><em>xxx.</em></strong></span> <span class='ocrx_word' id='word_1_248' title='bbox 1377 3015 1441 3075; x_wconf 86' lang='lat'><strong><em>140</em></strong></span> 
     </span>
    </p>
   </div>
   <div class='ocr_carea' id='block_1_4' title="bbox 265 3094 1360 3254">
    <p class='ocr_par' dir='ltr' id='par_1_5' title="bbox 265 3094 1360 3254">
     <span class='ocr_line' id='line_1_32' title="bbox 265 3094 1360 3172; baseline -0.002 -19"><span class='ocrx_word' id='word_1_249' title='bbox 265 3096 303 3153; x_wconf 88' lang='lat' dir='ltr'><strong><em>Ut</em></strong></span> <span class='ocrx_word' id='word_1_250' title='bbox 319 3096 472 3153; x_wconf 81' lang='lat' dir='ltr'><strong><em>orientales</em></strong></span> <span class='ocrx_word' id='word_1_251' title='bbox 490 3097 611 3154; x_wconf 76' lang='lat' dir='ltr'><strong><em>Sirenes</em></strong></span> <span class='ocrx_word' id='word_1_252' title='bbox 627 3106 745 3172; x_wconf 86' lang='lat' dir='ltr'><strong><em>tempore</em></strong></span> <span class='ocrx_word' id='word_1_253' title='bbox 763 3098 945 3153; x_wconf 76' lang='lat' dir='ltr'><strong><em>mortalitatis</em></strong></span> <span class='ocrx_word' id='word_1_254' title='bbox 964 3098 1002 3152; x_wconf 91' lang='lat' dir='ltr'><strong><em>ad</em></strong></span> <span class='ocrx_word' id='word_1_255' title='bbox 1019 3094 1228 3152; x_wconf 83' lang='lat' dir='ltr'><strong><em>hidololatriam</em></strong></span> <span class='ocrx_word' id='word_1_256' title='bbox 1250 3098 1360 3159; x_wconf 76' lang='lat' dir='ltr'><strong><em>reversi,</em></strong></span> 
     </span>
     <span class='ocr_line' id='line_1_33' title="bbox 295 3176 1318 3254; baseline 0 -22"><span class='ocrx_word' id='word_1_257' title='bbox 295 3178 343 3233; x_wconf 84' lang='lat' dir='ltr'><strong><em>sed</em></strong></span> <span class='ocrx_word' id='word_1_258' title='bbox 350 3196 404 3251; x_wconf 87' lang='lat' dir='ltr'><strong><em>per</em></strong></span> <span class='ocrx_word' id='word_1_259' title='bbox 418 3176 575 3233; x_wconf 77' lang='lat' dir='ltr'><strong><em>instantiam</em></strong></span> <span class='ocrx_word' id='word_1_260' title='bbox 588 3178 752 3235; x_wconf 87' lang='lat' dir='ltr'><strong><em>Jarumarmi</em></strong></span> <span class='ocrx_word' id='word_1_261' title='bbox 764 3179 882 3254; x_wconf 74' lang='lat' dir='ltr'><strong><em>episcopi</em></strong></span> <span class='ocrx_word' id='word_1_262' title='bbox 895 3196 957 3234; x_wconf 83' lang='lat' dir='ltr'><strong><em>moa</em></strong></span> <span class='ocrx_word' id='word_1_263' title='bbox 969 3178 1025 3233; x_wconf 81' lang='lat' dir='ltr'><strong><em>siut</em></strong></span> <span class='ocrx_word' id='word_1_264' title='bbox 1039 3177 1072 3232; x_wconf 82' lang='lat' dir='ltr'><strong><em>al</em></strong></span> <span class='ocrx_word' id='word_1_265' title='bbox 1085 3196 1179 3233; x_wconf 88' lang='lat' dir='ltr'><strong><em>errore</em></strong></span> <span class='ocrx_word' id='word_1_266' title='bbox 1193 3176 1318 3233; x_wconf 84' lang='lat' dir='ltr'><strong><em>correcti.</em></strong></span> 
     </span>
    </p>
   </div>
   <div class='ocr_carea' id='block_1_5' title="bbox 103 3269 1360 3355">
    <p class='ocr_par' dir='ltr' id='par_1_6' title="bbox 103 3269 1360 3355">
     <span class='ocr_line' id='line_1_34' title="bbox 103 3269 1360 3355; baseline 0.001 -24"><span class='ocrx_word' id='word_1_267' title='bbox 103 3278 249 3344; x_wconf 79' lang='lat' dir='ltr'><strong>[A.D.665.]</strong></span> <span class='ocrx_word' id='word_1_268' title='bbox 305 3270 418 3333; x_wconf 83' lang='lat' dir='ltr'><strong><em>Eooem</em></strong></span> <span class='ocrx_word' id='word_1_269' title='bbox 433 3276 575 3354; x_wconf 85' lang='lat' dir='ltr'><strong><em>tempore</em></strong></span> <span class='ocrx_word' id='word_1_270' title='bbox 588 3271 756 3355; x_wconf 81' lang='lat' dir='ltr'><strong><em>provinciae</em></strong></span> <span class='ocrx_word' id='word_1_271' title='bbox 773 3271 983 3335; x_wconf 77' lang='lat' dir='ltr'><strong><em>Orientalium</em></strong></span> <span class='ocrx_word' id='word_1_272' title='bbox 998 3272 1160 3335; x_wconf 83' lang='lat' dir='ltr'><strong><em>Saxonum</em></strong></span> <span class='ocrx_word' id='word_1_273' title='bbox 1174 3276 1248 3353; x_wconf 87' lang='lat' dir='ltr'><strong><em>post</em></strong></span> <span class='ocrx_word' id='word_1_274' title='bbox 1267 3269 1360 3334; x_wconf 89' lang='lat' dir='ltr'><strong><em>Suid-</em></strong></span> 
     </span>
    </p>
   </div>
   <div class='ocr_carea' id='block_1_6' title="bbox 99 3346 1382 3529">
    <p class='ocr_par' dir='ltr' id='par_1_7' title="bbox 99 3346 1382 3529">
     <span class='ocr_line' id='line_1_35' title="bbox 99 3346 1382 3461; baseline -0.002 -39"><span class='ocrx_word' id='word_1_275' title='bbox 99 3346 232 3461; x_wconf 49' lang='lat' dir='ltr'><strong><em>{Zfflret</em></strong></span> <span class='ocrx_word' id='word_1_276' title='bbox 261 3356 408 3433; x_wconf 87' lang='lat' dir='ltr'><strong><em>helmum,</em></strong></span> <span class='ocrx_word' id='word_1_277' title='bbox 433 3356 473 3419; x_wconf 83' lang='lat' dir='ltr'><strong><em>do</em></strong></span> <span class='ocrx_word' id='word_1_278' title='bbox 497 3379 559 3441; x_wconf 92' lang='lat' dir='ltr'><strong><em>quo</em></strong></span> <span class='ocrx_word' id='word_1_279' title='bbox 583 3380 677 3442; x_wconf 82' lang='lat' dir='ltr'><strong><em>supra</em></strong></span> <span class='ocrx_word' id='word_1_280' title='bbox 701 3357 846 3434; x_wconf 82' lang='lat' dir='ltr'><strong><em>diximus,</em></strong></span> <span class='ocrx_word' id='word_1_281' title='bbox 869 3357 1023 3441; x_wconf 84' lang='lat' dir='ltr'><strong><em>praefuere</em></strong></span> <span class='ocrx_word' id='word_1_282' title='bbox 1052 3378 1143 3440; x_wconf 84' lang='lat' dir='ltr'><strong><em>roges</em></strong></span> <span class='ocrx_word' id='word_1_283' title='bbox 1169 3355 1294 3440; x_wconf 84' lang='lat' dir='ltr'><strong><em>Sigheri</em></strong></span> <span class='ocrx_word' id='word_1_284' title='bbox 1324 3362 1382 3426; x_wconf 81' lang='lat' dir='ltr'><strong><em>ets</em></strong></span> 
     </span>
     <span class='ocr_line' id='line_1_36' title="bbox 99 3441 1359 3529; baseline -0.006 -21"><span class='ocrx_word' id='word_1_285' title='bbox 99 3476 145 3525; x_wconf 84' lang='lat' dir='ltr'><strong><em>Or.</em></strong></span> <span class='ocrx_word' id='word_1_286' title='bbox 157 3445 215 3523; x_wconf 54' lang='lat' dir='ltr'><strong><em>gu:</em></strong></span> <span class='ocrx_word' id='word_1_287' title='bbox 263 3441 368 3519; x_wconf 85' lang='lat' dir='ltr'><strong><em>Sebbi,</em></strong></span> <span class='ocrx_word' id='word_1_288' title='bbox 384 3442 526 3525; x_wconf 78' lang='lat' dir='ltr'><strong><em>quamvis</em></strong></span> <span class='ocrx_word' id='word_1_289' title='bbox 544 3442 604 3527; x_wconf 80' lang='lat' dir='ltr'><strong><em>ipsi</em></strong></span> <span class='ocrx_word' id='word_1_290' title='bbox 619 3443 686 3529; x_wconf 84' lang='lat' dir='ltr'><strong><em>regi</em></strong></span> <span class='ocrx_word' id='word_1_291' title='bbox 702 3443 897 3506; x_wconf 77' lang='lat' dir='ltr'><strong><em>Marciorum</em></strong></span> <span class='ocrx_word' id='word_1_292' title='bbox 912 3442 1068 3505; x_wconf 82' lang='lat' dir='ltr'><strong><em>Vullhere</em></strong></span> <span class='ocrx_word' id='word_1_293' title='bbox 1087 3441 1232 3524; x_wconf 83' lang='lat' dir='ltr'><strong><em>subjooti.</em></strong></span> <span class='ocrx_word' id='word_1_294' title='bbox 1280 3441 1359 3521; x_wconf 68' lang='lat' dir='ltr'><strong><em>Quae</em></strong></span> 
     </span>
    </p>
   </div>
   <div class='ocr_carea' id='block_1_7' title="bbox 261 3523 1361 3613">
    <p class='ocr_par' dir='ltr' id='par_1_8' title="bbox 261 3523 1361 3613">
     <span class='ocr_line' id='line_1_37' title="bbox 261 3523 1361 3613; baseline -0.001 -22"><span class='ocrx_word' id='word_1_295' title='bbox 261 3526 406 3591; x_wconf 78' lang='lat' dir='ltr'><strong><em>videlieet</em></strong></span> <span class='ocrx_word' id='word_1_296' title='bbox 430 3527 593 3611; x_wconf 82' lang='lat' dir='ltr'><strong><em>provincia</em></strong></span> <span class='ocrx_word' id='word_1_297' title='bbox 615 3548 687 3591; x_wconf 89' lang='lat' dir='ltr'><strong><em>oum</em></strong></span> <span class='ocrx_word' id='word_1_298' title='bbox 709 3530 853 3613; x_wconf 86' lang='lat' dir='ltr'><strong><em>praefatae</em></strong></span> <span class='ocrx_word' id='word_1_299' title='bbox 882 3523 1089 3591; x_wconf 70' lang='lat' dir='ltr'><strong><em>mortalitatis</em></strong></span> <span class='ocrx_word' id='word_1_300' title='bbox 1118 3526 1208 3590; x_wconf 85' lang='lat' dir='ltr'><strong><em>olado</em></strong></span> <span class='ocrx_word' id='word_1_301' title='bbox 1237 3547 1361 3611; x_wconf 84' lang='lat' dir='ltr'><strong><em>preme·</em></strong></span> 
     </span>
    </p>
   </div>
   <div class='ocr_carea' id='block_1_8' title="bbox 261 3679 1364 4002">
    <p class='ocr_par' dir='ltr' id='par_1_9' title="bbox 261 3679 1364 4002">
     <span class='ocr_line' id='line_1_38' title="bbox 295 3679 1364 3744; baseline -0.003 -15"><span class='ocrx_word' id='word_1_302' title='bbox 295 3684 368 3729; x_wconf 86' lang='lat' dir='ltr'><strong><em>bour</em></strong></span> <span class='ocrx_word' id='word_1_303' title='bbox 378 3682 408 3729; x_wconf 92' lang='lat' dir='ltr'><strong><em>V.</em></strong></span> <span class='ocrx_word' id='word_1_304' title='bbox 519 3688 563 3729; x_wconf 68' lang='lat' dir='ltr'><strong><em>‘et</em></strong></span> <span class='ocrx_word' id='word_1_305' title='bbox 574 3682 691 3744; x_wconf 66' lang='lat' dir='ltr'><strong><em>intestata</em></strong></span> <span class='ocrx_word' id='word_1_306' title='bbox 703 3682 773 3730; x_wconf 89' lang='lat' dir='ltr'><strong>V.M.</strong></span> <span class='ocrx_word' id='word_1_307' title='bbox 874 3683 1040 3743; x_wconf 68' lang='lat' dir='ltr'><strong><em>amariorum</em></strong></span> <span class='ocrx_word' id='word_1_308' title='bbox 1053 3683 1098 3727; x_wconf 84' lang='lat' dir='ltr'><strong><em>lma</em></strong></span> <span class='ocrx_word' id='word_1_309' title='bbox 1108 3686 1145 3728; x_wconf 81' lang='lat' dir='ltr'><strong><em>eet</em></strong></span> <span class='ocrx_word' id='word_1_310' title='bbox 1155 3679 1186 3727; x_wconf 89' lang='lat' dir='ltr'><strong><em>V.</em></strong></span> <span class='ocrx_word' id='word_1_311' title='bbox 1293 3679 1364 3743; x_wconf 71' lang='lat' dir='ltr'><strong><em>‘fla-</em></strong></span> 
     </span>
     <span class='ocr_line' id='line_1_39' title="bbox 261 3746 1362 3808; baseline -0.001 -14"><span class='ocrx_word' id='word_1_312' title='bbox 261 3754 341 3807; x_wconf 76' lang='lat' dir='ltr'><strong><em>grant</em></strong></span> <span class='ocrx_word' id='word_1_313' title='bbox 353 3747 383 3795; x_wconf 91' lang='lat' dir='ltr'><strong><em>V.</em></strong></span> <span class='ocrx_word' id='word_1_314' title='bbox 483 3746 494 3786; x_wconf 78' lang='lat' dir='ltr'><strong>f</strong></span> <span class='ocrx_word' id='word_1_315' title='bbox 505 3747 590 3794; x_wconf 83' lang='lat' dir='ltr'><strong><em>Habet</em></strong></span> <span class='ocrx_word' id='word_1_316' title='bbox 600 3748 665 3795; x_wconf 84' lang='lat' dir='ltr'><strong><em>euim</em></strong></span> <span class='ocrx_word' id='word_1_317' title='bbox 672 3746 785 3808; x_wconf 77' lang='lat' dir='ltr'><strong><em>proferte</em></strong></span> <span class='ocrx_word' id='word_1_318' title='bbox 796 3746 897 3794; x_wconf 86' lang='lat' dir='ltr'><strong>V.M.G.</strong></span> <span class='ocrx_word' id='word_1_319' title='bbox 997 3756 1012 3794; x_wconf 77' lang='lat' dir='ltr'><strong><em>t</em></strong></span> <span class='ocrx_word' id='word_1_320' title='bbox 1026 3752 1124 3807; x_wconf 66' lang='lat' dir='ltr'><strong><em>quierem</em></strong></span> <span class='ocrx_word' id='word_1_321' title='bbox 1135 3751 1159 3792; x_wconf 85' lang='lat' dir='ltr'><strong><em>et</em></strong></span> <span class='ocrx_word' id='word_1_322' title='bbox 1169 3746 1312 3806; x_wconf 79' lang='lat' dir='ltr'><strong><em>impetrabit</em></strong></span> <span class='ocrx_word' id='word_1_323' title='bbox 1324 3746 1362 3793; x_wconf 87' lang='lat' dir='ltr'><strong><em>W.</em></strong></span> 
     </span>
     <span class='ocr_line' id='line_1_40' title="bbox 263 3809 1364 3873; baseline -0.003 -15"><span class='ocrx_word' id='word_1_324' title='bbox 263 3812 405 3873; x_wconf 83' lang='lat' dir='ltr'><strong><em>impetrabit</em></strong></span> <span class='ocrx_word' id='word_1_325' title='bbox 416 3810 518 3859; x_wconf 88' lang='lat' dir='ltr'><strong>V.M.G.</strong></span> <span class='ocrx_word' id='word_1_326' title='bbox 624 3812 640 3851; x_wconf 88' lang='lat' dir='ltr'>h</span> <span class='ocrx_word' id='word_1_327' title='bbox 654 3812 692 3858; x_wconf 77' lang='lat' dir='ltr'><strong><em>lta</em></strong></span> <span class='ocrx_word' id='word_1_328' title='bbox 702 3810 774 3859; x_wconf 81' lang='lat' dir='ltr'><strong><em>libri:</em></strong></span> <span class='ocrx_word' id='word_1_329' title='bbox 791 3812 934 3858; x_wconf 71' lang='lat' dir='ltr'><strong><em>idolatriam</em></strong></span> <span class='ocrx_word' id='word_1_330' title='bbox 946 3810 994 3867; x_wconf 77' lang='lat' dir='ltr'><strong><em>St,</em></strong></span> <span class='ocrx_word' id='word_1_331' title='bbox 1006 3825 1061 3871; x_wconf 80' lang='lat' dir='ltr'><strong><em>quae</em></strong></span> <span class='ocrx_word' id='word_1_332' title='bbox 1072 3810 1152 3857; x_wconf 79' lang='lat' dir='ltr'><strong><em>forma</em></strong></span> <span class='ocrx_word' id='word_1_333' title='bbox 1163 3810 1277 3856; x_wconf 83' lang='lat' dir='ltr'><strong><em>usitatior</em></strong></span> <span class='ocrx_word' id='word_1_334' title='bbox 1287 3818 1325 3857; x_wconf 78' lang='lat' dir='ltr'><strong><em>ost</em></strong></span> <span class='ocrx_word' id='word_1_335' title='bbox 1336 3809 1364 3856; x_wconf 86' lang='lat' dir='ltr'><strong><em>in</em></strong></span> 
     </span>
     <span class='ocr_line' id='line_1_41' title="bbox 263 3873 1364 3937; baseline -0.002 -14"><span class='ocrx_word' id='word_1_336' title='bbox 263 3882 331 3923; x_wconf 86' lang='lat' dir='ltr'><strong><em>textu</em></strong></span> <span class='ocrx_word' id='word_1_337' title='bbox 345 3876 385 3924; x_wconf 83' lang='lat' dir='ltr'><strong><em>S.=</em></strong></span> <span class='ocrx_word' id='word_1_338' title='bbox 403 3876 445 3923; x_wconf 79' lang='lat' dir='ltr'><strong><em>sed</em></strong></span> <span class='ocrx_word' id='word_1_339' title='bbox 456 3876 557 3923; x_wconf 77' lang='lat' dir='ltr'><strong><em>alteram</em></strong></span> <span class='ocrx_word' id='word_1_340' title='bbox 574 3876 614 3923; x_wconf 85' lang='lat' dir='ltr'><strong><em>hio</em></strong></span> <span class='ocrx_word' id='word_1_341' title='bbox 631 3875 731 3931; x_wconf 85' lang='lat' dir='ltr'><strong><em>retinui,</em></strong></span> <span class='ocrx_word' id='word_1_342' title='bbox 742 3876 853 3937; x_wconf 76' lang='lat' dir='ltr'><strong><em>quamvis</em></strong></span> <span class='ocrx_word' id='word_1_343' title='bbox 869 3875 989 3922; x_wconf 86' lang='lat' dir='ltr'><strong><em>incertum</em></strong></span> <span class='ocrx_word' id='word_1_344' title='bbox 1001 3875 1035 3922; x_wconf 75' lang='lat' dir='ltr'><strong><em>rit</em></strong></span> <span class='ocrx_word' id='word_1_345' title='bbox 1049 3881 1132 3921; x_wconf 86' lang='lat' dir='ltr'><strong><em>utrum</em></strong></span> <span class='ocrx_word' id='word_1_346' title='bbox 1147 3873 1250 3921; x_wconf 78' lang='lat' dir='ltr'><strong><em>oonsilio</em></strong></span> <span class='ocrx_word' id='word_1_347' title='bbox 1262 3888 1364 3921; x_wconf 75' lang='lat' dir='ltr'><strong><em>uncam</em></strong></span> 
     </span>
     <span class='ocr_line' id='line_1_42' title="bbox 263 3938 1320 4002; baseline -0.002 -15"><span class='ocrx_word' id='word_1_348' title='bbox 263 3954 318 3988; x_wconf 79' lang='lat' dir='ltr'><strong><em>eum</em></strong></span> <span class='ocrx_word' id='word_1_349' title='bbox 330 3939 454 4002; x_wconf 86' lang='lat' dir='ltr'><strong><em>reliquerit</em></strong></span> <span class='ocrx_word' id='word_1_350' title='bbox 466 3940 502 3997; x_wconf 80' lang='grc'><strong><em>8.,</em></strong></span> <span class='ocrx_word' id='word_1_351' title='bbox 514 3955 571 3988; x_wconf 81' lang='lat' dir='ltr'><strong><em>nam</em></strong></span> <span class='ocrx_word' id='word_1_352' title='bbox 583 3938 722 4001; x_wconf 86' lang='lat' dir='ltr'><strong><em>hujusmodi</em></strong></span> <span class='ocrx_word' id='word_1_353' title='bbox 731 3940 835 3989; x_wconf 76' lang='lat' dir='ltr'><strong><em>variatio</em></strong></span> <span class='ocrx_word' id='word_1_354' title='bbox 844 3939 966 3988; x_wconf 81' lang='lat' dir='ltr'><strong><em>mribendi</em></strong></span> <span class='ocrx_word' id='word_1_355' title='bbox 976 3940 1003 3987; x_wconf 89' lang='lat' dir='ltr'><strong><em>in</em></strong></span> <span class='ocrx_word' id='word_1_356' title='bbox 1014 3954 1065 3986; x_wconf 77' lang='lat' dir='ltr'><strong><em>unt</em></strong></span> <span class='ocrx_word' id='word_1_357' title='bbox 1074 3953 1135 3986; x_wconf 85' lang='lat' dir='ltr'><strong><em>voce</em></strong></span> <span class='ocrx_word' id='word_1_358' title='bbox 1147 3952 1196 3985; x_wconf 86' lang='lat' dir='ltr'><strong><em>nou</em></strong></span> <span class='ocrx_word' id='word_1_359' title='bbox 1208 3953 1264 3986; x_wconf 77' lang='lat' dir='ltr'><strong><em>rara</em></strong></span> <span class='ocrx_word' id='word_1_360' title='bbox 1274 3944 1320 3986; x_wconf 79' lang='lat' dir='ltr'><strong><em>eet.</em></strong></span> 
     </span>
    </p>
   </div>
   <div class='ocr_carea' id='block_1_9' title="bbox 263 4072 1365 4394">
    <p class='ocr_par' dir='ltr' id='par_1_10' title="bbox 295 4072 736 4151">
     <span class='ocr_line' id='line_1_43' title="bbox 295 4072 736 4151; baseline 0.005 -30"><span class='ocrx_word' id='word_1_361' title='bbox 295 4088 336 4134; x_wconf 82' lang='lat'><strong><em>31.</em></strong></span> <span class='ocrx_word' id='word_1_362' title='bbox 349 4074 483 4151; x_wconf 43' lang='lat' dir='ltr'><strong><em>Scriptum·</em></strong></span> <span class='ocrx_word' id='word_1_363' title='bbox 488 4072 540 4151; x_wconf 43' lang='lat' dir='ltr'><strong><em>eetJ·</em></strong></span> <span class='ocrx_word' id='word_1_364' title='bbox 550 4074 645 4151; x_wconf 50' lang='lat' dir='ltr'><strong>Mftth&#39;.</strong></span> <span class='ocrx_word' id='word_1_365' title='bbox 652 4074 684 4122; x_wconf 88' lang='lat' dir='ltr'><strong><em>vi.</em></strong></span> <span class='ocrx_word' id='word_1_366' title='bbox 698 4086 736 4136; x_wconf 81' lang='lat'><strong><em>33.</em></strong></span> 
     </span>
    </p>

    <p class='ocr_par' dir='ltr' id='par_1_11' title="bbox 263 4139 1365 4394">
     <span class='ocr_line' id='line_1_44' title="bbox 295 4139 1364 4265; baseline 0.002 -16"><span class='ocrx_word' id='word_1_367' title='bbox 295 4139 841 4265; x_wconf 40' lang='lat' dir='ltr'><strong><em>isbfdidllirifliijiieilii?lolliiliiisi‘gberoti</em></strong></span> <span class='ocrx_word' id='word_1_368' title='bbox 856 4210 1021 4265; x_wconf 80' lang='lat' dir='ltr'><strong><em>cognomento</em></strong></span> <span class='ocrx_word' id='word_1_369' title='bbox 1037 4202 1117 4265; x_wconf 82' lang='lat' dir='ltr'><strong><em>parvi,</em></strong></span> <span class='ocrx_word' id='word_1_370' title='bbox 1129 4203 1168 4251; x_wconf 87' lang='lat' dir='ltr'><strong><em>hio</em></strong></span> <span class='ocrx_word' id='word_1_371' title='bbox 1179 4203 1308 4263; x_wconf 77' lang='lat' dir='ltr'><strong><em>Seuuardi,</em></strong></span> <span class='ocrx_word' id='word_1_372' title='bbox 1319 4203 1364 4264; x_wconf 91' lang='lat' dir='ltr'><strong><em>qui</em></strong></span> 
     </span>
     <span class='ocr_line' id='line_1_45' title="bbox 263 4266 1365 4329; baseline 0.002 -16"><span class='ocrx_word' id='word_1_373' title='bbox 263 4267 310 4314; x_wconf 85' lang='lat' dir='ltr'><strong><em>fide</em></strong></span> <span class='ocrx_word' id='word_1_374' title='bbox 322 4266 461 4315; x_wconf 79' lang='lat' dir='ltr'><strong><em>Christiana</em></strong></span> <span class='ocrx_word' id='word_1_375' title='bbox 472 4268 576 4328; x_wconf 83' lang='lat' dir='ltr'><strong><em>turpiter</em></strong></span> <span class='ocrx_word' id='word_1_376' title='bbox 590 4268 686 4329; x_wconf 79' lang='lat' dir='ltr'><strong><em>prodita</em></strong></span> <span class='ocrx_word' id='word_1_377' title='bbox 702 4269 733 4315; x_wconf 80' lang='lat' dir='ltr'><strong><em>ab</em></strong></span> <span class='ocrx_word' id='word_1_378' title='bbox 745 4268 805 4315; x_wconf 83' lang='lat' dir='ltr'><strong><em>Oce.</em></strong></span> <span class='ocrx_word' id='word_1_379' title='bbox 818 4268 876 4315; x_wconf 82' lang='lat' dir='ltr'><strong><em>Sax.</em></strong></span> <span class='ocrx_word' id='word_1_380' title='bbox 887 4282 945 4329; x_wconf 79' lang='lat' dir='ltr'><strong><em>rege</em></strong></span> <span class='ocrx_word' id='word_1_381' title='bbox 961 4268 1056 4315; x_wconf 77' lang='lat' dir='ltr'><strong><em>occisus</em></strong></span> <span class='ocrx_word' id='word_1_382' title='bbox 1072 4276 1118 4317; x_wconf 81' lang='lat' dir='ltr'><strong><em>eet.</em></strong></span> <span class='ocrx_word' id='word_1_383' title='bbox 1151 4268 1219 4315; x_wconf 80' lang='lat' dir='ltr'><strong><em>Male</em></strong></span> <span class='ocrx_word' id='word_1_384' title='bbox 1234 4267 1365 4329; x_wconf 78' lang='lat' dir='ltr'><strong><em>Harpsiel-</em></strong></span> 
     </span>
     <span class='ocr_line' id='line_1_46' title="bbox 263 4331 1365 4394; baseline 0.001 -16"><span class='ocrx_word' id='word_1_385' title='bbox 263 4332 392 4379; x_wconf 83' lang='lat' dir='ltr'><strong><em>diushunc</em></strong></span> <span class='ocrx_word' id='word_1_386' title='bbox 403 4331 522 4379; x_wconf 84' lang='lat' dir='ltr'><strong><em>AEdilredi</em></strong></span> <span class='ocrx_word' id='word_1_387' title='bbox 534 4331 611 4381; x_wconf 82' lang='lat' dir='ltr'><strong><em>filium</em></strong></span> <span class='ocrx_word' id='word_1_388' title='bbox 624 4339 702 4380; x_wconf 80' lang='lat' dir='ltr'><strong><em>vocat.</em></strong></span> <span class='ocrx_word' id='word_1_389' title='bbox 721 4333 745 4379; x_wconf 90' lang='lat' dir='ltr'><strong><em>S.</em></strong></span> <span class='ocrx_word' id='word_1_390' title='bbox 781 4332 1032 4380; x_wconf 68' lang='lat' dir='ltr'><strong><em>Animadvertendum</em></strong></span> <span class='ocrx_word' id='word_1_391' title='bbox 1050 4338 1088 4380; x_wconf 81' lang='lat' dir='ltr'><strong><em>est</em></strong></span> <span class='ocrx_word' id='word_1_392' title='bbox 1105 4331 1199 4394; x_wconf 68' lang='lat' dir='ltr'><strong><em>sigheri</em></strong></span> <span class='ocrx_word' id='word_1_393' title='bbox 1216 4339 1274 4380; x_wconf 81' lang='lat' dir='ltr'><strong><em>ante</em></strong></span> <span class='ocrx_word' id='word_1_394' title='bbox 1289 4332 1365 4380; x_wconf 85' lang='lat' dir='ltr'><strong><em>Sebbi</em></strong></span> 
     </span>
    </p>
   </div>
   <div class='ocr_carea' id='block_1_10' title="bbox 263 4390 1364 4524">
    <p class='ocr_par' dir='ltr' id='par_1_12' title="bbox 263 4390 1364 4524">
     <span class='ocr_line' id='line_1_47' title="bbox 263 4390 1364 4460; baseline 0.003 -18"><span class='ocrx_word' id='word_1_395' title='bbox 263 4402 388 4443; x_wconf 75' lang='lat' dir='ltr'><strong><em>manuum</em></strong></span> <span class='ocrx_word' id='word_1_396' title='bbox 400 4410 469 4453; x_wconf 79' lang='lat' dir='ltr'><strong><em>esee3</em></strong></span> <span class='ocrx_word' id='word_1_397' title='bbox 484 4404 539 4456; x_wconf 84' lang='lat' dir='ltr'><strong><em>post</em></strong></span> <span class='ocrx_word' id='word_1_398' title='bbox 555 4398 620 4457; x_wconf 89' lang='lat' dir='ltr'><strong><em>quod</em></strong></span> <span class='ocrx_word' id='word_1_399' title='bbox 635 4396 707 4445; x_wconf 89' lang='lat' dir='ltr'><strong><em>Sebbi</em></strong></span> <span class='ocrx_word' id='word_1_400' title='bbox 724 4397 837 4457; x_wconf 75' lang='lat' dir='ltr'><strong><em>regnavit</em></strong></span> <span class='ocrx_word' id='word_1_401' title='bbox 853 4390 1007 4446; x_wconf 78' lang='lat' dir='ltr'><strong><em>solus&#39;doneo</em></strong></span> <span class='ocrx_word' id='word_1_402' title='bbox 1018 4397 1122 4460; x_wconf 69' lang='lat' dir='ltr'><strong><em>triginta</em></strong></span> <span class='ocrx_word' id='word_1_403' title='bbox 1133 4410 1212 4446; x_wconf 75' lang='lat' dir='ltr'><strong><em>aanor</em></strong></span> <span class='ocrx_word' id='word_1_404' title='bbox 1222 4396 1364 4457; x_wconf 79' lang='lat' dir='ltr'><strong><em>eomplerit.</em></strong></span> 
     </span>
     <span class='ocr_line' id='line_1_48' title="bbox 264 4459 906 4524; baseline 0.006 -17"><span class='ocrx_word' id='word_1_405' title='bbox 264 4459 328 4507; x_wconf 88' lang='lat' dir='ltr'><strong><em>Flor.</em></strong></span> <span class='ocrx_word' id='word_1_406' title='bbox 341 4460 397 4523; x_wconf 77' lang='lat' dir='ltr'><strong><em>Vig.</em></strong></span> <span class='ocrx_word' id='word_1_407' title='bbox 409 4460 540 4524; x_wconf 79' lang='lat' dir='ltr'><strong><em>Genealog.</em></strong></span> <span class='ocrx_word' id='word_1_408' title='bbox 554 4461 610 4510; x_wconf 85' lang='lat' dir='ltr'><strong><em>Gal.</em></strong></span> <span class='ocrx_word' id='word_1_409' title='bbox 625 4461 754 4510; x_wconf 80' lang='lat' dir='ltr'><strong><em>Malmosb.</em></strong></span> <span class='ocrx_word' id='word_1_410' title='bbox 769 4461 800 4509; x_wconf 88' lang='lat' dir='ltr'><strong><em>G.</em></strong></span> <span class='ocrx_word' id='word_1_411' title='bbox 809 4461 841 4509; x_wconf 86' lang='lat' dir='ltr'><strong><em>R.</em></strong></span> <span class='ocrx_word' id='word_1_412' title='bbox 852 4459 906 4511; x_wconf 90' lang='lat'><strong>1.6.</strong></span> 
     </span>
    </p>
   </div>
   <div class='ocr_carea' id='block_1_11' title="bbox 0 0 1565 5125">
    <p class='ocr_par' dir='ltr' id='par_1_13' title="bbox 0 0 1565 5125">
     <span class='ocr_line' id='line_1_49' title="bbox 0 0 1565 5125; baseline 0 0"><span class='ocrx_word' id='word_1_413' title='bbox 0 0 1565 5125; x_wconf 95' lang='lat' dir='ltr'><strong><em> </em></strong></span> 
     </span>
    </p>
   </div>
  </div>
 </body>
</html>
