3100 5125
265 333 330 400 174
589 331 1027 402 nrsrommacones.
1313 329 1383 395 111.
1401 348 1450 414 29.

679 532 789 598 oAP.
812 531 956 595 XXIX.

268 635 306 694 Ut
325 635 479 712 Vipiardas
487 637 629 712 presbyter
643 637 804 694 ordinandas
818 638 846 693 ia
860 636 1098 710 archiepiscopum,
1113 635 1228 691 Romam
1244 635 1279 691 de
1291 635 1375 692 Brit-

307 718 381 773 tam'a
395 718 432 772 sit
446 719 562 773 missas:
585 736 659 790 quem
674 719 788 774 remissa
802 736 863 773 mos
879 718 985 791 scripta
997 734 1078 791 papa
1093 716 1255 790 'apostolici
1271 716 1373 772 ibidem

306 797 403 853 obiisse
417 800 596 854 narraverint.

108 895 254 975 [i·D·⁶⁶t·]
310 890 372 953 Hm
395 891 591 976 temporibus
616 912 706 976 reges
731 891 909 976 Anglorum
938 888 1133 965 nobilissimi,
1166 889 1267 952 Osuiu
1295 911 1411 973 pro-15

105 962 212 1074 &iffi
266 974 376 1040 vinciae
392 976 423 1037 N
424 977 737 1061 crdanhymbrorum,
754 984 788 1040 et
808 977 966 1062 Ecgberct
982 975 1237 1051 cantuariorum,
1254 974 1371 1039 habito

104 1092 201 1139 missus.
267 1061 352 1125 inter
366 1083 399 1125 se
414 1062 552 1140 consilio,
569 1062 644 1147 quid
659 1063 699 1125 de
714 1068 802 1126 statu
818 1061 954 1126 ecclesiae
971 1060 1150 1146 Anglorum
1167 1067 1252 1124 esset
1273 1082 1371 1145 agen·

267 1146 352 1223 dum,
376 1146 575 1212 intellexerat
597 1147 681 1211 enim
702 1147 859 1212 veraciter
881 1147 990 1222 Osuiu‚
1007 1146 1150 1230 quamvis
1173 1146 1327 1210 educatus
1349 1169 1372 1210 a

268 1231 397 1309 Scottis,
421 1233 495 1316 quia
518 1234 663 1297 Romana
685 1240 769 1296 esset
792 1232 948 1297 catholica
969 1237 1004 1295 et
1028 1232 1203 1316 apostolica
1226 1231 1369 1309 ecclesia,

267 1317 512 1402 adsumpserunt
544 1341 617 1382 cum
644 1318 797 1382 electione
827 1325 860 1382 et
889 1339 1044 1382 consensu
1074 1323 1194 1382 sanctae
1227 1317 1369 1382 ecclesiae

266 1402 371 1488 gentis
386 1403 572 1489 Anglorum,
589 1404 691 1467 virum
703 1405 832 1481 bonnm,
848 1409 882 1467 et
901 1409 1014 1488 aptum
1033 1403 1217 1489 episcopatu
1238 1403 1370 1488 presby·
1380 1428 1412 1464 ιο

267 1493 372 1551 terum
393 1489 519 1553 nomine
544 1489 754 1574 Vighardum,
770 1490 811 1554 de
831 1489 914 1553 clero
937 1488 1115 1551 Deusdedit
1139 1488 1319 1573 mepiscopi,
1335 1495 1372 1564 et

267 1573 351 1637 huno
379 1575 558 1639 antistitem
590 1575 801 1640 ordinandum
830 1575 967 1638 Romam
995 1573 1169 1637 miserunt:
1209 1581 1370 1657 quatenus

267 1666 398 1744 accepto
420 1660 487 1746 ipse
512 1662 613 1747 gradu
636 1660 935 1745 archiepiscopatus,
961 1659 1134 1723 catholicos
1160 1681 1371 1742 peromnem

267 1743 462 1810 Brittaniam
477 1745 613 1811 ecclesiis
628 1746 808 1831 Anglorum
822 1745 969 1809 ordinare
983 1751 1092 1829 posset
1107 1743 1281 1808 antistites.

312 1829 434 1894 Verum
459 1831 644 1918 Vighardus
670 1832 806 1894 Romam
831 1830 1025 1916 perveniens,
1049 1830 1234 1913 priusquam
1260 1850 1370 1893 conse-

268 1915 349 1980 crari
366 1915 398 1979 in
414 1916 652 2016 nepiscopatum
669 1924 787 2002 posset,
809 1923 912 1980 morte
931 1922 1108 2000 praereptus
1128 1922 1187 1992 est,
1204 1921 1238 1979 et
1259 1915 1410 1999 hujus-25

267 2001 354 2064 modi
369 2000 469 2065 literae
485 2024 552 2087 regr
567 2002 667 2066 Osuiu
683 2001 879 2066 Brittaniam
892 2001 1032 2065 remissae
1048 2007 1143 2064 sunt:

107 2107 196 2155 Luem
206 2105 250 2153 vt.
310 2087 440 2149 Domina
462 2087 632 2150 ⁰saaaiimti
644 2089 715 2170 Jiiio
737 2089 827 2152 Osuio
846 2089 909 2170 rapi
927 2089 1092 2162 Sacamum,
1116 2085 1292 2149 Vitalianus
1306 2086 1370 2170 api-

107 2169 194 2219 aliani
266 2190 377 2254 scopus,
403 2193 505 2235 seruus
527 2195 678 2236 seruorum
700 2173 772 2236 Dei.
816 2171 1040 2237 Desideraiiim
1063 2171 1168 2235 literas
1190 2171 1371 2235 eccellentiae

267 2265 372 2320 asara
393 2259 590 2342 suscepimus:
622 2281 697 2343 quos
719 2258 881 2342 roiepmtas,
904 2258 1090 2342 oopuooimus
1112 2257 1175 2338 ejas
1190 2257 1371 2340 piissimam

267 2340 454 2419 donatiouem,
482 2345 796 2428 J‘eromtissimumquo
832 2365 970 2419 amorum,
1004 2365 1090 2428 quom
1125 2340 1212 2405 tabat
1239 2351 1413 2428 prmterm

268 2423 383 2489 beatam
397 2427 513 2503 aitom;
537 2440 565 2493 at
586 2430 660 2514 quio
681 2431 803 2492 deutera
818 2429 947 2493 Domini
961 2437 1132 2513 proteamto
1153 2428 1199 2490 ud
1218 2449 1322 2490 ceram
1342 2437 1371 2492 a

267 2511 460 2597 apostolicam
476 2515 572 2598 fidam
593 2517 634 2581 sit
659 2537 822 2593 conuersus,
848 2536 972 2599 speram
993 2521 1029 2578 ut
1048 2515 1127 2577 siout
1148 2513 1183 2577 ia
1206 2535 1263 2577 sao
1282 2522 1371 2599 pcata

267 2609 382 2682 repuat,
406 2601 452 2665 ita
475 2611 502 2665 ot
527 2624 595 2665 oum
620 2602 736 2665 Otristo
758 2603 792 2664 iu
805 2602 919 2684 futuro
943 2612 1154 2685 pcortrepuara.
1201 2600 1371 2663 Bmsodieta

266 2683 364 2768 ipitur
374 2706 454 2771 ptus,
470 2709 537 2772 qua
551 2686 640 2751 talam
654 2688 919 2771 sapimtissimum,
931 2696 958 2750 at
972 2688 1034 2749 Dei
1048 2686 1188 2749 cultorem
1199 2686 1371 2769 proamruit

266 2768 373 2833 ialam
388 2793 420 2835 re
437 2794 502 2835 em:
524 2772 596 2857 quia
612 2795 670 2837 aaa
684 2773 778 2835 solum
793 2773 855 2857 ipsa
868 2772 931 2836 Dei
950 2772 1046 2835 cultor
1064 2770 1192 2848 semita,
1209 2771 1262 2835 sed
1276 2772 1371 2834 otiam

266 2876 364 2919 omues
377 2795 515 2941 suiiaotos
529 2880 595 2922 suas
609 2858 772 2922 meditatur
787 2858 836 2920 aiio
857 2880 895 2921 ac
915 2867 995 2921 uecta
1015 2857 1169 2939 aestuem
1191 2856 1411 2926 eatlmiiemaes

267 2950 356 3024 atqua
378 2943 570 3026 apostolicam
587 2966 649 3029 pro
669 2966 734 3008 suco
755 2944 869 3006 amima
887 2943 1087 3027 redamptiaue
1101 2942 1244 3007 mamati.
1293 2942 1371 3021 Quis

266 3027 346 3089 mim
369 3028 495 3091 audieus
519 3028 583 3091 ioeo
604 3030 725 3105 suasio,
748 3050 807 3093 aaa
831 3029 972 3093 iatam?
1019 3029 1176 3107 Quicum
1204 3026 1314 3091 multet
1342 3036 1372 3091 at
1390 3028 1406 3049 ‘

264 3110 396 3194 poudaot
410 3112 443 3174 ia
457 3113 503 3176 iis
517 3114 592 3198 rpiis
606 3114 765 3199 operibus?
812 3116 893 3194 Quia
914 3125 941 3178 at
959 3136 1032 3200 pem
1051 3123 1149 3178 uestra
1171 3112 1289 3175 Giristo
1308 3134 1370 3176 om

267 3196 411 3280 uipootauti
425 3199 489 3261 Deo
503 3200 660 3274 ⁸oradidit,
675 3201 836 3264 secuudum
849 3200 1024 3264 diuinorum
1038 3198 1257 3285 propiatamtm
1276 3219 1370 3274 uoces,

266 3282 343 3345 sieut
356 3283 500 3367 sam'ptmu
514 3294 554 3347 ost
568 3286 603 3349 ia
618 3288 727 3349 Isaia:
753 3285 793 3348 In
808 3284 858 3348 die
873 3285 926 3348 illa
946 3285 1038 3348 radix
1053 3285 1077 3349 J
1078 3306 1155 3362 esse,
1172 3284 1226 3367 qui
1244 3290 1313 3348 stat
1333 3283 1369 3347 in

268 3365 392 3450 signum
405 3369 601 3467 populorum,
616 3371 720 3456 ipsum
737 3377 850 3455 gentes
870 3371 1134 3455 deprecabuntur.
1178 3370 1224 3433 Iit
1236 3369 1347 3432 iterum
1358 3389 1415 3435 :40

268 3451 391 3516 Audite
412 3454 530 3532 msulae,
554 3456 773 3521 etadtendite
795 3456 903 3541 populi
925 3457 964 3521 de
986 3457 1089 3540 longe.
1133 3456 1178 3519 Et
1195 3463 1266 3539 post
1285 3476 1369 3539 pau-

268 3535 385 3611 iuimm·
411 3539 539 3618 Parum,
555 3541 663 3625 iuquit,
679 3548 729 3606 est
751 3547 789 3605 ut
810 3541 888 3604 mihi
909 3542 952 3604 sis
974 3563 1082 3605 servus
1102 3541 1144 3603 ad
1167 3540 1371 3604 suscitandas

267 3621 369 3686 tribus
383 3624 496 3702 Jacob,
513 3632 547 3691 et
559 3626 652 3691 faeces
668 3627 768 3691 Israel
782 3628 1021 3691 convertendas.
1066 3626 1150 3688 Dedi
1163 3632 1198 3689 te
1213 3625 1247 3687 in
1261 3626 1367 3689 lucem

267 3709 420 3791 gentium,
432 3718 470 3774 ut
484 3711 527 3773 sis
542 3712 626 3775 salus
640 3733 711 3776 mea
725 3734 825 3795 usque
839 3712 881 3776 ad
896 3720 1074 3776 extremum
1088 3718 1194 3775 terrae.
1239 3712 1285 3774 Et
1300 3732 1372 3773 rur-

267 3814 353 3856 smu:
377 3796 480 3881 Reges
495 3796 656 3874 videbunt,
672 3803 706 3860 et
725 3804 918 3883 consurgent
934 3796 1102 3882 principes,
1118 3804 1152 3861 et
1173 3796 1372 3860 adorabunt.

302 4009 312 4047 1
319 4022 402 4069 pape,
413 4008 501 4054 itidem
512 4006 542 4053 V.
615 4007 826 4067 marctiepiscopi
837 4006 866 4054 V.
941 4009 1107 4069 aepiscopum
1118 4007 1148 4055 V.
1224 4008 1372 4053 emean-

271 4073 362 4119 tissimo
376 4072 473 4119 V.G.M.
509 4071 616 4120 pLocus
628 4072 788 4130 depravatus:
805 4072 846 4119 sed
859 4071 894 4120 ita
904 4072 960 4118 libri
971 4073 1068 4119 hahent.
1091 4071 1210 4119 Mendum
1224 4070 1287 4118 vidit
1297 4071 1335 4117 M.
1347 4077 1375 4119 et

272 4143 300 4183 at
313 4145 367 4195 post
378 4151 481 4197 speruus
491 4135 588 4183 omisit:
605 4136 669 4195 quod
682 4134 817 4182 faciliorem
828 4136 915 4184 saltem
927 4136 1135 4201 constructionem
1149 4136 1235 4185 reddit.
1302 4144 1374 4183 sex-

272 4202 325 4248 istit
338 4201 406 4249 VM.
505 4202 572 4262 'piis
582 4213 631 4246 om.
643 4199 679 4246 M.
777 4210 789 4238 ⁸
801 4202 880 4248 credit
892 4201 928 4248 M.

309 4401 343 4447 ις.
359 4389 408 4438 His
419 4388 575 4451 temporibus]
592 4388 619 4435 Α.
629 4388 661 4435 Ι).
671 4386 727 4449 667.
740 4389 829 4436 Chron.
843 4390 901 4437 Sax.
915 4390 977 4436 Flor.
991 4389 1047 4449 vig.

304 4454 344 4514 38.
355 4456 475 4515 seriptum
486 4453 534 4516 est]
549 4452 605 4500 lsai.
618 4452 651 4499 xi.
664 4466 700 4499 10.

304 4533 345 4577 40.
357 4517 459 4579 Audite]
475 4518 535 4565 xlix.
551 4530 573 4573 1,
586 4513 611 4573 6,
626 4528 649 4576 7,
661 4516 686 4562 8.
