<?xml version="1.0" encoding="UTF-8"?>
<!DOCTYPE html PUBLIC "-//W3C//DTD XHTML 1.0 Transitional//EN"
    "http://www.w3.org/TR/xhtml1/DTD/xhtml1-transitional.dtd">
<html xmlns="http://www.w3.org/1999/xhtml" xml:lang="en" lang="en">
 <head>
  <title>
</title>
<meta http-equiv="Content-Type" content="text/html;charset=utf-8" />
  <meta name='ocr-system' content='tesseract 3.04.00' />
  <meta name='ocr-capabilities' content='ocr_page ocr_carea ocr_par ocr_line ocrx_word'/>
</head>
<body>
  <div class='ocr_page' id='page_1' title='image "./historiaecclesi00hussgoog_0068.png"; bbox 0 0 3100 5125; ppageno 0'>
   <div class='ocr_carea' id='block_1_1' title="bbox 464 329 1250 404">
    <p class='ocr_par' dir='ltr' id='par_1_1' title="bbox 464 329 1250 404">
     <span class='ocr_line' id='line_1_1' title="bbox 464 329 1250 404; baseline 0.01 -11"><span class='ocrx_word' id='word_1_1' title='bbox 464 329 635 395; x_wconf 76' lang='lat' dir='ltr'>aENTIS</span> <span class='ocrx_word' id='word_1_2' title='bbox 657 331 928 396; x_wconf 76' lang='lat' dir='ltr'>ANGLORUM.</span> <span class='ocrx_word' id='word_1_3' title='bbox 1209 338 1250 404; x_wconf 88' lang='grc'><strong><em>49</em></strong></span> 
     </span>
    </p>
   </div>
   <div class='ocr_carea' id='block_1_2' title="bbox 102 480 1259 2541">
    <p class='ocr_par' dir='ltr' id='par_1_2' title="bbox 151 480 1252 657">
     <span class='ocr_line' id='line_1_2' title="bbox 153 480 1252 571; baseline 0.009 -29"><span class='ocrx_word' id='word_1_4' title='bbox 153 480 216 543; x_wconf 75' lang='lat' dir='ltr'><strong><em>Sed</em></strong></span> <span class='ocrx_word' id='word_1_5' title='bbox 235 480 370 546; x_wconf 77' lang='lat' dir='ltr'><strong><em>uisitur</em></strong></span> <span class='ocrx_word' id='word_1_6' title='bbox 394 483 514 548; x_wconf 66' lang='lat' dir='ltr'><strong><em>masia</em></strong></span> <span class='ocrx_word' id='word_1_7' title='bbox 539 506 606 549; x_wconf 81' lang='lat' dir='ltr'><strong><em>aun</em></strong></span> <span class='ocrx_word' id='word_1_8' title='bbox 630 496 784 571; x_wconf 81' lang='lat' dir='ltr'><strong><em>aupnmnlo</em></strong></span> <span class='ocrx_word' id='word_1_9' title='bbox 809 488 938 571; x_wconf 81' lang='lat' dir='ltr'><strong><em>recipiat</em></strong></span> <span class='ocrx_word' id='word_1_10' title='bbox 961 486 1042 571; x_wconf 80' lang='lat' dir='ltr'><strong><em>quod</em></strong></span> <span class='ocrx_word' id='word_1_11' title='bbox 1065 481 1101 553; x_wconf 88' lang='lat' dir='ltr'><strong><em>de</em></strong></span> <span class='ocrx_word' id='word_1_12' title='bbox 1125 489 1252 552; x_wconf 83' lang='lat' dir='ltr'><strong><em>terrenis</em></strong></span> 
     </span>
     <span class='ocr_line' id='line_1_3' title="bbox 151 564 1004 657; baseline 0.007 -28"><span class='ocrx_word' id='word_1_13' title='bbox 151 564 238 629; x_wconf 79' lang='lat' dir='ltr'><strong><em>rebus</em></strong></span> <span class='ocrx_word' id='word_1_14' title='bbox 251 568 374 632; x_wconf 80' lang='lat' dir='ltr'><strong><em>ridetur</em></strong></span> <span class='ocrx_word' id='word_1_15' title='bbox 386 570 533 647; x_wconf 67' lang='lat' dir='ltr'><strong><em>amitere,</em></strong></span> <span class='ocrx_word' id='word_1_16' title='bbox 549 580 577 635; x_wconf 91' lang='lat' dir='ltr'><strong><em>et</em></strong></span> <span class='ocrx_word' id='word_1_17' title='bbox 591 572 679 635; x_wconf 88' lang='lat' dir='ltr'><strong><em>lucra</em></strong></span> <span class='ocrx_word' id='word_1_18' title='bbox 694 573 731 636; x_wconf 82' lang='lat' dir='ltr'><strong><em>cie</em></strong></span> <span class='ocrx_word' id='word_1_19' title='bbox 745 573 834 636; x_wconf 87' lang='lat' dir='ltr'><strong><em>oanis</em></strong></span> <span class='ocrx_word' id='word_1_20' title='bbox 848 571 1004 657; x_wconf 55' lang='lat' dir='ltr'><strong><em>{quarere</em></strong></span> 
     </span>
    </p>

    <p class='ocr_par' dir='ltr' id='par_1_3' title="bbox 148 652 1253 907">
     <span class='ocr_line' id='line_1_4' title="bbox 197 652 1252 743; baseline 0.009 -30"><span class='ocrx_word' id='word_1_21' title='bbox 197 652 258 715; x_wconf 95' lang='lat' dir='ltr'><strong><em>IV.</em></strong></span> <span class='ocrx_word' id='word_1_22' title='bbox 275 654 490 740; x_wconf 85' lang='lat' dir='ltr'><strong><em>Interrogatio</em></strong></span> <span class='ocrx_word' id='word_1_23' title='bbox 506 657 690 743; x_wconf 80' lang='lat' dir='ltr'><strong>Augustini.</strong></span> <span class='ocrx_word' id='word_1_24' title='bbox 727 658 766 722; x_wconf 75' lang='lat' dir='ltr'><strong><em>Si</em></strong></span> <span class='ocrx_word' id='word_1_25' title='bbox 780 657 904 723; x_wconf 80' lang='lat' dir='ltr'><strong><em>deleant</em></strong></span> <span class='ocrx_word' id='word_1_26' title='bbox 918 680 974 743; x_wconf 88' lang='lat' dir='ltr'><strong><em>quo</em></strong></span> <span class='ocrx_word' id='word_1_27' title='bbox 985 659 1124 743; x_wconf 75' lang='lat' dir='ltr'><strong><em>pemani</em></strong></span> <span class='ocrx_word' id='word_1_28' title='bbox 1131 658 1252 741; x_wconf 81' lang='lat' dir='ltr'><strong><em>fratres</em></strong></span> 
     </span>
     <span class='ocr_line' id='line_1_5' title="bbox 149 737 1253 875; baseline 0.008 -76"><span class='ocrx_word' id='word_1_29' title='bbox 149 737 286 821; x_wconf 82' lang='lat' dir='ltr'><strong><em>sinqulcs</em></strong></span> <span class='ocrx_word' id='word_1_30' title='bbox 311 762 425 875; x_wconf 56' lang='lat' dir='ltr'><strong><em>perores</em></strong></span> <span class='ocrx_word' id='word_1_31' title='bbox 452 743 594 827; x_wconf 83' lang='lat' dir='ltr'><strong><em>accipere,</em></strong></span> <span class='ocrx_word' id='word_1_32' title='bbox 624 766 693 828; x_wconf 83' lang='lat' dir='ltr'><strong><em>quoe</em></strong></span> <span class='ocrx_word' id='word_1_33' title='bbox 723 754 793 808; x_wconf 87' lang='lat' dir='ltr'><strong><em>sant</em></strong></span> <span class='ocrx_word' id='word_1_34' title='bbox 821 742 859 808; x_wconf 83' lang='lat' dir='ltr'><strong><em>al</em></strong></span> <span class='ocrx_word' id='word_1_35' title='bbox 893 744 958 808; x_wconf 85' lang='lat' dir='ltr'><strong><em>illis</em></strong></span> <span class='ocrx_word' id='word_1_36' title='bbox 991 744 1096 830; x_wconf 73' lang='lat' dir='ltr'><strong><em>mnqa‘</em></strong></span> <span class='ocrx_word' id='word_1_37' title='bbox 1108 744 1253 829; x_wconf 77' lang='lat' dir='ltr'><strong><em>propenie</em></strong></span> 
     </span>
     <span class='ocr_line' id='line_1_6' title="bbox 148 834 316 907; baseline 0.012 -21"><span class='ocrx_word' id='word_1_38' title='bbox 148 834 316 907; x_wconf 74' lang='lat' dir='ltr'><strong><em>perarata.</em></strong></span> 
     </span>
    </p>

    <p class='ocr_par' dir='ltr' id='par_1_4' title="bbox 109 909 1254 1148">
     <span class='ocr_line' id='line_1_7' title="bbox 109 909 1253 1001; baseline 0.005 -28"><span class='ocrx_word' id='word_1_39' title='bbox 109 927 143 973; x_wconf 82' lang='lat'><strong><em>40</em></strong></span> <span class='ocrx_word' id='word_1_40' title='bbox 195 909 372 995; x_wconf 71' lang='lat' dir='ltr'><strong><em>Responsa</em></strong></span> <span class='ocrx_word' id='word_1_41' title='bbox 387 913 569 999; x_wconf 78' lang='lat' dir='ltr'>Gregorius.</span> <span class='ocrx_word' id='word_1_42' title='bbox 614 916 680 979; x_wconf 84' lang='lat' dir='ltr'><strong><em>Hoc</em></strong></span> <span class='ocrx_word' id='word_1_43' title='bbox 688 916 766 997; x_wconf 76' lang='lat' dir='ltr'><strong><em>ficri</em></strong></span> <span class='ocrx_word' id='word_1_44' title='bbox 780 915 876 980; x_wconf 80' lang='lat' dir='ltr'><strong><em>modis</em></strong></span> <span class='ocrx_word' id='word_1_45' title='bbox 890 913 1120 980; x_wconf 80' lang='lat' dir='ltr'><strong><em>omnibuslicet:</em></strong></span> <span class='ocrx_word' id='word_1_46' title='bbox 1142 936 1253 1001; x_wconf 89' lang='lat' dir='ltr'><strong><em>nequa-</em></strong></span> 
     </span>
     <span class='ocr_line' id='line_1_8' title="bbox 151 998 1254 1087; baseline 0.007 -30"><span class='ocrx_word' id='word_1_47' title='bbox 151 1015 243 1077; x_wconf 89' lang='lat' dir='ltr'><strong><em>qnam</em></strong></span> <span class='ocrx_word' id='word_1_48' title='bbox 256 998 336 1059; x_wconf 86' lang='lat' dir='ltr'><strong><em>enim</em></strong></span> <span class='ocrx_word' id='word_1_49' title='bbox 349 999 384 1061; x_wconf 88' lang='lat' dir='ltr'><strong><em>in</em></strong></span> <span class='ocrx_word' id='word_1_50' title='bbox 397 1000 495 1063; x_wconf 87' lang='lat' dir='ltr'><strong><em>sacris</em></strong></span> <span class='ocrx_word' id='word_1_51' title='bbox 508 1000 633 1085; x_wconf 74' lang='lat' dir='ltr'><strong><em>emqniis</em></strong></span> <span class='ocrx_word' id='word_1_52' title='bbox 646 1002 801 1065; x_wconf 87' lang='lat' dir='ltr'><strong><em>inuenitur</em></strong></span> <span class='ocrx_word' id='word_1_53' title='bbox 815 1001 895 1086; x_wconf 80' lang='lat' dir='ltr'><strong><em>qaod</em></strong></span> <span class='ocrx_word' id='word_1_54' title='bbox 907 1001 978 1065; x_wconf 84' lang='lat' dir='ltr'><strong><em>luia</em></strong></span> <span class='ocrx_word' id='word_1_55' title='bbox 991 1001 1124 1087; x_wconf 87' lang='lat' dir='ltr'><strong><em>capitulo</em></strong></span> <span class='ocrx_word' id='word_1_56' title='bbox 1136 1010 1254 1065; x_wconf 90' lang='lat' dir='ltr'><strong><em>contra-</em></strong></span> 
     </span>
     <span class='ocr_line' id='line_1_9' title="bbox 150 1079 413 1148; baseline 0.019 -5"><span class='ocrx_word' id='word_1_57' title='bbox 150 1079 249 1144; x_wconf 83' lang='lat' dir='ltr'><strong><em>dicere</em></strong></span> <span class='ocrx_word' id='word_1_58' title='bbox 262 1084 413 1148; x_wconf 82' lang='lat' dir='ltr'><strong><em>uideatur.</em></strong></span> 
     </span>
    </p>

    <p class='ocr_par' dir='ltr' id='par_1_5' title="bbox 142 1166 1256 1428">
     <span class='ocr_line' id='line_1_10' title="bbox 196 1166 1254 1258; baseline 0.008 -31"><span class='ocrx_word' id='word_1_59' title='bbox 196 1166 238 1229; x_wconf 96' lang='lat' dir='ltr'><strong><em>V.</em></strong></span> <span class='ocrx_word' id='word_1_60' title='bbox 258 1168 472 1254; x_wconf 83' lang='lat' dir='ltr'><strong><em>interrogatio</em></strong></span> <span class='ocrx_word' id='word_1_61' title='bbox 487 1172 669 1257; x_wconf 83' lang='lat' dir='ltr'><strong><em>Augustini.</em></strong></span> <span class='ocrx_word' id='word_1_62' title='bbox 721 1172 821 1257; x_wconf 86' lang='lat' dir='ltr'><strong><em>Usque</em></strong></span> <span class='ocrx_word' id='word_1_63' title='bbox 838 1173 1020 1258; x_wconf 82' lang='lat' dir='ltr'><strong><em>aclquotcm</em></strong></span> <span class='ocrx_word' id='word_1_64' title='bbox 1034 1172 1254 1258; x_wconf 80' lang='lat' dir='ltr'><strong><em>qenerationem</em></strong></span> 
     </span>
     <span class='ocr_line' id='line_1_11' title="bbox 142 1250 1256 1343; baseline 0.005 -28"><span class='ocrx_word' id='word_1_65' title='bbox 142 1250 250 1334; x_wconf 82' lang='lat' dir='ltr'><strong><em>fideles</em></strong></span> <span class='ocrx_word' id='word_1_66' title='bbox 262 1253 388 1319; x_wconf 75' lang='lat' dir='ltr'><strong><em>debeam</em></strong></span> <span class='ocrx_word' id='word_1_67' title='bbox 402 1278 470 1319; x_wconf 88' lang='lat' dir='ltr'><strong><em>cum</em></strong></span> <span class='ocrx_word' id='word_1_68' title='bbox 477 1259 661 1343; x_wconf 67' lang='lat' dir='ltr'><strong><em>propinquis</em></strong></span> <span class='ocrx_word' id='word_1_69' title='bbox 673 1257 732 1321; x_wconf 80' lang='lat' dir='ltr'><strong><em>sili</em></strong></span> <span class='ocrx_word' id='word_1_70' title='bbox 746 1258 882 1343; x_wconf 77' lang='lat' dir='ltr'><strong><em>conjnqio</em></strong></span> <span class='ocrx_word' id='word_1_71' title='bbox 897 1258 1059 1343; x_wconf 75' lang='lat' dir='ltr'><strong><em>copulari?</em></strong></span> <span class='ocrx_word' id='word_1_72' title='bbox 1081 1266 1108 1322; x_wconf 90' lang='lat' dir='ltr'><strong><em>et</em></strong></span> <span class='ocrx_word' id='word_1_73' title='bbox 1122 1258 1256 1321; x_wconf 73' lang='lat' dir='ltr'><strong><em>novercis</em></strong></span> 
     </span>
     <span class='ocr_line' id='line_1_12' title="bbox 151 1340 795 1428; baseline 0.011 -28"><span class='ocrx_word' id='word_1_74' title='bbox 151 1345 179 1400; x_wconf 88' lang='lat' dir='ltr'><strong><em>et</em></strong></span> <span class='ocrx_word' id='word_1_75' title='bbox 193 1340 325 1422; x_wconf 80' lang='lat' dir='ltr'><strong><em>copretis</em></strong></span> <span class='ocrx_word' id='word_1_76' title='bbox 337 1342 366 1404; x_wconf 88' lang='lat' dir='ltr'><strong><em>si</em></strong></span> <span class='ocrx_word' id='word_1_77' title='bbox 379 1341 469 1405; x_wconf 85' lang='lat' dir='ltr'><strong><em>liceat</em></strong></span> <span class='ocrx_word' id='word_1_78' title='bbox 482 1343 621 1427; x_wconf 70' lang='lat' dir='ltr'><strong><em>copnlmi</em></strong></span> <span class='ocrx_word' id='word_1_79' title='bbox 634 1344 795 1428; x_wconf 79' lang='lat' dir='ltr'><strong><em>conjnpio?</em></strong></span> 
     </span>
    </p>

    <p class='ocr_par' dir='ltr' id='par_1_6' title="bbox 109 1422 1257 1941">
     <span class='ocr_line' id='line_1_13' title="bbox 109 1422 1257 1513; baseline 0.005 -27"><span class='ocrx_word' id='word_1_80' title='bbox 109 1438 143 1488; x_wconf 76' lang='lat'><strong><em>45</em></strong></span> <span class='ocrx_word' id='word_1_81' title='bbox 197 1422 374 1509; x_wconf 70' lang='lat' dir='ltr'>Respondit</span> <span class='ocrx_word' id='word_1_82' title='bbox 403 1427 585 1513; x_wconf 76' lang='lat' dir='ltr'>Gregorius.</span> <span class='ocrx_word' id='word_1_83' title='bbox 647 1430 794 1508; x_wconf 74' lang='lat' dir='ltr'><strong><em>Quadam</em></strong></span> <span class='ocrx_word' id='word_1_84' title='bbox 822 1438 941 1492; x_wconf 84' lang='lat' dir='ltr'><strong><em>terrena</em></strong></span> <span class='ocrx_word' id='word_1_85' title='bbox 975 1428 1021 1491; x_wconf 73' lang='lat' dir='ltr'><strong><em>mu</em></strong></span> <span class='ocrx_word' id='word_1_86' title='bbox 1052 1429 1086 1491; x_wconf 90' lang='lat' dir='ltr'><strong><em>iu</em></strong></span> <span class='ocrx_word' id='word_1_87' title='bbox 1114 1430 1257 1493; x_wconf 60' lang='lat' dir='ltr'><strong><em>Muenna</em></strong></span> 
     </span>
     <span class='ocr_line' id='line_1_14' title="bbox 152 1509 1255 1598; baseline 0.006 -27"><span class='ocrx_word' id='word_1_88' title='bbox 152 1509 308 1593; x_wconf 75' lang='lat' dir='ltr'><strong><em>republica</em></strong></span> <span class='ocrx_word' id='word_1_89' title='bbox 337 1514 501 1597; x_wconf 83' lang='lat' dir='ltr'><strong><em>permittit,</em></strong></span> <span class='ocrx_word' id='word_1_90' title='bbox 539 1525 574 1579; x_wconf 90' lang='lat' dir='ltr'><strong><em>ut</em></strong></span> <span class='ocrx_word' id='word_1_91' title='bbox 607 1516 669 1578; x_wconf 87' lang='lat' dir='ltr'><strong><em>sim</em></strong></span> <span class='ocrx_word' id='word_1_92' title='bbox 703 1514 719 1559; x_wconf 73' lang='lat'><strong><em>¹¹</em></strong></span> <span class='ocrx_word' id='word_1_93' title='bbox 727 1516 835 1598; x_wconf 89' lang='lat' dir='ltr'><strong><em>frater</em></strong></span> <span class='ocrx_word' id='word_1_94' title='bbox 867 1524 894 1577; x_wconf 89' lang='lat' dir='ltr'><strong><em>et</em></strong></span> <span class='ocrx_word' id='word_1_95' title='bbox 924 1535 1019 1591; x_wconf 88' lang='lat' dir='ltr'><strong><em>soror,</em></strong></span> <span class='ocrx_word' id='word_1_96' title='bbox 1046 1536 1097 1578; x_wconf 87' lang='lat' dir='ltr'><strong><em>seu</em></strong></span> <span class='ocrx_word' id='word_1_97' title='bbox 1126 1515 1255 1578; x_wconf 81' lang='lat' dir='ltr'><strong><em>duorum</em></strong></span> 
     </span>
     <span class='ocr_line' id='line_1_15' title="bbox 144 1595 1255 1682; baseline 0.005 -25"><span class='ocrx_word' id='word_1_98' title='bbox 144 1595 289 1678; x_wconf 76' lang='lat' dir='ltr'><strong><em>fratrum</em></strong></span> <span class='ocrx_word' id='word_1_99' title='bbox 306 1619 518 1682; x_wconf 76' lang='lat' dir='ltr'><strong><em>perrenorum</em></strong></span> <span class='ocrx_word' id='word_1_100' title='bbox 539 1599 587 1663; x_wconf 87' lang='lat' dir='ltr'><strong><em>nel</em></strong></span> <span class='ocrx_word' id='word_1_101' title='bbox 606 1601 740 1663; x_wconf 75' lang='lat' dir='ltr'><strong><em>duonum</em></strong></span> <span class='ocrx_word' id='word_1_102' title='bbox 758 1620 893 1663; x_wconf 88' lang='lat' dir='ltr'><strong><em>sororum</em></strong></span> <span class='ocrx_word' id='word_1_103' title='bbox 905 1599 996 1681; x_wconf 80' lang='lat' dir='ltr'><strong><em>filius</em></strong></span> <span class='ocrx_word' id='word_1_104' title='bbox 1017 1609 1043 1663; x_wconf 87' lang='lat' dir='ltr'><strong><em>et</em></strong></span> <span class='ocrx_word' id='word_1_105' title='bbox 1055 1599 1132 1681; x_wconf 83' lang='lat' dir='ltr'><strong><em>fllia</em></strong></span> <span class='ocrx_word' id='word_1_106' title='bbox 1153 1602 1255 1663; x_wconf 87' lang='lat' dir='ltr'><strong><em>misce-</em></strong></span> 
     </span>
     <span class='ocr_line' id='line_1_16' title="bbox 153 1684 1256 1769; baseline 0.004 -26"><span class='ocrx_word' id='word_1_107' title='bbox 153 1691 256 1744; x_wconf 89' lang='lat' dir='ltr'><strong><em>antur.</em></strong></span> <span class='ocrx_word' id='word_1_108' title='bbox 305 1684 369 1747; x_wconf 75' lang='lat' dir='ltr'><strong><em>sec</em></strong></span> <span class='ocrx_word' id='word_1_109' title='bbox 393 1686 589 1769; x_wconf 76' lang='lat' dir='ltr'><strong><em>mpminsento</em></strong></span> <span class='ocrx_word' id='word_1_110' title='bbox 617 1686 792 1762; x_wconf 68' lang='lat' dir='ltr'><strong><em>aemma,</em></strong></span> <span class='ocrx_word' id='word_1_111' title='bbox 822 1707 857 1748; x_wconf 84' lang='lat' dir='ltr'><strong><em>en</em></strong></span> <span class='ocrx_word' id='word_1_112' title='bbox 885 1685 943 1748; x_wconf 89' lang='lat' dir='ltr'><strong><em>tali</em></strong></span> <span class='ocrx_word' id='word_1_113' title='bbox 972 1684 1106 1769; x_wconf 78' lang='lat' dir='ltr'><strong><em>conpilpic</em></strong></span> <span class='ocrx_word' id='word_1_114' title='bbox 1133 1684 1256 1749; x_wconf 65' lang='lat' dir='ltr'><strong><em>roboam</em></strong></span> 
     </span>
     <span class='ocr_line' id='line_1_17' title="bbox 153 1770 1255 1855; baseline 0.004 -26"><span class='ocrx_word' id='word_1_115' title='bbox 153 1787 214 1829; x_wconf 91' lang='lat' dir='ltr'><strong><em>non</em></strong></span> <span class='ocrx_word' id='word_1_116' title='bbox 228 1790 316 1853; x_wconf 88' lang='lat' dir='ltr'><strong><em>posse</em></strong></span> <span class='ocrx_word' id='word_1_117' title='bbox 332 1774 530 1833; x_wconf 74' lang='lat' dir='ltr'><strong><em>succrescere:</em></strong></span> <span class='ocrx_word' id='word_1_118' title='bbox 553 1772 597 1834; x_wconf 75' lang='lat' dir='ltr'><strong><em>nl</em></strong></span> <span class='ocrx_word' id='word_1_119' title='bbox 617 1793 708 1835; x_wconf 88' lang='lat' dir='ltr'><strong><em>secra</em></strong></span> <span class='ocrx_word' id='word_1_120' title='bbox 729 1771 777 1833; x_wconf 67' lang='lat' dir='ltr'><strong><em>mr</em></strong></span> <span class='ocrx_word' id='word_1_121' title='bbox 791 1770 931 1855; x_wconf 78' lang='lat' dir='ltr'><strong><em>prolibat</em></strong></span> <span class='ocrx_word' id='word_1_122' title='bbox 952 1772 1133 1855; x_wconf 69' lang='lat' dir='ltr'><strong><em>cognationis</em></strong></span> <span class='ocrx_word' id='word_1_123' title='bbox 1154 1772 1255 1855; x_wconf 79' lang='lat' dir='ltr'><strong><em>tarpi-</em></strong></span> 
     </span>
     <span class='ocr_line' id='line_1_18' title="bbox 155 1852 1257 1941; baseline 0.004 -26"><span class='ocrx_word' id='word_1_124' title='bbox 155 1852 290 1916; x_wconf 75' lang='lat' dir='ltr'><strong><em>tadincm</em></strong></span> <span class='ocrx_word' id='word_1_125' title='bbox 313 1854 454 1919; x_wconf 79' lang='lat' dir='ltr'><strong><em>revelare.</em></strong></span> <span class='ocrx_word' id='word_1_126' title='bbox 505 1856 592 1919; x_wconf 86' lang='lat' dir='ltr'><strong><em>Unde</em></strong></span> <span class='ocrx_word' id='word_1_127' title='bbox 615 1878 725 1920; x_wconf 86' lang='lat' dir='ltr'><strong><em>neccsse</em></strong></span> <span class='ocrx_word' id='word_1_128' title='bbox 747 1866 789 1920; x_wconf 87' lang='lat' dir='ltr'><strong><em>est</em></strong></span> <span class='ocrx_word' id='word_1_129' title='bbox 817 1864 850 1919; x_wconf 88' lang='lat' dir='ltr'><strong><em>ut</em></strong></span> <span class='ocrx_word' id='word_1_130' title='bbox 871 1856 942 1939; x_wconf 83' lang='lat' dir='ltr'><strong><em>jam</em></strong></span> <span class='ocrx_word' id='word_1_131' title='bbox 965 1856 1057 1919; x_wconf 88' lang='lat' dir='ltr'><strong><em>teriia</em></strong></span> <span class='ocrx_word' id='word_1_132' title='bbox 1078 1856 1126 1919; x_wconf 84' lang='lat' dir='ltr'><strong><em>oei</em></strong></span> <span class='ocrx_word' id='word_1_133' title='bbox 1145 1865 1257 1941; x_wconf 82' lang='lat' dir='ltr'><strong><em>quarta</em></strong></span> 
     </span>
    </p>

    <p class='ocr_par' dir='ltr' id='par_1_7' title="bbox 102 1932 1259 2541">
     <span class='ocr_line' id='line_1_19' title="bbox 102 1932 1258 2027; baseline 0.001 -25"><span class='ocrx_word' id='word_1_134' title='bbox 102 1932 306 2021; x_wconf 79' lang='lat' dir='ltr'><strong><em>64qenercno</em></strong></span> <span class='ocrx_word' id='word_1_135' title='bbox 317 1940 462 2022; x_wconf 75' lang='lat' dir='ltr'><strong><em>fidelium</em></strong></span> <span class='ocrx_word' id='word_1_136' title='bbox 476 1942 595 2005; x_wconf 75' lang='lat' dir='ltr'><strong><em>limma</em></strong></span> <span class='ocrx_word' id='word_1_137' title='bbox 608 1942 667 2006; x_wconf 81' lang='lat' dir='ltr'><strong><em>sibi</em></strong></span> <span class='ocrx_word' id='word_1_138' title='bbox 680 1942 774 2026; x_wconf 77' lang='lat' dir='ltr'><strong><em>junqi</em></strong></span> <span class='ocrx_word' id='word_1_139' title='bbox 792 1940 913 2005; x_wconf 77' lang='lat' dir='ltr'><strong><em>deleat:</em></strong></span> <span class='ocrx_word' id='word_1_140' title='bbox 936 1962 1009 2005; x_wconf 91' lang='lat' dir='ltr'><strong><em>nam</em></strong></span> <span class='ocrx_word' id='word_1_141' title='bbox 1022 1942 1152 2005; x_wconf 81' lang='lat' dir='ltr'><strong><em>secunda</em></strong></span> <span class='ocrx_word' id='word_1_142' title='bbox 1166 1963 1258 2027; x_wconf 91' lang='lat' dir='ltr'><strong><em>qnam</em></strong></span> 
     </span>
     <span class='ocr_line' id='line_1_20' title="bbox 148 2024 1258 2107; baseline 0.005 -22"><span class='ocrx_word' id='word_1_143' title='bbox 148 2024 368 2107; x_wconf 66' lang='lat' dir='ltr'><strong><em>pradiaimua</em></strong></span> <span class='ocrx_word' id='word_1_144' title='bbox 393 2049 414 2090; x_wconf 90' lang='lat' dir='ltr'><strong><em>a</em></strong></span> <span class='ocrx_word' id='word_1_145' title='bbox 438 2048 468 2089; x_wconf 88' lang='lat' dir='ltr'><strong><em>se</em></strong></span> <span class='ocrx_word' id='word_1_146' title='bbox 493 2028 574 2091; x_wconf 83' lang='lat' dir='ltr'><strong><em>anni</em></strong></span> <span class='ocrx_word' id='word_1_147' title='bbox 602 2030 688 2091; x_wconf 87' lang='lat' dir='ltr'><strong><em>modo</em></strong></span> <span class='ocrx_word' id='word_1_148' title='bbox 716 2026 796 2091; x_wconf 78' lang='lat' dir='ltr'><strong><em>cele</em></strong></span> <span class='ocrx_word' id='word_1_149' title='bbox 824 2026 980 2091; x_wconf 76' lang='lat' dir='ltr'><strong><em>abstinere.</em></strong></span> <span class='ocrx_word' id='word_1_150' title='bbox 1028 2029 1103 2090; x_wconf 81' lang='lat' dir='ltr'><strong><em>Ourn</em></strong></span> <span class='ocrx_word' id='word_1_151' title='bbox 1131 2048 1258 2091; x_wconf 85' lang='lat' dir='ltr'><strong><em>nouerca</em></strong></span> 
     </span>
     <span class='ocr_line' id='line_1_21' title="bbox 154 2108 1256 2197; baseline 0.002 -26"><span class='ocrx_word' id='word_1_152' title='bbox 154 2119 256 2173; x_wconf 70' lang='lat' dir='ltr'><strong><em>annm</em></strong></span> <span class='ocrx_word' id='word_1_153' title='bbox 271 2108 405 2175; x_wconf 87' lang='lat' dir='ltr'><strong><em>¹miscere</em></strong></span> <span class='ocrx_word' id='word_1_154' title='bbox 422 2134 516 2196; x_wconf 76' lang='lat' dir='ltr'><strong><em>praue</em></strong></span> <span class='ocrx_word' id='word_1_155' title='bbox 537 2124 580 2178; x_wconf 85' lang='lat' dir='ltr'><strong><em>cst</em></strong></span> <span class='ocrx_word' id='word_1_156' title='bbox 591 2115 731 2196; x_wconf 85' lang='lat' dir='ltr'><strong><em>facinus,</em></strong></span> <span class='ocrx_word' id='word_1_157' title='bbox 746 2114 820 2197; x_wconf 89' lang='lat' dir='ltr'><strong><em>qnia</em></strong></span> <span class='ocrx_word' id='word_1_158' title='bbox 842 2123 871 2177; x_wconf 89' lang='lat' dir='ltr'><strong><em>et</em></strong></span> <span class='ocrx_word' id='word_1_159' title='bbox 887 2113 921 2176; x_wconf 92' lang='lat' dir='ltr'><strong><em>in</em></strong></span> <span class='ocrx_word' id='word_1_160' title='bbox 935 2114 1014 2197; x_wconf 84' lang='lat' dir='ltr'><strong><em>Leqe</em></strong></span> <span class='ocrx_word' id='word_1_161' title='bbox 1030 2114 1176 2197; x_wconf 78' lang='lat' dir='ltr'><strong><em>scriptum</em></strong></span> <span class='ocrx_word' id='word_1_162' title='bbox 1195 2122 1256 2177; x_wconf 81' lang='lat' dir='ltr'><strong><em>est.-</em></strong></span> 
     </span>
     <span class='ocr_line' id='line_1_22' title="bbox 157 2194 1258 2283; baseline 0.003 -26"><span class='ocrx_word' id='word_1_163' title='bbox 157 2194 400 2281; x_wconf 83' lang='lat' dir='ltr'><strong><em>Turpitudinem</em></strong></span> <span class='ocrx_word' id='word_1_164' title='bbox 423 2199 525 2282; x_wconf 81' lang='lat' dir='ltr'><strong><em>patris</em></strong></span> <span class='ocrx_word' id='word_1_165' title='bbox 548 2199 596 2262; x_wconf 85' lang='lat' dir='ltr'><strong><em>tui</em></strong></span> <span class='ocrx_word' id='word_1_166' title='bbox 623 2222 687 2263; x_wconf 91' lang='lat' dir='ltr'><strong><em>non</em></strong></span> <span class='ocrx_word' id='word_1_167' title='bbox 712 2198 875 2263; x_wconf 73' lang='lat' dir='ltr'><strong><em>revelabis.</em></strong></span> <span class='ocrx_word' id='word_1_168' title='bbox 920 2199 1027 2283; x_wconf 84' lang='lat' dir='ltr'><strong><em>Neque</em></strong></span> <span class='ocrx_word' id='word_1_169' title='bbox 1051 2198 1131 2263; x_wconf 89' lang='lat' dir='ltr'><strong><em>enim</em></strong></span> <span class='ocrx_word' id='word_1_170' title='bbox 1151 2198 1258 2282; x_wconf 87' lang='lat' dir='ltr'><strong><em>putris</em></strong></span> 
     </span>
     <span class='ocr_line' id='line_1_23' title="bbox 157 2282 1253 2369; baseline 0.001 -26"><span class='ocrx_word' id='word_1_171' title='bbox 157 2282 376 2365; x_wconf 81' lang='lat' dir='ltr'><strong><em>turpitudinem</em></strong></span> <span class='ocrx_word' id='word_1_172' title='bbox 396 2283 487 2366; x_wconf 80' lang='lat' dir='ltr'><strong><em>silius</em></strong></span> <span class='ocrx_word' id='word_1_173' title='bbox 515 2284 648 2349; x_wconf 71' lang='lat' dir='ltr'><strong><em>revelare</em></strong></span> <span class='ocrx_word' id='word_1_174' title='bbox 669 2294 773 2369; x_wconf 77' lang='lat' dir='ltr'><strong><em>potest.</em></strong></span> <span class='ocrx_word' id='word_1_175' title='bbox 828 2284 892 2349; x_wconf 74' lang='lat' dir='ltr'><strong><em>Sed</em></strong></span> <span class='ocrx_word' id='word_1_176' title='bbox 918 2285 992 2369; x_wconf 88' lang='lat' dir='ltr'><strong><em>quia</em></strong></span> <span class='ocrx_word' id='word_1_177' title='bbox 1020 2286 1167 2368; x_wconf 83' lang='lat' dir='ltr'><strong><em>scriptam</em></strong></span> <span class='ocrx_word' id='word_1_178' title='bbox 1195 2292 1253 2346; x_wconf 88' lang='lat' dir='ltr'><strong><em>est.</em></strong></span> 
     </span>
     <span class='ocr_line' id='line_1_24' title="bbox 158 2364 1259 2455; baseline 0.005 -28"><span class='ocrx_word' id='word_1_179' title='bbox 158 2364 266 2432; x_wconf 85' lang='lat' dir='ltr'><strong><em>Erunt</em></strong></span> <span class='ocrx_word' id='word_1_180' title='bbox 287 2369 350 2431; x_wconf 94' lang='lat' dir='ltr'><strong><em>duo</em></strong></span> <span class='ocrx_word' id='word_1_181' title='bbox 369 2368 402 2431; x_wconf 91' lang='lat' dir='ltr'><strong><em>in</em></strong></span> <span class='ocrx_word' id='word_1_182' title='bbox 421 2391 517 2433; x_wconf 85' lang='lat' dir='ltr'><strong><em>carne</em></strong></span> <span class='ocrx_word' id='word_1_183' title='bbox 535 2392 618 2444; x_wconf 85' lang='lat' dir='ltr'><strong><em>unn;</em></strong></span> <span class='ocrx_word' id='word_1_184' title='bbox 642 2370 697 2455; x_wconf 86' lang='lat' dir='ltr'><strong><em>qui</em></strong></span> <span class='ocrx_word' id='word_1_185' title='bbox 717 2369 936 2454; x_wconf 63' lang='lat' dir='ltr'><strong><em>turpitudinen</em></strong></span> <span class='ocrx_word' id='word_1_186' title='bbox 957 2390 1088 2433; x_wconf 82' lang='lat' dir='ltr'><strong><em>nocema</em></strong></span> <span class='ocrx_word' id='word_1_187' title='bbox 1107 2391 1177 2455; x_wconf 82' lang='lat' dir='ltr'><strong><em>quoe</em></strong></span> <span class='ocrx_word' id='word_1_188' title='bbox 1196 2391 1259 2433; x_wconf 92' lang='lat' dir='ltr'><strong><em>una</em></strong></span> 
     </span>
     <span class='ocr_line' id='line_1_25' title="bbox 132 2455 1259 2541; baseline 0.001 -26"><span class='ocrx_word' id='word_1_189' title='bbox 132 2472 228 2527; x_wconf 69' lang='lat' dir='ltr'><strong><em>scaro</em></strong></span> <span class='ocrx_word' id='word_1_190' title='bbox 257 2476 324 2517; x_wconf 81' lang='lat' dir='ltr'><strong><em>arm</em></strong></span> <span class='ocrx_word' id='word_1_191' title='bbox 345 2465 438 2538; x_wconf 88' lang='lat' dir='ltr'><strong><em>patre</em></strong></span> <span class='ocrx_word' id='word_1_192' title='bbox 457 2455 529 2538; x_wconf 77' lang='lat' dir='ltr'><strong><em>snit</em></strong></span> <span class='ocrx_word' id='word_1_193' title='bbox 561 2456 696 2523; x_wconf 69' lang='lat' dir='ltr'><strong><em>reoelrre</em></strong></span> <span class='ocrx_word' id='word_1_194' title='bbox 724 2456 966 2541; x_wconf 70' lang='lat' dir='ltr'><strong><em>presumpserit,</em></strong></span> <span class='ocrx_word' id='word_1_195' title='bbox 990 2456 1127 2539; x_wconf 76' lang='lat' dir='ltr'><strong><em>profecto</em></strong></span> <span class='ocrx_word' id='word_1_196' title='bbox 1155 2455 1259 2539; x_wconf 86' lang='lat' dir='ltr'><strong><em>putris</em></strong></span> 
     </span>
    </p>
   </div>
   <div class='ocr_carea' id='block_1_3' title="bbox 156 2538 1259 2627">
    <p class='ocr_par' dir='ltr' id='par_1_8' title="bbox 156 2538 1259 2627">
     <span class='ocr_line' id='line_1_26' title="bbox 156 2538 1259 2627; baseline 0.002 -26"><span class='ocrx_word' id='word_1_197' title='bbox 156 2539 376 2624; x_wconf 80' lang='lat' dir='ltr'><strong><em>turpitudinem</em></strong></span> <span class='ocrx_word' id='word_1_198' title='bbox 390 2541 542 2607; x_wconf 73' lang='lat' dir='ltr'><strong><em>reeelroit.</em></strong></span> <span class='ocrx_word' id='word_1_199' title='bbox 584 2542 660 2606; x_wconf 75' lang='lat' dir='ltr'><strong><em>Oum</em></strong></span> <span class='ocrx_word' id='word_1_200' title='bbox 674 2551 800 2626; x_wconf 87' lang='lat' dir='ltr'><strong><em>coqnata</em></strong></span> <span class='ocrx_word' id='word_1_201' title='bbox 815 2564 927 2627; x_wconf 89' lang='lat' dir='ltr'><strong><em>quoque</em></strong></span> <span class='ocrx_word' id='word_1_202' title='bbox 941 2563 1063 2605; x_wconf 82' lang='lat' dir='ltr'><strong><em>munere</em></strong></span> <span class='ocrx_word' id='word_1_203' title='bbox 1071 2538 1259 2626; x_wconf 76' lang='lat' dir='ltr'><strong><em>prohibitum</em></strong></span> 
     </span>
    </p>
   </div>
   <div class='ocr_carea' id='block_1_4' title="bbox 158 2698 1259 2946">
    <p class='ocr_par' dir='ltr' id='par_1_9' title="bbox 158 2698 1259 2946">
     <span class='ocr_line' id='line_1_27' title="bbox 191 2698 1257 2767; baseline -0.004 -17"><span class='ocrx_word' id='word_1_204' title='bbox 191 2700 200 2739; x_wconf 71' lang='grc' dir='ltr'>ί</span> <span class='ocrx_word' id='word_1_205' title='bbox 217 2716 341 2762; x_wconf 75' lang='lat' dir='ltr'><strong><em>querere.-</em></strong></span> <span class='ocrx_word' id='word_1_206' title='bbox 359 2705 403 2751; x_wconf 85' lang='lat' dir='ltr'><strong><em>sed</em></strong></span> <span class='ocrx_word' id='word_1_207' title='bbox 408 2707 518 2766; x_wconf 82' lang='lat' dir='ltr'><strong><em>propriis</em></strong></span> <span class='ocrx_word' id='word_1_208' title='bbox 527 2706 635 2767; x_wconf 85' lang='lat' dir='ltr'><strong><em>acceptis</em></strong></span> <span class='ocrx_word' id='word_1_209' title='bbox 645 2705 727 2760; x_wconf 79' lang='lat' dir='ltr'><strong><em>retas,</em></strong></span> <span class='ocrx_word' id='word_1_210' title='bbox 739 2705 862 2766; x_wconf 83' lang='lat' dir='ltr'><strong><em>ampliora</em></strong></span> <span class='ocrx_word' id='word_1_211' title='bbox 872 2718 922 2751; x_wconf 88' lang='lat' dir='ltr'><strong><em>non</em></strong></span> <span class='ocrx_word' id='word_1_212' title='bbox 933 2704 1045 2764; x_wconf 85' lang='lat' dir='ltr'><strong><em>requirat</em></strong></span> <span class='ocrx_word' id='word_1_213' title='bbox 1057 2703 1165 2748; x_wconf 85' lang='lat' dir='ltr'><strong><em>ecclesia.</em></strong></span> <span class='ocrx_word' id='word_1_214' title='bbox 1186 2698 1257 2748; x_wconf 77' lang='lat' dir='ltr'><strong><em>ctis.</em></strong></span> 
     </span>
     <span class='ocr_line' id='line_1_28' title="bbox 158 2764 1258 2832; baseline -0.002 -20"><span class='ocrx_word' id='word_1_215' title='bbox 158 2766 244 2825; x_wconf 74' lang='lat' dir='ltr'><strong><em>solus3</em></strong></span> <span class='ocrx_word' id='word_1_216' title='bbox 260 2768 290 2814; x_wconf 84' lang='lat' dir='ltr'><strong><em>de</em></strong></span> <span class='ocrx_word' id='word_1_217' title='bbox 305 2769 402 2816; x_wconf 83' lang='lat' dir='ltr'><strong><em>damnis</em></strong></span> <span class='ocrx_word' id='word_1_218' title='bbox 419 2777 514 2832; x_wconf 81' lang='lat' dir='ltr'><strong><em>qaarat</em></strong></span> <span class='ocrx_word' id='word_1_219' title='bbox 531 2771 620 2817; x_wconf 86' lang='lat' dir='ltr'><strong><em>Bened.</em></strong></span> <span class='ocrx_word' id='word_1_220' title='bbox 632 2772 705 2816; x_wconf 84' lang='lat' dir='ltr'><strong><em>lucra</em></strong></span> <span class='ocrx_word' id='word_1_221' title='bbox 721 2783 789 2816; x_wconf 82' lang='lat' dir='ltr'><strong><em>nana</em></strong></span> <span class='ocrx_word' id='word_1_222' title='bbox 805 2770 932 2830; x_wconf 83' lang='lat' dir='ltr'><strong><em>requirere</em></strong></span> <span class='ocrx_word' id='word_1_223' title='bbox 945 2767 1073 2815; x_wconf 79' lang='lat' dir='ltr'><strong><em>lohannes</em></strong></span> <span class='ocrx_word' id='word_1_224' title='bbox 1089 2765 1193 2813; x_wconf 80' lang='lat' dir='ltr'><strong><em>Dieron.</em></strong></span> <span class='ocrx_word' id='word_1_225' title='bbox 1207 2764 1258 2811; x_wconf 90' lang='lat' dir='ltr'><strong><em>Vit.</em></strong></span> 
     </span>
     <span class='ocr_line' id='line_1_29' title="bbox 159 2830 1259 2896; baseline -0.001 -19"><span class='ocrx_word' id='word_1_226' title='bbox 159 2830 235 2893; x_wconf 85' lang='lat' dir='ltr'><strong><em>Greg.</em></strong></span> <span class='ocrx_word' id='word_1_227' title='bbox 247 2830 273 2878; x_wconf 88' lang='lat' dir='ltr'><strong><em>ii.</em></strong></span> <span class='ocrx_word' id='word_1_228' title='bbox 286 2842 324 2893; x_wconf 72' lang='lat'><strong><em>37.</em></strong></span> <span class='ocrx_word' id='word_1_229' title='bbox 430 2835 445 2874; x_wconf 84' lang='lat' dir='ltr'>k</span> <span class='ocrx_word' id='word_1_230' title='bbox 451 2834 547 2896; x_wconf 81' lang='lat' dir='ltr'><strong><em>fratris</em></strong></span> <span class='ocrx_word' id='word_1_231' title='bbox 557 2837 608 2881; x_wconf 81' lang='lat' dir='ltr'><strong><em>sive</em></strong></span> <span class='ocrx_word' id='word_1_232' title='bbox 618 2835 708 2881; x_wconf 79' lang='lat' dir='ltr'><strong><em>sororis</em></strong></span> <span class='ocrx_word' id='word_1_233' title='bbox 718 2833 809 2881; x_wconf 86' lang='lat' dir='ltr'><strong><em>Bened.</em></strong></span> <span class='ocrx_word' id='word_1_234' title='bbox 816 2833 913 2896; x_wconf 83' lang='lat' dir='ltr'><strong><em>fratris</em></strong></span> <span class='ocrx_word' id='word_1_235' title='bbox 924 2839 948 2880; x_wconf 86' lang='lat' dir='ltr'><strong><em>et</em></strong></span> <span class='ocrx_word' id='word_1_236' title='bbox 958 2833 1047 2880; x_wconf 86' lang='lat' dir='ltr'><strong><em>sororis</em></strong></span> <span class='ocrx_word' id='word_1_237' title='bbox 1058 2831 1089 2878; x_wconf 88' lang='lat' dir='ltr'><strong><em>G.</em></strong></span> <span class='ocrx_word' id='word_1_238' title='bbox 1101 2830 1166 2892; x_wconf 87' lang='lat' dir='ltr'><strong><em>quod</em></strong></span> <span class='ocrx_word' id='word_1_239' title='bbox 1177 2830 1259 2892; x_wconf 84' lang='lat' dir='ltr'><strong><em>legeu-</em></strong></span> 
     </span>
     <span class='ocr_line' id='line_1_30' title="bbox 158 2894 637 2946; baseline 0.008 -4"><span class='ocrx_word' id='word_1_240' title='bbox 158 2894 219 2943; x_wconf 82' lang='lat' dir='ltr'><strong><em>dum</em></strong></span> <span class='ocrx_word' id='word_1_241' title='bbox 230 2910 283 2944; x_wconf 83' lang='lat' dir='ltr'><strong><em>esse</em></strong></span> <span class='ocrx_word' id='word_1_242' title='bbox 293 2897 395 2945; x_wconf 83' lang='lat' dir='ltr'><strong><em>ridetur.</em></strong></span> <span class='ocrx_word' id='word_1_243' title='bbox 479 2899 488 2938; x_wconf 92' lang='lat' dir='ltr'><strong><em>l</em></strong></span> <span class='ocrx_word' id='word_1_244' title='bbox 500 2900 597 2946; x_wconf 77' lang='lat' dir='ltr'><strong><em>misceri</em></strong></span> <span class='ocrx_word' id='word_1_245' title='bbox 609 2898 637 2946; x_wconf 88' lang='lat' dir='ltr'><strong><em>V.</em></strong></span> 
     </span>
    </p>
   </div>
   <div class='ocr_carea' id='block_1_5' title="bbox 154 3017 1304 4639">
    <p class='ocr_par' dir='ltr' id='par_1_10' title="bbox 163 3017 1304 3155">
     <span class='ocr_line' id='line_1_31' title="bbox 192 3017 1304 3090; baseline -0.001 -16"><span class='ocrx_word' id='word_1_246' title='bbox 192 3039 235 3086; x_wconf 82' lang='grc'><strong><em>43.</em></strong></span> <span class='ocrx_word' id='word_1_247' title='bbox 246 3033 271 3074; x_wconf 88' lang='lat' dir='ltr'><strong><em>et</em></strong></span> <span class='ocrx_word' id='word_1_248' title='bbox 280 3028 433 3089; x_wconf 52' lang='lat' dir='ltr'><strong><em>niumm]</em></strong></span> <span class='ocrx_word' id='word_1_249' title='bbox 448 3028 494 3075; x_wconf 72' lang='lat' dir='ltr'><strong><em>Fu.</em></strong></span> <span class='ocrx_word' id='word_1_250' title='bbox 506 3028 560 3075; x_wconf 81' lang='lat' dir='ltr'><strong><em>Par.</em></strong></span> <span class='ocrx_word' id='word_1_251' title='bbox 571 3042 579 3075; x_wconf 88' lang='lat' dir='ltr'><strong><em>r</em></strong></span> <span class='ocrx_word' id='word_1_252' title='bbox 585 3028 632 3090; x_wconf 85' lang='lat'><strong><em>518</em></strong></span> <span class='ocrx_word' id='word_1_253' title='bbox 644 3031 708 3090; x_wconf 88' lang='lat' dir='ltr'><strong><em>spud</em></strong></span> <span class='ocrx_word' id='word_1_254' title='bbox 719 3029 844 3090; x_wconf 87' lang='lat' dir='ltr'><strong><em>Spelmnn.</em></strong></span> <span class='ocrx_word' id='word_1_255' title='bbox 856 3043 905 3075; x_wconf 92' lang='lat' dir='ltr'><strong><em>non</em></strong></span> <span class='ocrx_word' id='word_1_256' title='bbox 923 3028 997 3076; x_wconf 80' lang='lat' dir='ltr'><strong><em>habet</em></strong></span> <span class='ocrx_word' id='word_1_257' title='bbox 1010 3029 1061 3076; x_wconf 79' lang='lat' dir='ltr'><strong><em>haec</em></strong></span> <span class='ocrx_word' id='word_1_258' title='bbox 1071 3027 1101 3074; x_wconf 88' lang='lat' dir='ltr'><strong><em>de</em></strong></span> <span class='ocrx_word' id='word_1_259' title='bbox 1114 3025 1224 3074; x_wconf 80' lang='lat' dir='ltr'><strong><em>novercis</em></strong></span> <span class='ocrx_word' id='word_1_260' title='bbox 1235 3031 1261 3074; x_wconf 84' lang='lat' dir='ltr'><strong><em>et</em></strong></span> <span class='ocrx_word' id='word_1_261' title='bbox 1299 3017 1304 3030; x_wconf 87' lang='grc'><strong>’</strong></span> 
     </span>
     <span class='ocr_line' id='line_1_32' title="bbox 163 3091 1173 3155; baseline -0.002 -15"><span class='ocrx_word' id='word_1_262' title='bbox 163 3091 291 3152; x_wconf 66' lang='lat' dir='ltr'><strong><em>sugnarius</em></strong></span> <span class='ocrx_word' id='word_1_263' title='bbox 308 3092 351 3138; x_wconf 87' lang='lat' dir='ltr'><strong><em>sed</em></strong></span> <span class='ocrx_word' id='word_1_264' title='bbox 362 3091 435 3140; x_wconf 84' lang='lat' dir='ltr'><strong><em>decis</em></strong></span> <span class='ocrx_word' id='word_1_265' title='bbox 446 3093 519 3140; x_wconf 82' lang='lat' dir='ltr'><strong><em>sliam</em></strong></span> <span class='ocrx_word' id='word_1_266' title='bbox 531 3093 749 3155; x_wconf 74' lang='lat' dir='ltr'><strong><em>interrogationem</em></strong></span> <span class='ocrx_word' id='word_1_267' title='bbox 761 3093 822 3142; x_wconf 82' lang='lat' dir='ltr'><strong><em>facit</em></strong></span> <span class='ocrx_word' id='word_1_268' title='bbox 833 3105 888 3154; x_wconf 86' lang='lat' dir='ltr'><strong><em>post</em></strong></span> <span class='ocrx_word' id='word_1_269' title='bbox 898 3094 1046 3154; x_wconf 86' lang='lat' dir='ltr'><strong><em>sanguinem</em></strong></span> <span class='ocrx_word' id='word_1_270' title='bbox 1060 3092 1133 3139; x_wconf 74' lang='lat' dir='ltr'><strong><em>mdis.</em></strong></span> <span class='ocrx_word' id='word_1_271' title='bbox 1147 3093 1173 3138; x_wconf 88' lang='lat' dir='ltr'><strong><em>S.</em></strong></span> 
     </span>
    </p>

    <p class='ocr_par' dir='ltr' id='par_1_11' title="bbox 154 3154 1261 3928">
     <span class='ocr_line' id='line_1_33' title="bbox 193 3154 1260 3219; baseline -0.001 -17"><span class='ocrx_word' id='word_1_272' title='bbox 193 3168 234 3217; x_wconf 85' lang='lat'><strong><em>45.</em></strong></span> <span class='ocrx_word' id='word_1_273' title='bbox 245 3155 368 3218; x_wconf 74' lang='lat' dir='ltr'><strong><em>,Quadam</em></strong></span> <span class='ocrx_word' id='word_1_274' title='bbox 380 3157 433 3218; x_wconf 75' lang='lat' dir='ltr'><strong><em>leel</em></strong></span> <span class='ocrx_word' id='word_1_275' title='bbox 446 3157 513 3204; x_wconf 85' lang='lat' dir='ltr'><strong><em>Grot</em></strong></span> <span class='ocrx_word' id='word_1_276' title='bbox 524 3168 565 3219; x_wconf 84' lang='lat'><strong><em>35.</em></strong></span> <span class='ocrx_word' id='word_1_277' title='bbox 576 3173 600 3218; x_wconf 86' lang='lat' dir='ltr'><strong><em>q.</em></strong></span> <span class='ocrx_word' id='word_1_278' title='bbox 610 3170 632 3205; x_wconf 87' lang='lat'><strong><em>2.</em></strong></span> <span class='ocrx_word' id='word_1_279' title='bbox 646 3174 666 3204; x_wconf 89' lang='lat' dir='ltr'><strong><em>c.</em></strong></span> <span class='ocrx_word' id='word_1_280' title='bbox 677 3172 716 3206; x_wconf 87' lang='lat'><strong><em>20.</em></strong></span> <span class='ocrx_word' id='word_1_281' title='bbox 729 3160 752 3206; x_wconf 89' lang='lat' dir='ltr'><strong><em>S.</em></strong></span> <span class='ocrx_word' id='word_1_282' title='bbox 785 3159 816 3206; x_wconf 88' lang='lat' dir='ltr'><strong><em>Et</em></strong></span> <span class='ocrx_word' id='word_1_283' title='bbox 827 3158 963 3206; x_wconf 80' lang='lat' dir='ltr'><strong><em>lustiniun.</em></strong></span> <span class='ocrx_word' id='word_1_284' title='bbox 977 3157 1086 3205; x_wconf 83' lang='lat' dir='ltr'><strong><em>institut.</em></strong></span> <span class='ocrx_word' id='word_1_285' title='bbox 1103 3171 1123 3204; x_wconf 87' lang='lat'><strong><em>1.</em></strong></span> <span class='ocrx_word' id='word_1_286' title='bbox 1135 3171 1158 3203; x_wconf 87' lang='lat' dir='ltr'><strong><em>x.</em></strong></span> <span class='ocrx_word' id='word_1_287' title='bbox 1172 3173 1203 3216; x_wconf 85' lang='lat'><strong><em>4=</em></strong></span> <span class='ocrx_word' id='word_1_288' title='bbox 1217 3154 1260 3202; x_wconf 87' lang='lat' dir='ltr'><strong><em>ubi</em></strong></span> 
     </span>
     <span class='ocr_line' id='line_1_34' title="bbox 160 3220 1260 3283; baseline -0.001 -16"><span class='ocrx_word' id='word_1_289' title='bbox 160 3220 250 3268; x_wconf 80' lang='lat' dir='ltr'><strong><em>Vinius</em></strong></span> <span class='ocrx_word' id='word_1_290' title='bbox 259 3221 285 3266; x_wconf 91' lang='lat' dir='ltr'><strong><em>in</em></strong></span> <span class='ocrx_word' id='word_1_291' title='bbox 296 3220 402 3268; x_wconf 83' lang='lat' dir='ltr'><strong><em>Annott.</em></strong></span> <span class='ocrx_word' id='word_1_292' title='bbox 415 3223 466 3269; x_wconf 79' lang='lat' dir='ltr'><strong><em>haec</em></strong></span> <span class='ocrx_word' id='word_1_293' title='bbox 476 3221 563 3270; x_wconf 76' lang='lat' dir='ltr'><strong><em>bnbetr</em></strong></span> <span class='ocrx_word' id='word_1_294' title='bbox 580 3225 733 3283; x_wconf 79' lang='lat' dir='ltr'><strong><em>Augustinus</em></strong></span> <span class='ocrx_word' id='word_1_295' title='bbox 748 3224 785 3270; x_wconf 83' lang='lat' dir='ltr'><strong><em>De</em></strong></span> <span class='ocrx_word' id='word_1_296' title='bbox 797 3223 904 3270; x_wconf 83' lang='lat' dir='ltr'><strong><em>Civitute</em></strong></span> <span class='ocrx_word' id='word_1_297' title='bbox 920 3223 968 3270; x_wconf 88' lang='lat' dir='ltr'><strong><em>Dei</em></strong></span> <span class='ocrx_word' id='word_1_298' title='bbox 985 3223 1015 3269; x_wconf 89' lang='lat' dir='ltr'><strong><em>de</em></strong></span> <span class='ocrx_word' id='word_1_299' title='bbox 1030 3221 1158 3269; x_wconf 88' lang='lat' dir='ltr'><strong><em>connubiis</em></strong></span> <span class='ocrx_word' id='word_1_300' title='bbox 1173 3233 1260 3267; x_wconf 88' lang='lat' dir='ltr'><strong><em>conso-</em></strong></span> 
     </span>
     <span class='ocr_line' id='line_1_35' title="bbox 160 3285 1261 3348; baseline -0.003 -15"><span class='ocrx_word' id='word_1_301' title='bbox 160 3285 286 3333; x_wconf 86' lang='lat' dir='ltr'><strong><em>brinorum</em></strong></span> <span class='ocrx_word' id='word_1_302' title='bbox 295 3299 377 3346; x_wconf 80' lang='lat' dir='ltr'><strong><em>egens,</em></strong></span> <span class='ocrx_word' id='word_1_303' title='bbox 383 3285 418 3333; x_wconf 83' lang='lat' dir='ltr'><strong><em>sit</em></strong></span> <span class='ocrx_word' id='word_1_304' title='bbox 426 3301 454 3334; x_wconf 87' lang='lat' dir='ltr'><strong><em>es</em></strong></span> <span class='ocrx_word' id='word_1_305' title='bbox 463 3301 506 3334; x_wconf 86' lang='lat' dir='ltr'><strong><em>nec</em></strong></span> <span class='ocrx_word' id='word_1_306' title='bbox 513 3286 620 3334; x_wconf 84' lang='lat' dir='ltr'><strong><em>divinum</em></strong></span> <span class='ocrx_word' id='word_1_307' title='bbox 629 3287 707 3348; x_wconf 80' lang='lat' dir='ltr'><strong><em>legem</em></strong></span> <span class='ocrx_word' id='word_1_308' title='bbox 717 3287 876 3348; x_wconf 73' lang='lat' dir='ltr'><strong><em>prohibuisse,</em></strong></span> <span class='ocrx_word' id='word_1_309' title='bbox 883 3301 928 3334; x_wconf 85' lang='lat' dir='ltr'><strong><em>nec</em></strong></span> <span class='ocrx_word' id='word_1_310' title='bbox 935 3287 965 3334; x_wconf 82' lang='lat' dir='ltr'><strong><em>sd</em></strong></span> <span class='ocrx_word' id='word_1_311' title='bbox 972 3300 1095 3346; x_wconf 76' lang='lat' dir='ltr'><strong><em>erransque</em></strong></span> <span class='ocrx_word' id='word_1_312' title='bbox 1100 3293 1147 3332; x_wconf 89' lang='lat' dir='ltr'><strong><em>tem</em></strong></span> <span class='ocrx_word' id='word_1_313' title='bbox 1152 3298 1209 3344; x_wconf 79' lang='lat' dir='ltr'><strong><em>pora</em></strong></span> <span class='ocrx_word' id='word_1_314' title='bbox 1217 3285 1261 3330; x_wconf 89' lang='lat' dir='ltr'><strong><em>hn-</em></strong></span> 
     </span>
     <span class='ocr_line' id='line_1_36' title="bbox 159 3349 1259 3412; baseline 0 -16"><span class='ocrx_word' id='word_1_315' title='bbox 159 3364 268 3397; x_wconf 84' lang='lat' dir='ltr'><strong><em>munsm.</em></strong></span> <span class='ocrx_word' id='word_1_316' title='bbox 280 3349 508 3399; x_wconf 87' lang='lat' dir='ltr'><strong><em>Prohibuersthsnc</em></strong></span> <span class='ocrx_word' id='word_1_317' title='bbox 516 3351 714 3412; x_wconf 86' lang='lat' dir='ltr'><strong><em>conjunctionem</em></strong></span> <span class='ocrx_word' id='word_1_318' title='bbox 722 3352 874 3399; x_wconf 85' lang='lat' dir='ltr'><strong><em>Theodosius</em></strong></span> <span class='ocrx_word' id='word_1_319' title='bbox 882 3351 1143 3412; x_wconf 78' lang='lat' dir='ltr'><strong><em>Major‚tssteAurelio</em></strong></span> <span class='ocrx_word' id='word_1_320' title='bbox 1151 3349 1259 3406; x_wconf 86' lang='lat' dir='ltr'><strong><em>Victore,</em></strong></span> 
     </span>
     <span class='ocr_line' id='line_1_37' title="bbox 159 3413 1258 3475; baseline -0.002 -13"><span class='ocrx_word' id='word_1_321' title='bbox 159 3413 202 3462; x_wconf 81' lang='lat' dir='ltr'><strong><em>sed</em></strong></span> <span class='ocrx_word' id='word_1_322' title='bbox 220 3413 265 3461; x_wconf 84' lang='lat' dir='ltr'><strong><em>lilii</em></strong></span> <span class='ocrx_word' id='word_1_323' title='bbox 282 3423 464 3462; x_wconf 79' lang='lat' dir='ltr'><strong><em>revocaverunt.</em></strong></span> <span class='ocrx_word' id='word_1_324' title='bbox 498 3415 556 3464; x_wconf 87' lang='lat' dir='ltr'><strong><em>Post</em></strong></span> <span class='ocrx_word' id='word_1_325' title='bbox 571 3416 738 3464; x_wconf 78' lang='lat' dir='ltr'><strong><em>lastinianum</em></strong></span> <span class='ocrx_word' id='word_1_326' title='bbox 755 3417 837 3464; x_wconf 87' lang='lat' dir='ltr'><strong><em>denuo</em></strong></span> <span class='ocrx_word' id='word_1_327' title='bbox 853 3416 999 3475; x_wconf 82' lang='lat' dir='ltr'><strong><em>improbato,</em></strong></span> <span class='ocrx_word' id='word_1_328' title='bbox 1018 3416 1079 3462; x_wconf 75' lang='lat' dir='ltr'><strong><em>&amp;cz</em></strong></span> <span class='ocrx_word' id='word_1_329' title='bbox 1100 3415 1150 3462; x_wconf 76' lang='lat' dir='ltr'><strong><em>huc</em></strong></span> <span class='ocrx_word' id='word_1_330' title='bbox 1162 3414 1258 3460; x_wconf 88' lang='lat' dir='ltr'><strong><em>Vinius.</em></strong></span> 
     </span>
     <span class='ocr_line' id='line_1_38' title="bbox 160 3478 1261 3547; baseline -0.001 -22"><span class='ocrx_word' id='word_1_331' title='bbox 160 3478 242 3526; x_wconf 78' lang='lat' dir='ltr'><strong><em>Verbo</em></strong></span> <span class='ocrx_word' id='word_1_332' title='bbox 253 3480 384 3540; x_wconf 78' lang='lat' dir='ltr'><strong><em>Augustini</em></strong></span> <span class='ocrx_word' id='word_1_333' title='bbox 397 3485 470 3528; x_wconf 85' lang='lat' dir='ltr'><strong><em>sunt:</em></strong></span> <span class='ocrx_word' id='word_1_334' title='bbox 486 3480 595 3542; x_wconf 81' lang='lat' dir='ltr'><strong><em>Esperii</em></strong></span> <span class='ocrx_word' id='word_1_335' title='bbox 604 3487 687 3528; x_wconf 87' lang='lat' dir='ltr'><strong><em>autem</em></strong></span> <span class='ocrx_word' id='word_1_336' title='bbox 699 3496 784 3547; x_wconf 72' lang='lat' dir='ltr'><strong><em>uineas</em></strong></span> <span class='ocrx_word' id='word_1_337' title='bbox 794 3483 821 3528; x_wconf 86' lang='lat' dir='ltr'><strong><em>in</em></strong></span> <span class='ocrx_word' id='word_1_338' title='bbox 832 3481 959 3528; x_wconf 85' lang='lat' dir='ltr'><strong><em>connubiis</em></strong></span> <span class='ocrx_word' id='word_1_339' title='bbox 970 3480 1170 3526; x_wconf 78' lang='lat' dir='ltr'><strong><em>consobrinarum</em></strong></span> <span class='ocrx_word' id='word_1_340' title='bbox 1184 3480 1261 3525; x_wconf 86' lang='lat' dir='ltr'><strong><em>etiam</em></strong></span> 
     </span>
     <span class='ocr_line' id='line_1_39' title="bbox 158 3545 1259 3607; baseline 0 -17"><span class='ocrx_word' id='word_1_341' title='bbox 158 3545 251 3590; x_wconf 77' lang='lat' dir='ltr'><strong><em>rostris</em></strong></span> <span class='ocrx_word' id='word_1_342' title='bbox 262 3546 410 3606; x_wconf 74' lang='lat' dir='ltr'><strong><em>temporibus</em></strong></span> <span class='ocrx_word' id='word_1_343' title='bbox 420 3551 525 3606; x_wconf 85' lang='lat' dir='ltr'><strong><em>propter·</em></strong></span> <span class='ocrx_word' id='word_1_344' title='bbox 534 3546 642 3604; x_wconf 79' lang='lat' dir='ltr'><strong><em>gradum</em></strong></span> <span class='ocrx_word' id='word_1_345' title='bbox 657 3547 851 3607; x_wconf 78' lang='lat' dir='ltr'><strong><em>pr&#39;opinquitatis</em></strong></span> <span class='ocrx_word' id='word_1_346' title='bbox 861 3545 980 3607; x_wconf 63' lang='lat' dir='ltr'><strong><em>⁷fraterno</em></strong></span> <span class='ocrx_word' id='word_1_347' title='bbox 998 3545 1092 3604; x_wconf 60' lang='lat' dir='ltr'><strong><em>pedat</em></strong></span> <span class='ocrx_word' id='word_1_348' title='bbox 1104 3546 1259 3604; x_wconf 69' lang='lat' dir='ltr'><strong><em>proximum,</em></strong></span> 
     </span>
     <span class='ocr_line' id='line_1_40' title="bbox 160 3608 1261 3671; baseline -0.002 -17"><span class='ocrx_word' id='word_1_349' title='bbox 160 3623 235 3670; x_wconf 82' lang='lat' dir='ltr'><strong><em>quam</em></strong></span> <span class='ocrx_word' id='word_1_350' title='bbox 245 3624 306 3655; x_wconf 85' lang='lat' dir='ltr'><strong><em>raro</em></strong></span> <span class='ocrx_word' id='word_1_351' title='bbox 310 3623 360 3670; x_wconf 89' lang='lat' dir='ltr'><strong><em>per</em></strong></span> <span class='ocrx_word' id='word_1_352' title='bbox 369 3624 448 3656; x_wconf 83' lang='lat' dir='ltr'><strong><em>rnores</em></strong></span> <span class='ocrx_word' id='word_1_353' title='bbox 452 3609 541 3668; x_wconf 79' lang='lat' dir='ltr'><strong><em>fiebat,</em></strong></span> <span class='ocrx_word' id='word_1_354' title='bbox 553 3608 682 3671; x_wconf 78' lang='lat' dir='ltr'><strong><em>qacdfieri</em></strong></span> <span class='ocrx_word' id='word_1_355' title='bbox 689 3624 736 3670; x_wconf 88' lang='lat' dir='ltr'><strong><em>per</em></strong></span> <span class='ocrx_word' id='word_1_356' title='bbox 749 3613 816 3669; x_wconf 81' lang='lat' dir='ltr'><strong><em>teges</em></strong></span> <span class='ocrx_word' id='word_1_357' title='bbox 827 3610 929 3661; x_wconf 78' lang='lat' dir='ltr'><strong><em>licebat,</em></strong></span> <span class='ocrx_word' id='word_1_358' title='bbox 944 3611 1003 3670; x_wconf 85' lang='lat' dir='ltr'><strong><em>quia</em></strong></span> <span class='ocrx_word' id='word_1_359' title='bbox 1014 3609 1042 3656; x_wconf 86' lang='lat' dir='ltr'><strong><em>id</em></strong></span> <span class='ocrx_word' id='word_1_360' title='bbox 1052 3623 1098 3655; x_wconf 87' lang='lat' dir='ltr'><strong><em>nec</em></strong></span> <span class='ocrx_word' id='word_1_361' title='bbox 1108 3608 1195 3654; x_wconf 83' lang='lat' dir='ltr'><strong><em>diuina</em></strong></span> <span class='ocrx_word' id='word_1_362' title='bbox 1202 3622 1261 3668; x_wconf 88' lang='lat' dir='ltr'><strong><em>pro-</em></strong></span> 
     </span>
     <span class='ocr_line' id='line_1_41' title="bbox 159 3673 1260 3735; baseline -0.002 -16"><span class='ocrx_word' id='word_1_363' title='bbox 159 3673 250 3730; x_wconf 74' lang='lat' dir='ltr'><strong><em>hibuit,</em></strong></span> <span class='ocrx_word' id='word_1_364' title='bbox 262 3680 287 3720; x_wconf 89' lang='lat' dir='ltr'><strong><em>et</em></strong></span> <span class='ocrx_word' id='word_1_365' title='bbox 297 3675 406 3720; x_wconf 74' lang='lat' dir='ltr'><strong><em>mudum</em></strong></span> <span class='ocrx_word' id='word_1_366' title='bbox 413 3674 576 3735; x_wconf 72' lang='lat' dir='ltr'><strong><em>pronilmrat</em></strong></span> <span class='ocrx_word' id='word_1_367' title='bbox 587 3676 627 3720; x_wconf 81' lang='lat' dir='ltr'><strong><em>ter</em></strong></span> <span class='ocrx_word' id='word_1_368' title='bbox 637 3677 757 3722; x_wconf 77' lang='lat' dir='ltr'><strong><em>humana.</em></strong></span> <span class='ocrx_word' id='word_1_369' title='bbox 786 3676 954 3720; x_wconf 83' lang='lat' dir='ltr'><strong><em>Veruntamen</em></strong></span> <span class='ocrx_word' id='word_1_370' title='bbox 959 3673 1063 3734; x_wconf 72' lang='lat' dir='ltr'><strong><em>fisclum</em></strong></span> <span class='ocrx_word' id='word_1_371' title='bbox 1071 3674 1146 3719; x_wconf 87' lang='lat' dir='ltr'><strong><em>etiam</em></strong></span> <span class='ocrx_word' id='word_1_372' title='bbox 1155 3674 1260 3729; x_wconf 86' lang='lat' dir='ltr'><strong><em>licitam,</em></strong></span> 
     </span>
     <span class='ocr_line' id='line_1_42' title="bbox 154 3735 1260 3799; baseline -0.002 -15"><span class='ocrx_word' id='word_1_373' title='bbox 154 3743 260 3799; x_wconf 81' lang='lat' dir='ltr'><strong><em>prepter</em></strong></span> <span class='ocrx_word' id='word_1_374' title='bbox 270 3739 425 3785; x_wconf 83' lang='lat' dir='ltr'><strong><em>vicinitatem</em></strong></span> <span class='ocrx_word' id='word_1_375' title='bbox 441 3738 587 3784; x_wconf 75' lang='lat' dir='ltr'><strong><em>horrebatur</em></strong></span> <span class='ocrx_word' id='word_1_376' title='bbox 601 3739 691 3793; x_wconf 83' lang='lat' dir='ltr'><strong><em>illiciti,</em></strong></span> <span class='ocrx_word' id='word_1_377' title='bbox 708 3741 753 3785; x_wconf 76' lang='lat' dir='ltr'><strong><em>&amp;a</em></strong></span> <span class='ocrx_word' id='word_1_378' title='bbox 788 3738 841 3785; x_wconf 82' lang='lat' dir='ltr'><strong><em>Cir.</em></strong></span> <span class='ocrx_word' id='word_1_379' title='bbox 854 3738 903 3785; x_wconf 88' lang='lat' dir='ltr'><strong><em>Dei</em></strong></span> <span class='ocrx_word' id='word_1_380' title='bbox 914 3753 953 3784; x_wconf 85' lang='lat' dir='ltr'><strong><em>xv.</em></strong></span> <span class='ocrx_word' id='word_1_381' title='bbox 966 3735 1003 3784; x_wconf 86' lang='lat'><strong><em>16.</em></strong></span> <span class='ocrx_word' id='word_1_382' title='bbox 1038 3737 1108 3784; x_wconf 87' lang='lat' dir='ltr'><strong><em>Conf.</em></strong></span> <span class='ocrx_word' id='word_1_383' title='bbox 1122 3735 1260 3783; x_wconf 80' lang='lat' dir='ltr'><strong><em>Cassiodor.</em></strong></span> 
     </span>
     <span class='ocr_line' id='line_1_43' title="bbox 160 3799 1260 3864; baseline -0.002 -15"><span class='ocrx_word' id='word_1_384' title='bbox 160 3801 256 3850; x_wconf 78' lang='lat' dir='ltr'><strong><em>Varisr.</em></strong></span> <span class='ocrx_word' id='word_1_385' title='bbox 280 3802 322 3850; x_wconf 84' lang='lat' dir='ltr'><strong><em>vii.</em></strong></span> <span class='ocrx_word' id='word_1_386' title='bbox 344 3801 384 3860; x_wconf 87' lang='grc'><strong><em>46.</em></strong></span> <span class='ocrx_word' id='word_1_387' title='bbox 408 3801 449 3848; x_wconf 91' lang='lat' dir='ltr'><strong><em>ubi</em></strong></span> <span class='ocrx_word' id='word_1_388' title='bbox 470 3802 602 3849; x_wconf 79' lang='lat' dir='ltr'><strong><em>formulam</em></strong></span> <span class='ocrx_word' id='word_1_389' title='bbox 628 3802 702 3850; x_wconf 82' lang='lat' dir='ltr'><strong><em>bobes</em></strong></span> <span class='ocrx_word' id='word_1_390' title='bbox 723 3802 829 3852; x_wconf 72' lang='lat' dir='ltr'><strong><em>licentia</em></strong></span> <span class='ocrx_word' id='word_1_391' title='bbox 850 3802 990 3864; x_wconf 73' lang='lat' dir='ltr'><strong><em>nuptiarum</em></strong></span> <span class='ocrx_word' id='word_1_392' title='bbox 1013 3801 1078 3848; x_wconf 83' lang='lat' dir='ltr'><strong><em>inter</em></strong></span> <span class='ocrx_word' id='word_1_393' title='bbox 1099 3799 1260 3848; x_wconf 84' lang='lat' dir='ltr'><strong><em>consobrinos</em></strong></span> 
     </span>
     <span class='ocr_line' id='line_1_44' title="bbox 159 3865 718 3928; baseline 0.005 -16"><span class='ocrx_word' id='word_1_394' title='bbox 159 3865 258 3927; x_wconf 72' lang='lat' dir='ltr'><strong><em>qualem</em></strong></span> <span class='ocrx_word' id='word_1_395' title='bbox 269 3866 404 3928; x_wconf 77' lang='lat' dir='ltr'><strong><em>imperator</em></strong></span> <span class='ocrx_word' id='word_1_396' title='bbox 414 3866 552 3926; x_wconf 78' lang='lat' dir='ltr'><strong><em>postulatus</em></strong></span> <span class='ocrx_word' id='word_1_397' title='bbox 560 3867 618 3913; x_wconf 77' lang='lat' dir='ltr'><strong><em>dare</em></strong></span> <span class='ocrx_word' id='word_1_398' title='bbox 629 3875 718 3926; x_wconf 81' lang='lat' dir='ltr'><strong><em>posset.</em></strong></span> 
     </span>
    </p>

    <p class='ocr_par' dir='ltr' id='par_1_12' title="bbox 158 3926 1260 4043">
     <span class='ocr_line' id='line_1_45' title="bbox 158 3926 1260 4043; baseline -0.001 -65"><span class='ocrx_word' id='word_1_399' title='bbox 158 3943 233 4043; x_wconf 68' lang='lat' dir='ltr'><strong><em>N495</em></strong></span> <span class='ocrx_word' id='word_1_400' title='bbox 250 3930 344 4043; x_wconf 83' lang='lat' dir='ltr'><strong><em>stertia]</em></strong></span> <span class='ocrx_word' id='word_1_401' title='bbox 370 3930 433 3978; x_wconf 83' lang='lat' dir='ltr'><strong><em>vide</em></strong></span> <span class='ocrx_word' id='word_1_402' title='bbox 455 3932 517 3992; x_wconf 89' lang='lat' dir='ltr'><strong><em>Epp.</em></strong></span> <span class='ocrx_word' id='word_1_403' title='bbox 537 3926 625 3978; x_wconf 83' lang='lat' dir='ltr'><strong><em>Felicis</em></strong></span> <span class='ocrx_word' id='word_1_404' title='bbox 643 3939 669 3980; x_wconf 84' lang='lat' dir='ltr'><strong><em>et</em></strong></span> <span class='ocrx_word' id='word_1_405' title='bbox 690 3931 804 3993; x_wconf 86' lang='lat' dir='ltr'><strong><em>Gregorii</em></strong></span> <span class='ocrx_word' id='word_1_406' title='bbox 824 3932 917 3994; x_wconf 82' lang='lat' dir='ltr'><strong><em>Regist.</em></strong></span> <span class='ocrx_word' id='word_1_407' title='bbox 938 3931 955 3978; x_wconf 94' lang='lat' dir='ltr'><strong><em>l.</em></strong></span> <span class='ocrx_word' id='word_1_408' title='bbox 971 3930 1014 3978; x_wconf 85' lang='lat' dir='ltr'><strong><em>xii.</em></strong></span> <span class='ocrx_word' id='word_1_409' title='bbox 1031 3931 1078 3991; x_wconf 89' lang='lat' dir='ltr'><strong><em>Ep.</em></strong></span> <span class='ocrx_word' id='word_1_410' title='bbox 1091 3943 1129 3978; x_wconf 83' lang='grc' dir='ltr'><strong><em>ιο.</em></strong></span> <span class='ocrx_word' id='word_1_411' title='bbox 1145 3927 1260 3990; x_wconf 82' lang='lat' dir='ltr'><strong><em>Append.</em></strong></span> 
     </span>
    </p>

    <p class='ocr_par' dir='ltr' id='par_1_13' title="bbox 185 4009 274 4044">
     <span class='ocr_line' id='line_1_46' title="bbox 185 4009 274 4044; baseline 0.022 -3"><span class='ocrx_word' id='word_1_412' title='bbox 185 4009 238 4044; x_wconf 72' lang='grc' dir='ltr'><strong><em>,η</em></strong></span> <span class='ocrx_word' id='word_1_413' title='bbox 268 4030 274 4043; x_wconf 94' lang='grc'><strong>.</strong></span> 
     </span>
    </p>

    <p class='ocr_par' dir='ltr' id='par_1_14' title="bbox 158 4056 1262 4445">
     <span class='ocr_line' id='line_1_47' title="bbox 191 4056 1261 4122; baseline -0.005 -14"><span class='ocrx_word' id='word_1_414' title='bbox 191 4060 225 4108; x_wconf 82' lang='lat' dir='ltr'><strong><em>in</em></strong></span> <span class='ocrx_word' id='word_1_415' title='bbox 245 4059 360 4121; x_wconf 66' lang='lat' dir='ltr'><strong><em>lamia]</em></strong></span> <span class='ocrx_word' id='word_1_416' title='bbox 378 4059 475 4120; x_wconf 80' lang='lat' dir='ltr'><strong><em>Nempe</em></strong></span> <span class='ocrx_word' id='word_1_417' title='bbox 491 4074 535 4120; x_wconf 85' lang='lat' dir='ltr'><strong><em>per</em></strong></span> <span class='ocrx_word' id='word_1_418' title='bbox 549 4059 682 4107; x_wconf 82' lang='lat' dir='ltr'><strong><em>licentium.</em></strong></span> <span class='ocrx_word' id='word_1_419' title='bbox 718 4061 774 4108; x_wconf 88' lang='lat' dir='ltr'><strong><em>Hoc</em></strong></span> <span class='ocrx_word' id='word_1_420' title='bbox 792 4060 857 4109; x_wconf 88' lang='lat' dir='ltr'><strong><em>enim</em></strong></span> <span class='ocrx_word' id='word_1_421' title='bbox 877 4057 1010 4122; x_wconf 86' lang='lat' dir='ltr'><strong><em>Gregorius</em></strong></span> <span class='ocrx_word' id='word_1_422' title='bbox 1028 4058 1163 4120; x_wconf 84' lang='lat' dir='ltr'><strong><em>Anglorum</em></strong></span> <span class='ocrx_word' id='word_1_423' title='bbox 1181 4056 1261 4119; x_wconf 88' lang='lat' dir='ltr'><strong><em>genti,</em></strong></span> 
     </span>
     <span class='ocr_line' id='line_1_48' title="bbox 158 4121 1262 4186; baseline 0 -16"><span class='ocrx_word' id='word_1_424' title='bbox 158 4125 218 4186; x_wconf 84' lang='lat' dir='ltr'><strong><em>quis</em></strong></span> <span class='ocrx_word' id='word_1_425' title='bbox 228 4125 306 4186; x_wconf 88' lang='lat' dir='ltr'><strong><em>nuper</em></strong></span> <span class='ocrx_word' id='word_1_426' title='bbox 316 4125 348 4172; x_wconf 83' lang='lat' dir='ltr'><strong><em>sd</em></strong></span> <span class='ocrx_word' id='word_1_427' title='bbox 358 4123 432 4172; x_wconf 85' lang='lat' dir='ltr'><strong><em>fidem</em></strong></span> <span class='ocrx_word' id='word_1_428' title='bbox 444 4131 552 4182; x_wconf 82' lang='lat' dir='ltr'><strong><em>venerut,</em></strong></span> <span class='ocrx_word' id='word_1_429' title='bbox 564 4124 702 4184; x_wconf 79' lang='lat' dir='ltr'><strong><em>specialiter</em></strong></span> <span class='ocrx_word' id='word_1_430' title='bbox 711 4125 840 4186; x_wconf 83' lang='lat' dir='ltr'><strong><em>indulgere</em></strong></span> <span class='ocrx_word' id='word_1_431' title='bbox 850 4125 937 4181; x_wconf 81' lang='lat' dir='ltr'><strong><em>voluit,</em></strong></span> <span class='ocrx_word' id='word_1_432' title='bbox 949 4123 1152 4184; x_wconf 79' lang='lat' dir='ltr'><strong><em>quemadmodum</em></strong></span> <span class='ocrx_word' id='word_1_433' title='bbox 1165 4121 1262 4183; x_wconf 85' lang='lat' dir='ltr'><strong><em>scripsit</em></strong></span> 
     </span>
     <span class='ocr_line' id='line_1_49' title="bbox 159 4187 1262 4250; baseline -0.004 -12"><span class='ocrx_word' id='word_1_434' title='bbox 159 4190 191 4238; x_wconf 76' lang='lat' dir='ltr'><strong><em>sd</em></strong></span> <span class='ocrx_word' id='word_1_435' title='bbox 203 4189 324 4244; x_wconf 73' lang='lat' dir='ltr'><strong><em>Felicems</em></strong></span> <span class='ocrx_word' id='word_1_436' title='bbox 342 4189 399 4236; x_wconf 87' lang='lat' dir='ltr'><strong><em>Nec</em></strong></span> <span class='ocrx_word' id='word_1_437' title='bbox 414 4203 445 4235; x_wconf 86' lang='lat' dir='ltr'><strong><em>ea</em></strong></span> <span class='ocrx_word' id='word_1_438' title='bbox 461 4190 596 4237; x_wconf 83' lang='lat' dir='ltr'><strong><em>intentione</em></strong></span> <span class='ocrx_word' id='word_1_439' title='bbox 612 4191 663 4236; x_wconf 81' lang='lat' dir='ltr'><strong><em>tac</em></strong></span> <span class='ocrx_word' id='word_1_440' title='bbox 678 4189 727 4236; x_wconf 83' lang='lat' dir='ltr'><strong><em>illis</em></strong></span> <span class='ocrx_word' id='word_1_441' title='bbox 743 4191 841 4250; x_wconf 86' lang='lat' dir='ltr'><strong><em>scriptis</em></strong></span> <span class='ocrx_word' id='word_1_442' title='bbox 856 4189 1025 4245; x_wconf 63' lang='lat' dir='ltr'><strong><em>transierint</em></strong></span> <span class='ocrx_word' id='word_1_443' title='bbox 1039 4195 1170 4250; x_wconf 82' lang='lat' dir='ltr'><strong><em>postquam</em></strong></span> <span class='ocrx_word' id='word_1_444' title='bbox 1181 4187 1262 4246; x_wconf 78' lang='lat' dir='ltr'><strong><em>fimna</em></strong></span> 
     </span>
     <span class='ocr_line' id='line_1_50' title="bbox 158 4253 1261 4317; baseline -0.003 -16"><span class='ocrx_word' id='word_1_445' title='bbox 158 4254 333 4317; x_wconf 78' lang='lat' dir='ltr'><strong><em>radiccinfide</em></strong></span> <span class='ocrx_word' id='word_1_446' title='bbox 345 4253 447 4314; x_wconf 74' lang='lat' dir='ltr'><strong><em>[Angli]</em></strong></span> <span class='ocrx_word' id='word_1_447' title='bbox 453 4253 669 4315; x_wconf 81' lang='lat' dir='ltr'><strong><em>saerintsolidati,</em></strong></span> <span class='ocrx_word' id='word_1_448' title='bbox 677 4255 699 4300; x_wconf 87' lang='lat' dir='ltr'><strong><em>si</em></strong></span> <span class='ocrx_word' id='word_1_449' title='bbox 706 4253 1010 4316; x_wconf 78' lang='lat' dir='ltr'><strong><em>infrapropriamsuerint</em></strong></span> <span class='ocrx_word' id='word_1_450' title='bbox 1018 4253 1261 4312; x_wconf 75' lang='lat' dir='ltr'><strong><em>cermanguinitatem</em></strong></span> 
     </span>
     <span class='ocr_line' id='line_1_51' title="bbox 159 4318 1261 4381; baseline -0.003 -14"><span class='ocrx_word' id='word_1_451' title='bbox 159 4320 265 4378; x_wconf 67' lang='lat' dir='ltr'><strong><em>murati,</em></strong></span> <span class='ocrx_word' id='word_1_452' title='bbox 277 4334 327 4366; x_wconf 84' lang='lat' dir='ltr'><strong><em>nors</em></strong></span> <span class='ocrx_word' id='word_1_453' title='bbox 337 4324 492 4381; x_wconf 85' lang='lat' dir='ltr'><strong><em>separentur,</em></strong></span> <span class='ocrx_word' id='word_1_454' title='bbox 504 4324 551 4365; x_wconf 83' lang='lat' dir='ltr'><strong><em>cat</em></strong></span> <span class='ocrx_word' id='word_1_455' title='bbox 563 4319 635 4379; x_wconf 79' lang='lat' dir='ltr'><strong><em>infra</em></strong></span> <span class='ocrx_word' id='word_1_456' title='bbox 645 4318 779 4381; x_wconf 69' lang='lat' dir='ltr'><strong><em>affinitatis</em></strong></span> <span class='ocrx_word' id='word_1_457' title='bbox 790 4320 890 4380; x_wconf 85' lang='lat' dir='ltr'><strong><em>lineam,</em></strong></span> <span class='ocrx_word' id='word_1_458' title='bbox 901 4319 929 4366; x_wconf 81' lang='lat' dir='ltr'><strong><em>ici</em></strong></span> <span class='ocrx_word' id='word_1_459' title='bbox 940 4325 976 4365; x_wconf 87' lang='lat' dir='ltr'><strong><em>est</em></strong></span> <span class='ocrx_word' id='word_1_460' title='bbox 991 4331 1068 4380; x_wconf 86' lang='lat' dir='ltr'><strong><em>usque</em></strong></span> <span class='ocrx_word' id='word_1_461' title='bbox 1083 4319 1119 4364; x_wconf 75' lang='lat' dir='ltr'><strong><em>ael</em></strong></span> <span class='ocrx_word' id='word_1_462' title='bbox 1132 4319 1261 4379; x_wconf 83' lang='lat' dir='ltr'><strong><em>septimam</em></strong></span> 
     </span>
     <span class='ocr_line' id='line_1_52' title="bbox 160 4378 773 4445; baseline -0.002 -14"><span class='ocrx_word' id='word_1_463' title='bbox 160 4386 357 4444; x_wconf 65' lang='lat' dir='ltr'><strong><em>gemmeticum,</em></strong></span> <span class='ocrx_word' id='word_1_464' title='bbox 369 4378 565 4445; x_wconf 83' lang='lat' dir='ltr'><strong><em>conjungantur.</em></strong></span> <span class='ocrx_word' id='word_1_465' title='bbox 587 4383 665 4444; x_wconf 86' lang='lat' dir='ltr'><strong><em>Epist.</em></strong></span> <span class='ocrx_word' id='word_1_466' title='bbox 676 4383 726 4430; x_wconf 85' lang='lat' dir='ltr'><strong><em>xiv.</em></strong></span> <span class='ocrx_word' id='word_1_467' title='bbox 735 4393 773 4445; x_wconf 83' lang='lat'><strong><em>17.</em></strong></span> 
     </span>
    </p>

    <p class='ocr_par' dir='ltr' id='par_1_15' title="bbox 194 4447 652 4510">
     <span class='ocr_line' id='line_1_53' title="bbox 194 4447 652 4510; baseline -0.002 -14"><span class='ocrx_word' id='word_1_468' title='bbox 194 4463 219 4496; x_wconf 80' lang='lat' dir='ltr'><strong><em>r.</em></strong></span> <span class='ocrx_word' id='word_1_469' title='bbox 231 4450 351 4510; x_wconf 70' lang='lat' dir='ltr'><strong><em>scriptione</em></strong></span> <span class='ocrx_word' id='word_1_470' title='bbox 362 4449 409 4509; x_wconf 88' lang='lat' dir='ltr'><strong><em>est]</em></strong></span> <span class='ocrx_word' id='word_1_471' title='bbox 424 4448 504 4496; x_wconf 69' lang='lat' dir='ltr'><strong><em>levit.</em></strong></span> <span class='ocrx_word' id='word_1_472' title='bbox 517 4447 584 4494; x_wconf 85' lang='lat' dir='ltr'><strong><em>xviii.</em></strong></span> <span class='ocrx_word' id='word_1_473' title='bbox 594 4459 616 4508; x_wconf 81' lang='lat'><strong><em>7.</em></strong></span> <span class='ocrx_word' id='word_1_474' title='bbox 628 4448 652 4496; x_wconf 88' lang='lat' dir='ltr'><strong><em>S.</em></strong></span> 
     </span>
    </p>

    <p class='ocr_par' dir='ltr' id='par_1_16' title="bbox 195 4512 617 4576">
     <span class='ocr_line' id='line_1_54' title="bbox 195 4512 617 4576; baseline 0 -16"><span class='ocrx_word' id='word_1_475' title='bbox 195 4531 219 4575; x_wconf 86' lang='lat'><strong><em>4.</em></strong></span> <span class='ocrx_word' id='word_1_476' title='bbox 230 4513 412 4576; x_wconf 78' lang='lat' dir='ltr'><strong><em>scriptumest]</em></strong></span> <span class='ocrx_word' id='word_1_477' title='bbox 425 4515 488 4562; x_wconf 85' lang='lat' dir='ltr'><strong><em>Gen.</em></strong></span> <span class='ocrx_word' id='word_1_478' title='bbox 501 4512 526 4560; x_wconf 90' lang='lat' dir='ltr'><strong><em>ii.</em></strong></span> <span class='ocrx_word' id='word_1_479' title='bbox 540 4526 580 4572; x_wconf 81' lang='lat'><strong><em>24.</em></strong></span> <span class='ocrx_word' id='word_1_480' title='bbox 592 4513 617 4560; x_wconf 90' lang='lat' dir='ltr'><strong><em>S.</em></strong></span> 
     </span>
    </p>

    <p class='ocr_par' dir='ltr' id='par_1_17' title="bbox 250 4598 732 4639">
     <span class='ocr_line' id='line_1_55' title="bbox 250 4598 732 4639; baseline 0.01 -1"><span class='ocrx_word' id='word_1_481' title='bbox 250 4599 349 4639; x_wconf 76' lang='lat' dir='ltr'>BAEDA.</span> <span class='ocrx_word' id='word_1_482' title='bbox 710 4598 732 4637; x_wconf 86' lang='lat' dir='ltr'>H</span> 
     </span>
    </p>
   </div>
   <div class='ocr_carea' id='block_1_6' title="bbox 0 0 1564 5125">
    <p class='ocr_par' dir='ltr' id='par_1_18' title="bbox 0 0 1564 5125">
     <span class='ocr_line' id='line_1_56' title="bbox 0 0 1564 5125; baseline 0 0"><span class='ocrx_word' id='word_1_483' title='bbox 0 0 1564 5125; x_wconf 95' lang='lat' dir='ltr'><strong><em> </em></strong></span> 
     </span>
    </p>
   </div>
  </div>
 </body>
</html>
