3100 5125
296 320 342 387 eo
624 320 860 388 merosum
883 320 1059 388 soenes.
1344 323 1370 388 1.
1392 340 1474 409 13-

148 485 279 549 A.1).431.
296 473 419 548 tenuit3
443 474 533 558 eujus
558 494 642 539 anno
667 473 791 559 imperii
816 480 929 539 octavo
953 472 1117 538 Palladius
1140 474 1184 538 ad
1208 474 1338 539 Scottus
1360 474 1396 538 in

296 559 460 623 cuasam
482 559 646 623 eredentes
668 580 689 623 a
711 559 861 643 pontifioo
885 559 1038 623 Romam
1062 559 1200 624 eeclesiae
1224 560 1396 625 Caelestino

147 657 211 705 an.
222 654 280 716 446.
296 643 417 729 primus
430 644 571 708 mittitur
585 644 757 743 episcopus
803 645 900 709 Anno
919 651 1028 709 autem
1046 646 1136 730 regni
1156 646 1224 729 ejus
1243 645 1395 731 vigesimo

136 722 239 799 *⁸3⁶⁶
297 729 404 806 tertio,
420 730 561 796 ‘Aetius
579 752 628 793 vrr
647 729 790 794 inlustris
812 730 865 815 qui
887 737 922 794 et
941 730 1094 815 patricius
1115 730 1185 807 fuit,
1201 731 1300 796 tertio
1322 754 1395 795 oum

136 794 217 835 ‘m‘
298 814 488 900 Symmacho
497 814 598 901 gessit
607 816 814 880 comulatam.
838 816 893 879 Ad
903 816 987 880 huno
998 816 1197 900 pauperonlae
1209 816 1394 881 Brittonum

296 900 436 986 reliquiae
457 900 591 965 mittunt
611 900 788 985 epistolam,
811 902 901 985 eujus
922 902 982 965 hoo
1003 900 1191 986 principium
1212 909 1282 967 est:
1304 904 1396 967 Aetio
1408 914 1436 965 ῐ5

296 995 342 1050 tor
362 986 476 1050 omuuli
493 986 619 1071 paudus
636 987 872 1051 Brittoaoruou:
895 993 929 1050 et
950 986 983 1051 in
1004 1008 1153 1071 processu
1175 986 1325 1071 epistolae,
1347 988 1396 1053 ita

297 1092 371 1135 suae
385 1071 584 1136 calamitates
597 1072 775 1156 explicant:
799 1072 960 1157 Itqoelhoat
974 1070 1099 1136 melori
1113 1072 1158 1135 orl
1169 1094 1262 1149 omre,
1278 1073 1397 1159 repellit

296 1178 381 1220 moro
394 1157 440 1219 od
452 1155 596 1221 moturos
604 1185 616 1231 ,-
639 1158 720 1221 iuter
732 1157 798 1220 too
811 1159 954 1222 oriomtur
967 1157 1028 1221 droo
1043 1178 1153 1242 postero
1165 1160 1325 1241 surarum,
1340 1169 1396 1223 out

235 1251 239 1256 ’
288 1241 481 1326 propulsum
492 1252 548 1306 out
557 1242 730 1327 mapinius.
755 1242 867 1328 Neque
877 1244 945 1308 haec
959 1249 1068 1307 tamen
1082 1250 1214 1329 agentes
1226 1244 1395 1329 quicquam

297 1328 339 1391 ab
358 1326 412 1391 illo
431 1327 538 1392 auxilii
558 1327 732 1413 impetrare
752 1328 929 1414 quiverunt,
945 1336 1058 1414 utpote
1078 1328 1132 1413 qui
1151 1329 1342 1415 graussimis
1356 1352 1396 1395 ou

762 1490 776 1519 ο
788 1478 890 1527 Boetius
901 1479 931 1527 V.

333 1616 370 1650 rr.
391 1601 489 1665 octavo]
512 1601 634 1649 Batonius
655 1601 685 1649 ad
702 1616 725 1650 a.
744 1614 804 1665 429,
821 1600 866 1657 vii,
883 1600 944 1649 dicit
963 1614 993 1647 ex
1010 1599 1129 1661 Prospem
1151 1600 1321 1662 corrigendum
1343 1616 1396 1650 esse

296 1668 398 1723 Bedarm
410 1668 468 1714 dum
486 1667 521 1715 sit
537 1682 602 1713 anno
617 1674 704 1713 octavo
716 1665 812 1728 imperii
822 1664 952 1713 Theodosii
962 1664 1069 1725 junioris
1081 1665 1182 1713 missum
1193 1681 1246 1713 esse
1259 1667 1394 1714 Palladium

297 1731 456 1780 scelestino
470 1732 543 1779 Rom.
558 1738 624 1792 pont.
644 1745 701 1777 nam
719 1730 874 1791 pontificatus
890 1730 965 1790 ipsius
982 1729 1105 1776 Caelestini
1123 1729 1153 1776 ab
1171 1745 1200 1776 eo
1214 1738 1324 1793 ternpore
1341 1739 1397 1793 post

297 1810 376 1843 annos
392 1803 448 1843 octo
468 1796 580 1857 contigit,
601 1808 687 1855 nempe
705 1794 800 1842 decimo
817 1800 885 1841 sexto
902 1794 1010 1855 ejrrsdem
1027 1793 1167 1842 Theodosii.
1201 1796 1277 1842 Error
1294 1796 1397 1843 Baronii

296 1876 368 1920 quem
386 1875 459 1920 supra
475 1861 558 1906 notam
575 1859 605 1905 ad
617 1857 755 1906 Chronioon
772 1859 798 1905 in
816 1859 888 1905 annis
899 1858 1014 1914 Honorii,
1026 1858 1065 1905 hic
1081 1858 1155 1905 etiam
1173 1860 1275 1908 recurrit
1285 1859 1312 1907 in
1323 1860 1397 1907 annis

296 1924 435 1971 'l'neodosii
460 1923 550 1969 Annos
560 1923 627 1969 enim
639 1922 727 1984 quibus
736 1922 890 1971 Theodosius
900 1922 1013 1984 regnavit
1024 1930 1081 1971 ante
1095 1924 1200 1971 Honorii
1211 1924 1317 1983 obitum,
1330 1925 1397 1973 Beda

297 1988 409 2035 Honorio
426 1987 513 2034 merito
530 1987 682 2035 adnumerat
715 1989 752 2035 Ac
767 1987 870 2050 proinde
887 2002 936 2035 non
954 2002 984 2034 ex
1001 1988 1119 2048 Prospero
1136 1987 1213 2049 Beda,
1230 1990 1273 2037 sed
1288 2004 1319 2037 ex
1331 1988 1397 2037 Beda

299 2052 419 2099 Batonius
430 2050 588 2113 corrigendus
598 2061 643 2098 est
655 2052 681 2099 S.

334 2129 371 2163 12.
388 2115 653 2178 credentes-primus]
671 2115 752 2163 Verba
768 2116 819 2165 hac
839 2122 897 2165 sunt
913 2115 1137 2177 antiquissimorum
1157 2116 1228 2165 Beda
1245 2116 1332 2173 MSS..
1352 2130 1397 2164 nec

297 2181 372 2229 ullam
385 2180 528 2227 mutationis
539 2180 673 2227 admittunt
687 2179 861 2240 suspicionem,
874 2181 945 2229 sicut·
954 2196 998 2228 nec
1014 2180 1116 2228 dubium
1134 2180 1231 2242 aliquod
1248 2182 1307 2241 quin
1320 2181 1398 2229 Scotti

297 2245 434 2305 ubicunque
445 2245 544 2303 fuerint,
556 2244 720 2291 Christianam
731 2245 803 2293 fidem
816 2261 870 2293 curn
883 2245 1005 2293 Palladius
1021 2245 1164 2306 mitteretur,
1177 2261 1207 2293 ex
1222 2254 1291 2306 parte
1309 2246 1398 2295 saltem

297 2310 442 2370 receperint,
451 2308 507 2355 vide
515 2309 588 2356 etiam
599 2308 737 2357 chronicon
746 2310 776 2357 ad
786 2310 819 2357 N.
827 2323 899 2370 4403.
909 2311 932 2356 S.
956 2310 1035 2356 Verba
1045 2316 1103 2357 sunt
1111 2310 1220 2370 Prosperi
1231 2312 1256 2357 in
1267 2310 1397 2369 Chronico,

297 2374 376 2421 Basso
387 2381 413 2421 et
422 2374 544 2421 Antiocho
553 2373 622 2421 Coss.
633 2372 710 2436 (al).
719 2372 798 2437 431),
806 2375 849 2422 Ad
859 2375 944 2422 Scotos
954 2376 981 2421 ior
992 2376 1118 2422 Christum
1130 2377 1255 2422 modestes
1265 2376 1399 2422 ordiantur·

296 2453 391 2500 upupa
403 2439 531 2485 Caelestino
544 2438 677 2485 Palladius
685 2444 710 2484 et
716 2441 816 2499 primus
824 2441 948 2500 episcopus
956 2440 1074 2485 mittitur.
1103 2440 1135 2486 Et
1146 2439 1249 2486 sortasse
1261 2440 1349 2487 missus
1359 2446 1398 2487 est

297 2503 328 2550 ad
338 2503 460 2549 sanandos
468 2503 549 2563 potius
558 2501 742 2564 Pelagianorum
750 2517 844 2550 errores
851 2518 923 2565 qnam
933 2503 962 2549 ad
972 2517 1079 2564 paganos
1086 2504 1273 2551 convertendos:
1283 2511 1398 2551 strennus

296 2569 362 2616 enirn
380 2567 428 2616 luit
444 2567 499 2616 fidei
517 2567 542 2614 in
561 2567 606 2614 hac
622 2575 690 2628 parte
707 2577 874 2629 propugnator
893 2569 1016 2615 Palladius
1034 2567 1141 2628 quidam,
1159 2569 1223 2616 sicut
1243 2585 1257 2616 a
1278 2569 1398 2629 Prospero

296 2633 435 2694 accepimus
451 2634 481 2680 Α.
495 2632 527 2680 Ι).
546 2646 604 2696 429,
622 2633 727 2680 Aetione
742 2633 857 2680 Palladii
880 2633 978 2680 diaconi
994 2647 1063 2693 popo
1081 2634 1225 2680 Caelestinus
1244 2633 1399 2680 Gauranum

296 2698 519 2745 Autistodoreasem
536 2700 673 2758 episcopum
689 2698 742 2744 nice
755 2712 802 2744 suo
818 2699 905 2754 mittit,
918 2703 946 2744 ut
964 2697 1102 2744 deturbatis
1113 2699 1245 2754 toeretiois,
1260 2697 1399 2744 Britannos

296 2763 332 2809 ud
348 2764 494 2810 catholicum
507 2761 590 2822 fidem
608 2763 713 2821 dirigat.
747 2761 858 2810 Credidit
874 2775 933 2808 vero
953 2762 1056 2820 Prosper
1073 2761 1197 2808 Hibernos
1213 2768 1273 2808 tnnc
1290 2762 1396 2822 primum

296 2826 368 2872 iidem
389 2826 480 2873 Christi
499 2826 638 2885 accepisse:
657 2826 692 2873 ait
710 2825 776 2872 enim
796 2825 860 2873 idem
881 2827 911 2872 de
930 2825 1062 2872 Caelestino
1082 2840 1153 2886 papa,
1176 2825 1298 2872 Ordinato
1317 2825 1398 2874 Scotis

296 2891 478 2952 episcopandum
487 2889 625 2936 Romanum
634 2893 741 2937 insutum
752 2892 851 2952 [nempe
861 2890 1026 2951 Britanniam]
1039 2889 1121 2936 studet
1129 2905 1229 2937 severe
1240 2887 1397 2946 catholicum,

290 2954 358 3016 fecit
371 2956 448 3001 niam
464 2954 598 3000 torturum
613 2955 711 3015 [nempe
724 2954 882 3016 Hiberniam]
897 2956 1067 3002 Christianum
1079 2954 1226 3002 C.Collator
1237 2955 1269 3002 xi.
1305 2954 1398 3001 Probus

295 3032 392 3079 qnoque
403 3018 430 3064 in
443 3013 501 3064 tun
511 3016 611 3064 Patricii
625 3031 646 3064 r.
661 3018 736 3077 (inter
746 3019 805 3066 Bed.
817 3017 876 3082 Op.)
888 3020 930 3076 ait,
945 3018 1076 3066 Patricium
1089 3019 1190 3065 missum
1202 3033 1255 3066 esse
1269 3019 1294 3065 in
1308 3019 1394 3066 Hiber·

297 3083 364 3129 uiam
374 3089 403 3130 ut
411 3083 523 3129 nationes
531 3081 596 3128 feras
604 3096 633 3129 ac
642 3081 757 3129 barbaras
766 3090 918 3130 converteret
926 3083 956 3130 ad
966 3083 1097 3130 Christum.
1119 3083 1258 3131 Verisimile
1269 3090 1351 3132 tamen
1360 3091 1399 3130 est

297 3147 372 3194 luisse
386 3146 469 3193 fideles
484 3147 510 3191 in
523 3145 643 3193 Hibernia
657 3153 698 3205 (aa
709 3147 788 3194 dicam
801 3147 893 3209 Pelagii
909 3145 1061 3209 sectatores)
1072 3154 1129 3194 ante
1141 3147 1243 3195 Palladii
1254 3149 1397 3203 adventum,

296 3210 409 3272 quumvis
425 3211 504 3271 prima
517 3210 687 3258 Hiberniensis
703 3211 810 3259 ecclesiis
823 3213 893 3273 origo
910 3211 1002 3259 incerta
1020 3211 1066 3268 sitr
1085 3211 1203 3272 siqnidem
1217 3219 1269 3260 turn
1282 3211 1399 3272 temporis

296 3275 406 3336 insigues
423 3281 494 3321 erant
511 3275 623 3322 nonnulli
639 3275 681 3335 qni
698 3290 712 3322 e
729 3276 822 3334 Sootia,
839 3277 884 3324 hoc
900 3283 938 3324 est
954 3291 984 3323 ex
998 3275 1123 3334 Hibernis,
1140 3276 1190 3324 orti
1206 3291 1259 3324 esse
1276 3277 1397 3334 seruntur,

296 3339 381 3400 quales
397 3339 464 3387 fuere
479 3338 601 3397 Sedulius,
619 3339 746 3388 Caelestius
763 3341 853 3401 Pelagii
871 3341 1013 3402 discipulus,
1031 3347 1056 3387 et
1068 3340 1195 3388 Patricius.
1229 3340 1324 3400 Magna
1341 3354 1397 3388 vero

296 3404 380 3465 populi
392 3418 458 3463 pars,
468 3404 507 3450 vel
518 3404 592 3450 etiam
605 3405 683 3452 multo
695 3405 811 3465 maxima,
820 3411 916 3466 poterat
927 3405 1004 3452 adhuc
1015 3419 1111 3465 pagana
1119 3419 1180 3452 esse.
1198 3404 1290 3453 Contra
1299 3407 1400 3452 tradunt

296 3467 428 3526 nonnulli;
446 3475 553 3529 pototuor
561 3471 711 3516 sanctissimi
726 3471 830 3531 episcopi
841 3485 898 3516 cum
909 3471 960 3516 suis
971 3471 1097 3530 descipulis
1107 3469 1219 3530 suerum
1234 3471 1260 3516 iu
1273 3469 1398 3516 Hira-ata

295 3539 357 3579 orote
373 3531 528 3589 Patricium,
549 3533 585 3593 [et
601 3540 658 3580 ante
674 3533 831 3594 Palladium,]
854 3535 948 3580 scilicet
966 3533 1075 3590 Attium
1096 3533 1236 3590 Decianus,
1256 3533 1356 3591 ,Iturisa
1375 3540 1400 3580 et

296 3596 440 3653 Kieroaus,
450 3598 506 3653 doc,
518 3596 604 3660 (Auct
616 3598 678 3644 Vitae
690 3598 794 3646 Deciani
811 3599 835 3644 in
853 3596 947 3660 Usser.)
958 3611 1011 3658 qnae
1029 3593 1084 3644 cum
1098 3612 1127 3644 eo
1139 3598 1203 3659 quod
1219 3598 1279 3646 dicit
1297 3599 1399 3658 Prosper

296 3668 362 3708 stare
379 3661 420 3708 rix
438 3668 549 3721 possint.
585 3662 635 3722 Qui
651 3663 746 3709 hiatum
763 3663 789 3709 in
808 3661 957 3725 'Pigemuchi
974 3661 1110 3710 Annalibus
1128 3662 1249 3722 supplevit
1265 3663 1396 3709 adventurn

297 3725 369 3774 Albei
386 3725 493 3786 episcopi
512 3741 527 3772 a
545 3725 625 3773 Roma
643 3727 673 3774 ad
693 3726 847 3784 Hiberniam,
866 3733 939 3787 prout
955 3727 1085 3786 incertum,
1103 3727 1133 3774 ad
1152 3726 1214 3774 A.D.
1226 3741 1282 3786 4¹0·
1301 3726 1396 3786 posuit:

240 3820 244 3826 -
296 3798 321 3838 et
338 3791 468 3838 adrentum
481 3789 547 3838 lbari
559 3790 589 3836 ad
601 3791 664 3838 Α.Ι).
675 3803 733 3849 420.
763 3792 819 3839 Vid.
832 3793 924 3840 Rerum
941 3790 1129 3838 Hibernicarnm
1145 3791 1281 3851 Scriptores
1298 3790 1397 3839 O'Con-

298 3869 343 3901 nor
353 3855 403 3902 vol.
415 3855 441 3903 ii.
476 3853 585 3902 Annales
596 3869 654 3902 vero
666 3855 825 3904 lnisfaleuses
836 3871 891 3904 cnm
903 3857 1020 3916 Prospero
1037 3855 1201 3915 corrsentinnt,
1214 3855 1308 3902 scilicet
1320 3855 1397 3903 Pulla-

195 3976 198 3980 Α
296 3919 365 3966 dium
384 3919 489 3979 primum
508 3919 655 3979 Episcopum
673 3935 688 3966 a
705 3921 783 3967 Roma
802 3921 903 3967 missurn
919 3920 995 3967 fuisse
1007 3921 1075 3967 etl).
1087 3933 1143 3980 430.
1178 3921 1254 3967 Porro
1270 3919 1399 3974 Patricius,

296 3983 327 4031 de
341 3998 390 4044 quo
408 3983 468 4031 nihil
484 3984 558 4031 habet
567 3983 637 4031 Beda
648 3983 695 4032 nisi
711 3998 799 4031 nomen
812 3983 866 4046 ejus
878 3985 903 4032 in
919 3984 1096 4046 Martyrologio
1105 3984 1145 4032 xvi
1158 3983 1208 4031 kal.
1220 3985 1309 4045 April,
1322 3985 1400 4032 fertur

297 4048 327 4094 ad
340 4048 485 4095 Hiberniam
499 4047 595 4096 venisse
609 4049 681 4108 paulo
696 4056 753 4111 post
770 4049 915 4106 Palladium,
927 4049 966 4110 qrri
986 4056 1097 4096 mortuus
1117 4057 1154 4096 cst
1170 4049 1350 4110 quamprimum
1369 4049 1398 4096 ad

298 4111 420 4159 Pictorum
444 4113 506 4169 fines
526 4123 676 4174 pervenerat
713 4113 804 4160 Annal.
832 4114 927 4162 lnisfal.
956 4113 1057 4160 Patricii
1081 4115 1212 4162 adventum
1237 4115 1346 4162 referunt
1368 4115 1399 4161 ad

297 4178 327 4224 Α.
342 4177 372 4224 D.
392 4189 460 4237 432:
483 4177 609 4224 ecclesiam
633 4177 828 4226 Ardmachanam
854 4177 984 4240 (Armagh)
1008 4177 1038 4224 ab
1056 4193 1085 4224 eo
1104 4179 1230 4226 fundatam
1252 4193 1304 4225 esse
1325 4181 1354 4226 Α.
1364 4179 1396 4225 D.

297 4257 346 4300 444
358 4241 459 4288 tradunt
468 4242 581 4289 Annales
593 4242 681 4301 Ulton,
694 4244 726 4289 A.
734 4242 766 4290 D.
777 4257 836 4290 vero
848 4253 905 4305 457.
918 4242 1007 4289 Annal.
1019 4242 1052 4289 iv.
1066 4242 1206 4305 Magistros.
1246 4243 1301 4292 Vid.
1315 4243 1398 4292 Usser.

299 4305 362 4351 Brit
374 4305 438 4352 Bccl.
451 4306 540 4367 Antiq.
551 4305 602 4353 xvi.

334 4367 372 4416 16.
398 4369 426 4416 ia
448 4385 566 4431 processu
593 4370 708 4432 epistolar]
739 4370 874 4433 Polydorus
899 4369 1016 4432 Virgilius
1048 4371 1092 4432 [iii.
1121 4386 1145 4432 p.
1171 4383 1208 4434 71.
1237 4373 1274 4420 ed.
1298 4371 1398 4436 Thys.],

299 4433 381 4480 nesdo
390 4435 474 4547 Sinde,
495 4440 618 4495 acceptam
638 4434 767 4496 epistolam
788 4434 854 4482 dedit
872 4435 1003 4498 integram,
1021 4438 1063 4483 sed
1083 4435 1136 4484 sine
1154 4437 1204 4485 nlla
1222 4437 1296 4486 MSS.
1315 4445 1398 4486 ancto-

298 4498 379 4547 aue.
1375 4515 1386 4532 r
