3100 5125
67 349 164 415 -13.
468 334 632 400 GENTIS
655 336 925 402 ANGLORUM.
1199 343 1242 404 25

148 485 231 550 Tum
241 486 377 552 Romani
391 489 618 555 denunciavere
630 491 840 569 Brittonibus,
851 512 914 554 nou
930 512 963 555 se
978 492 1063 556 ultra
1077 492 1118 555 ob
1133 512 1242 555 eorum

147 572 362 673 defensionem
392 581 460 639 tam
492 576 657 640 laboriosis
686 577 938 663 expeditionibus
967 598 1060 661 posse
1088 576 1240 662 fatigari:

106 684 139 731 ³⁰
147 666 698 829 &wamiam
689 663 987 832 tttttt‘tttl
1003 663 1244 833 taltttttt

147 831 344 895 solverentur
364 831 410 894 eis
431 840 561 916 possent
582 856 652 897 osse
672 833 829 898 fortiores.
874 833 957 914 Quin
979 834 1084 911 etiam,
1105 834 1188 918 quod
1211 840 1245 897 et

147 916 209 979 hcc
237 916 330 979 sociis
359 938 438 1000 quos
467 918 683 1003 derelinquere
712 921 908 1005 cogebantur
936 918 1055 1003 aliquid
1089 920 1244 983 commodi

147 1002 330 1067 adlaturum
351 1004 519 1087 putabant,
540 1026 667 1067 murum
687 1028 708 1069 a
729 1005 811 1069 mari
832 1005 874 1069 ad
895 1026 982 1069 mare
1004 1012 1093 1070 recto
1115 1005 1245 1069 tramite

148 1087 233 1151 inter
246 1089 342 1152 urbes
355 1110 426 1173 quae
441 1089 558 1153 ibidem
578 1092 619 1154 ob
637 1097 760 1155 metum
779 1090 918 1155 hostium
932 1090 1025 1155 factoe
1040 1092 1174 1167 strarant,
1191 1090 1245 1153 ubi

149 1180 184 1238 et
198 1174 333 1237 Severus
353 1176 513 1259 quondam
532 1176 647 1239 vallum
667 1177 795 1253 fecerat,
816 1177 908 1241 firmo
929 1178 968 1240 de
990 1176 1095 1261 lapide
1116 1176 1245 1239 uconlo

107 1266 283 1327 secarunt:
308 1280 402 1344 quem
438 1260 582 1326 videlicet
617 1284 743 1326 murum
774 1263 929 1327 hactenus
960 1262 1116 1331 famosum
1148 1268 1246 1345 atque

148 1344 360 1429 conspicuum,
398 1354 527 1431 sumptu
562 1348 688 1432 publico
723 1348 919 1433 privatoque,
953 1349 1105 1433 adjuncta
1140 1367 1246 1411 secum

149 1430 396 1495 ¹Brittanorum
431 1454 528 1495 manu
563 1435 800 1511 construebant,
835 1440 908 1498 octo
943 1435 1040 1518 pedes
1076 1434 1177 1497 latum
1213 1439 1247 1497 et

150 1517 315 1581 duodecim
329 1517 439 1594 altum,
455 1526 543 1582 recta
562 1520 604 1582 ab
624 1518 746 1583 oriente
765 1519 799 1583 in
819 1541 965 1583 occasum
983 1520 1075 1595 linea,
1091 1526 1128 1582 ut
1147 1540 1247 1601 usque

150 1602 244 1666 hodio
266 1603 464 1666 intuentibus
485 1604 605 1667 clarum
627 1611 694 1668 est:
719 1627 782 1689 quo
802 1626 879 1669 mox
900 1605 1029 1669 condito
1051 1604 1130 1668 dant
1151 1604 1248 1667 fortia

151 1687 240 1773 segni
265 1688 382 1773 populo
410 1689 541 1766 monita,
568 1691 712 1775 praebent
738 1690 1026 1755 tinstituendorum
1056 1689 1249 1774 exemplaria

151 1794 322 1837 armorum.
367 1774 431 1838 Sed
455 1783 487 1839 et
510 1776 543 1839 in
566 1776 660 1840 litore
683 1776 793 1841 oceani
815 1777 858 1841 ad
881 1776 1043 1840 meridiem
1066 1798 1129 1859 quo
1152 1795 1248 1838 naves

108 1882 261 1932 meorum
281 1860 491 1938 habebantur,
514 1862 589 1945 quia
609 1868 644 1925 et
669 1862 743 1925 inde
767 1863 976 1926 barbarorum
997 1861 1137 1945 inruptio
1158 1860 1248 1924 time-

151 1948 257 2023 batur,
272 1951 378 2009 turres
392 1968 450 2031 per
464 1946 629 2011 intervalla
643 1948 686 2011 ad
700 1954 903 2032 prospectum
918 1946 1013 2011 maris
1033 1946 1197 2023 collocant,
1214 1953 1247 2009 et

150 2032 330 2095 valedicunt
345 2032 437 2095 sociis
451 2038 605 2115 tanquam
619 2033 705 2097 ultra
718 2055 783 2095 non
798 2034 962 2097 reversuri.
997 2032 1118 2113 Quibus
1133 2032 1175 2096 ad
1190 2053 1249 2095 sua

151 2117 375 2194 remeantibus,
405 2118 533 2201 cognita
562 2118 667 2183 Scotti
697 2118 844 2203 Pictique
880 2118 1001 2183 reditus
1031 2117 1248 2203 denegatione,

152 2203 287 2267 redeunt
309 2202 475 2266 confestim
497 2204 566 2289 ipsi,
583 2198 620 2268 et'
638 2204 731 2268 solito
753 2204 996 2269 confidentiores
1017 2203 1104 2281 facti,
1125 2202 1261 2265 omnem'

153 2288 388 2372 zaquilonalem
408 2295 647 2374 extremamque
668 2289 777 2353 insulae
800 2297 925 2375 partem
946 2311 1005 2375 pro
1030 2288 1184 2389 indigenis
1207 2288 1250 2351 ad

152 2396 278 2437 murum
303 2396 402 2458 usque
428 2382 607 2460 capessunt.
652 2376 814 2440 Statuitur
839 2376 881 2439 ad
907 2375 975 2439 haec
998 2376 1031 2437 in
1057 2376 1143 2439 edrto
1170 2372 1251 2437 arcis

111 2459 239 2536 45acies
271 2460 384 2545 segnis,
415 2460 469 2523 ubi
505 2462 655 2524 trementi
691 2462 786 2525 corde
824 2462 951 2547 stupida
984 2460 1057 2523 ³die
1091 2466 1251 2606 noctupue

153 2546 326 2611 marcebat.
372 2547 419 2610 At
445 2552 558 2611 contra
582 2569 646 2610 nou
672 2554 799 2612 cessant
823 2547 973 2611 uncinata
998 2544 1138 2611 hostium
1163 2552 1249 2609 tea:

153 2631 259 2717 ignavi
278 2639 531 2797 prppugnatores
551 2632 725 2697 miserrime
745 2634 785 2697 de
807 2632 905 2696 muris
927 2632 1024 2698 tracti
1047 2633 1113 2694 solo
1134 2630 1252 2694 adlide-

153 2719 282 2781 bantur.
356 2718 410 2780 uid
435 2718 548 2802 plura?
576 2718 694 2793 relictis
720 2719 901 2783 civitatibus
927 2740 964 2782 ac
990 2738 1089 2794 muro,
1116 2716 1258 2800 lugiunt,

155 2802 409 2888 bdisperguntur.
434 2803 617 2888 Insequitur
630 2805 741 2881 hostis,
756 2804 978 2868 adcelerantur
992 2809 1117 2887 strages
1131 2801 1253 2864 cunctis

156 2889 347 2953 crudeliores
374 2889 542 2974 prioribus.
589 2889 680 2954 Sicut
708 2889 792 2953 enim
821 2888 896 2976 agni
920 2911 941 2952 a
965 2887 1049 2964 feris,
1077 2889 1124 2952 ita
1148 2885 1253 2950 miseri

100 2992 141 3056 5¹
156 2973 239 3038 cives
258 2975 480 3059 discerpuntur
499 2976 544 3038 ab.
560 2976 724 3039 hostibus:
749 2975 833 3038 unde
853 2997 873 3038 a
892 2973 1107 3038 mansionibus
1126 2995 1163 3036 ac
1183 2993 1254 3055 pos-

155 3059 356 3124 sessiunculis
366 3061 431 3125 suis
442 3061 544 3145 ejecti,
556 3061 721 3124 imminens
732 3060 792 3124 sibi
803 3061 895 3125 famis
906 3059 1078 3145 periculum
1087 3057 1254 3123 latrocinio

155 3145 383 3230 acrapacitate
392 3148 744 3231 mutuatsmperabant,
754 3153 908 3232 augentes
917 3152 1065 3210 externas
1074 3141 1255 3209 domesticis

155 3231 296 3294 motibus
321 3231 436 3307 clades,
461 3232 560 3295 donec
583 3232 685 3296 omnis
707 3232 795 3317 regio
820 3231 920 3296 totius
944 3231 1005 3295 eibi
1030 3227 1254 3304 sustentaculo,

157 3323 291 3404 excepto
305 3317 440 3382 venandi
455 3317 578 3395 solatio,
594 3326 792 3383 vacuaretur.

132 3513 146 3561 ⁵
562 3572 565 3578 ¹
589 3490 698 3555 oar.
722 3490 826 3555 xru.

160 3595 198 3652 Ut
218 3604 348 3670 reparate
362 3595 509 3653 lbcodcsio
521 3597 640 3660 minore,
658 3597 734 3669 cujus
755 3605 874 3672 tempore
887 3595 1031 3652 Palladius
1051 3597 1087 3652 cd
1099 3595 1209 3653 Scottus
1229 3596 1257 3651 in

200 3677 337 3740 Christum
357 3679 494 3733 eredentes
513 3678 612 3734 misaco
632 3685 682 3741 est,
697 3678 839 3734 Brittones
855 3677 888 3734 ab
902 3676 983 3733 Aetio
1003 3676 1109 3734 consule
1127 3677 1257 3734 ceciliam

192 3757 352 3832 flcpitaates
366 3777 418 3814 non
431 3759 643 3833 impetraverint.

203 3851 300 3916 Auno
321 3853 495 3918 Dominicae
521 3851 747 3918 iucarnationis
773 3850 1082 3936 quadringentesimo
1107 3851 1257 3937 vigesimo
1277 3873 1410 3932 A·D·4².³·

156 3937 265 4015 tertio,
300 3938 496 4002 Theodosius
528 3939 636 4025 junior
671 3945 746 4024 post
782 3937 962 4002 Honorium
1000 3936 1258 4023 quadragesimus
1266 3938 1420 3986 Theodosius

120 4058 150 4091 ιο
160 4023 290 4108 quintus
311 4025 353 4088 ab
374 4024 523 4111 Augusto
544 4046 678 4111 regnum
699 4023 872 4108 suscipiens
893 4022 1003 4108 viginti
1025 4029 1059 4086 et
1081 4044 1136 4085 sex
1158 4043 1258 4088 anuos
1329 4003 1362 4050 ¹¹·

192 4197 210 4224 ¹1
221 4188 337 4232 locurum
347 4189 377 4233 V.
388 4186 411 4232 G
421 4203 428 4233 ε
446 4192 471 4233 et
483 4201 549 4240 mox,
563 4187 669 4232 vidimus
679 4188 801 4231 hactenus
813 4183 843 4230 V.
868 4187 869 4190 ’
1019 4193 1034 4221 ¹
1049 4181 1217 4230 Romanorum
1228 4181 1257 4229 V.

159 4261 176 4299 y
187 4252 388 4297 &acuendorum
398 4251 428 4298 V.
490 4260 503 4288 Ζ
514 4253 685 4312 aquilonarem
696 4249 724 4296 V.
787 4259 801 4287 a
813 4249 856 4295 utu
868 4248 899 4295 V.
961 4248 1019 4294 buc
1030 4247 1209 4309 disperguntur
1222 4247 1251 4294 V.

196 4403 234 4436 ro.
245 4403 353 4448 regnum
364 4390 508 4451 surripiens]
530 4389 631 4436 Scilicet
647 4396 751 4435 amorre
763 4386 885 4435 Houorii:
906 4400 962 4432 uam
975 4385 1127 4432 'ruadostus
1140 4384 1194 4444 J'un.
1208 4386 1259 4432 Au-

160 4460 247 4515 gustus
259 4453 339 4502 lucrat
348 4454 451 4501 omentis
462 4454 493 4500 ab
504 4454 536 4502 A.
545 4454 577 4501 D.
585 4455 642 4511 408.
666 4453 781 4499 Mortuus
793 4459 830 4500 est
843 4449 967 4499 Honorius
977 4451 1041 4512 Aug.
1050 4450 1073 4498 d.
1083 4465 1119 4512 15.
1128 4450 1195 4497 Ab.
1202 4462 1259 4510 4²3·

160 4518 219 4567 Vid.
231 4520 324 4566 Socrat.
340 4520 405 4567 Hist.
417 4535 440 4567 v.
454 4533 474 4578 r,
487 4531 525 4567 22.
543 4519 625 4579 Prosp.
639 4518 729 4566 chron.
741 4519 788 4565 &c

207 4605 306 4644 BAEDA.
704 4603 722 4642 Ε
