3100 5125
285 261 349 322 114
624 253 860 319 HISTORIAE
883 252 1060 319 EOOLES.
1349 254 1400 317 II.
1418 273 1461 319 ac

284 409 428 472 innocnae
442 406 645 491 parvulorum
659 411 805 490 parceret
818 405 920 481 aetati,
936 405 1012 488 quin
1025 403 1190 467 universos
1210 403 1391 468 atrocitate

284 493 385 556 ferina
406 491 503 554 morti
524 513 582 574 per
601 496 763 554 tormenta
785 491 998 566 contraderet,
1013 489 1115 553 multo
1133 496 1277 573 tempore
1298 496 1390 553 totas

285 599 395 642 eorum
420 576 597 661 provincias
621 575 846 638 debacchando
874 582 1074 659 pervagatus,
1097 597 1136 638 ac
1158 580 1264 638 totum
1284 596 1389 658 genus

286 663 464 747 Anglorum
479 659 648 724 Brittaniee
663 660 779 754 finibqs
793 682 957 723 erasurum
972 682 1006 724 se
1021 682 1090 723 esse
1104 658 1293 722 deliberans.
1321 660 1427 723 saiso

285 769 344 810 nec
365 746 508 832 religioni
531 745 730 822 Christianae,
751 767 822 829 quae
843 745 930 830 apud
951 767 1005 808 eos
1027 752 1141 809 exorta
1162 750 1243 817 erat,
1264 745 1387 828 aliquid

285 831 480 916 inpendebat
494 831 632 894 honoris.
678 830 802 915 Quippe
816 852 888 893 cum
903 852 1002 913 usque
1016 830 1111 893 hodie
1125 829 1223 892 moris
1237 829 1280 892 sit
1298 829 1386 894 Brit

285 923 407 994 tonum,
436 916 533 979 fidem
560 916 804 1015 religionemque
833 915 1012 1014 Anglorum
1040 937 1099 1000 pro
1128 914 1226 978 nihilo
1255 915 1384 991 habere,

285 1023 388 1086 neque
403 1001 435 1066 in
451 1002 556 1085 aliquo
577 1023 622 1064 ers
641 1023 742 1086 magis
764 1021 995 1063 commumcare
1010 1023 1106 1083 quam
1126 999 1270 1084 paganis.
1316 1001 1385 1062 Ad-

285 1087 386 1150 latum
406 1094 456 1151 est
478 1095 595 1150 autem.
606 1092 703 1171 caput
717 1084 854 1148 AEduini
875 1085 959 1170 regis
981 1085 1173 1161 Eburacum,
1192 1091 1227 1147 ct
1249 1083 1385 1149 inlatum

287 1179 399 1256 postea
412 1172 446 1234 in
460 1171 623 1236 ecclesiam
637 1171 725 1235 beati
740 1170 877 1254 apostoli
893 1169 993 1246 Petri,
1008 1192 1105 1253 quam
1118 1170 1186 1254 ipse
1204 1170 1311 1253 coepit,
1328 1171 1385 1233 sed

287 1279 447 1320 successor
462 1259 529 1342 ejus
545 1257 702 1321 Osnaldus
724 1256 865 1341 perfecit,
882 1262 920 1318 ut
941 1277 1038 1340 supra
1058 1255 1229 1331 docuimus,
1245 1255 1420 1339 positumcs

286 1349 337 1406 est
359 1343 392 1405 in
414 1343 540 1428 porticu
561 1342 663 1405 sancti
684 1363 776 1426 papae
804 1339 959 1426 Gregorii,
981 1363 1002 1404 a
1024 1342 1113 1425 cujus
1135 1339 1203 1424 ipse
1224 1340 1386 1424 discipulis

286 1428 417 1490 verbum
431 1427 504 1492 vitae
520 1432 710 1511 susceperat.

124 1526 222 1575 Paulini
331 1512 482 1577 Turbatis
510 1513 619 1595 itaque
644 1513 739 1576 rebus
765 1510 1103 1594 Nordanhymbrorum
1125 1511 1220 1595 hujus
1248 1511 1385 1574 articulo

122 1606 240 1640 recessus.
286 1597 394 1674 cladis,
421 1620 494 1660 cum
516 1597 560 1660 nil
585 1596 698 1660 alicubi
721 1595 860 1680 praesidii
885 1595 944 1658 nisi
967 1595 1001 1657 in
1021 1596 1098 1680 fuga
1121 1617 1190 1658 esse
1213 1595 1383 1672 videretur,

287 1682 440 1747 Paulinus
463 1683 634 1766 adsumpta
663 1703 768 1744 secum
791 1681 902 1764 regina
926 1681 1116 1765 AEdilberge
1141 1702 1237 1764 quarn
1261 1681 1385 1764 pridem

286 1768 474 1844 adduxerat,
493 1767 589 1832 rediit
611 1766 758 1830 cantiam
780 1766 914 1850 navigio,
937 1772 1034 1851 atque
1055 1767 1096 1828 ab
1117 1765 1262 1828 Honorio
1283 1766 1385 1828 archi-

286 1850 1423 2020 titillanti.llllall‘zdlli.l23i3.{iiiffi·”

809 1987 818 2013 i
1374 1984 1383 2012 i

287 2023 407 2086 habens
422 2044 528 2085 secum
541 2020 746 2084 sEanfledam
760 2021 867 2098 filiam,
883 2028 917 2085 et
932 2021 1109 2084 Vuscfrean
1123 2019 1223 2083 filium
1237 2020 1385 2097 AEduini,

285 2128 409 2170 necnon
432 2113 466 2170 et
491 2106 575 2169 tYffi
600 2107 698 2168 filium
725 2107 844 2169 Osiridi
866 2106 922 2168 filii
945 2107 1021 2189 ejus,
1045 2127 1124 2190 quos
1147 2111 1261 2189 postea
1280 2111 1386 2168 mater

286 2197 374 2254 metu
391 2191 548 2254 Eadbaldi
563 2198 596 2255 et
615 2191 745 2254 Osualdi
759 2213 880 2276 regum,
895 2191 982 2254 misit
996 2191 1029 2253 in
1044 2189 1180 2253 Galliam
1198 2189 1385 2253 nutriendos

286 2275 354 2360 regi
367 2275 598 2362 uDaegbercctc
609 2276 663 2360 qui
675 2283 745 2340 erat
756 2276 875 2339 amicus
884 2277 975 2352 illius,
987 2276 1092 2360 ibique
1102 2277 1196 2338 ambo
1207 2275 1241 2337 in
1249 2275 1385 2338 infantia

287 2361 436 2438 defuncti,
453 2368 487 2425 et
504 2363 600 2445 juxta
621 2361 773 2424 honorem
788 2362 836 2424 vel
858 2361 953 2446 regiis
971 2361 1086 2445 pueris,
1101 2360 1150 2423 vel
1164 2359 1384 2423 innocentibus
1403 2376 1454 2422 102

287 2445 406 2510 Christi
429 2468 610 2531 congruum,
634 2446 667 2508 in
692 2446 823 2509 ecclesia
845 2445 960 2531 sepulti
983 2453 1068 2509 sunt.
1112 2444 1236 2508 Attulit
1260 2466 1385 2528 quoque

287 2552 394 2595 secum
417 2553 493 2596 vasa
521 2531 662 2617 pretiosa
687 2529 824 2593 AEdnini
853 2531 937 2617 regis
966 2531 1123 2616 perplura,
1148 2531 1182 2593 in
1208 2530 1322 2615 quibus
1351 2538 1385 2593 et

288 2638 412 2680 crucem
426 2640 576 2703 magnam
592 2638 731 2693 auream,
748 2622 781 2679 et
803 2617 932 2680 calicem
953 2638 1085 2680 aureum
1106 2624 1326 2679 consecratum
1342 2616 1385 2679 ad

287 2701 496 2765 ministerium
521 2702 642 2779 altaris,
668 2724 738 2785 quae
765 2701 920 2765 hactenus
948 2701 982 2764 in
1009 2702 1139 2765 ccclesia
1162 2701 1285 2765 Oantiae
1312 2723 1384 2764 con-

286 2793 413 2849 servata
426 2794 654 2851 monstrantur.

332 2870 402 2951 Quo
416 2871 449 2934 in
464 2877 617 2956 tempore,
634 2871 802 2935 Hrofensis
816 2871 946 2935 ecclesia
967 2878 1128 2955 pastorem
1147 2870 1276 2934 minime
1290 2871 1405 2934 habe-5

287 2956 355 3031 bat,
376 2977 414 3018 co
436 2957 520 3039 quod
544 2956 706 3019 Romanus
728 2958 844 3040 praesul
866 2956 947 3019 illius
968 2956 1012 3019 ad
1032 2956 1212 3019 Honorium
1226 2977 1344 3040 papam
1364 2978 1384 3018 a
1509 3013 1510 3040 ,

288 3040 312 3104 J
313 3047 387 3102 usto
401 3040 634 3124 archiepiscopo
651 3041 824 3126 legatarius
837 3040 961 3117 missus,
976 3042 1147 3125 absorptus
1160 3041 1267 3104 iuerat
1284 3037 1384 3104 flucti-
1509 3047 1510 3114 l

288 3126 348 3187 bus
368 3124 470 3187 Italici
485 3125 599 3187 maris:
623 3146 660 3188 ac
675 3147 732 3209 per
747 3126 807 3188 hoc
822 3147 931 3189 curam
949 3126 1032 3189 illins
1051 3126 1203 3210 praefatus
1219 3125 1383 3200 Paulinus,
1509 3119 1510 3166 l

287 3208 474 3272 invitatione
502 3210 636 3273 Honorii
662 3206 817 3274 antistssis
839 3216 872 3273 et
898 3210 1057 3274 Eadbaldi
1079 3211 1164 3295 regis
1186 3210 1326 3295 suscepit
1346 3232 1383 3274 ac
1509 3183 1510 3272 l

287 3292 401 3370 tenuit,
417 3295 593 3377 usquedum
606 3301 640 3358 et
655 3294 723 3380 ipse
737 3316 796 3359 suo
810 3302 953 3380 tempore
972 3297 1015 3359 ad
1037 3296 1176 3360 caelestia
1191 3318 1292 3381 regna
1313 3317 1384 3360 cum

354 3442 534 3506 sEcmsredum
545 3445 576 3492 V.
763 3444 871 3509 tlffiV.
1061 3459 1076 3488 ιι
1089 3448 1232 3507 chbereto
1240 3448 1272 3496 V.

319 3596 359 3644 33.
372 3596 448 3645 pacm
460 3584 582 3645 paganis]
597 3583 659 3631 Vide
676 3598 749 3644 supra
762 3583 789 3630 in
801 3584 872 3645 hujus
882 3584 939 3632 libri
951 3585 1030 3646 capite
1042 3585 1073 3633 iv.
1086 3586 1113 3633 S.
1142 3585 1233 3633 Odium
1246 3586 1385 3647 Anglorum

287 3648 402 3695 Britones
417 3646 536 3707 compulit
551 3648 583 3694 ed
599 3647 691 3695 foedera
706 3655 732 3695 et
748 3649 889 3696 societatem
907 3650 1018 3697 facienda
1035 3665 1090 3697 cum
1107 3650 1209 3711 paganis
1220 3659 1305 3697 contra
1317 3650 1385 3698 chri-

288 3712 389 3759 stianos.
423 3712 492 3759 Idem
504 3712 595 3758 factum
608 3719 644 3759 est
660 3718 745 3773 postca
756 3714 786 3759 A.
794 3712 827 3760 D.
839 3713 898 3773 835,
910 3728 965 3760 cum
982 3715 1145 3761 occidentales
1158 3714 1273 3762 Britones
1288 3716 1386 3776 (nempe

290 3775 476 3835 cornubienses,
487 3773 546 3838 dcc.)
557 3776 637 3822 foedus
648 3791 704 3824 cum
715 3774 797 3824 Danis
807 3778 871 3838 pacti
883 3785 941 3825 sunt
952 3784 978 3825 et
989 3778 1081 3825 bellum
1094 3794 1144 3825 una
1159 3786 1288 3841 gesserunt
1301 3790 1386 3827 contra

289 3840 393 3899 anglos.
415 3839 470 3886 Vid.
484 3838 574 3886 Chron.
586 3840 642 3886 Sax.

321 3903 355 3949 ib.
367 3902 451 3964 capul]
467 3902 561 3963 corpus
573 3910 654 3950 autem
666 3902 719 3964 ejus
729 3903 755 3951 in
767 3904 869 3952 ccclesia
880 3905 996 3954 Phurensi
1007 3906 1164 3954 tumulatum.
1177 3907 1204 3954 S.

323 3978 361 4027 3⁵·
373 3967 461 4027 arra]
477 3966 585 4027 Car-14·
722 3968 726 3977 '

321 4030 539 4091 43.Doegtcrecto]
552 4031 654 4079 Clotarii
665 4031 715 4078 filio
727 4040 752 4079 et
763 4032 894 4093 chilperici
906 4033 996 4094 nepoti,
1009 4034 1078 4095 cujus
1091 4035 1166 4082 frater
1176 4034 1334 4082 Charibertus
1345 4048 1386 4094 ge-

289 4101 377 4143 nuerat
394 4094 506 4142 Berctam
527 4096 676 4153 AEdilbergae
695 4103 806 4144 matrem.
840 4098 898 4159 Ipsa
917 4098 947 4145 ad
964 4098 1048 4146 villam
1068 4099 1178 4160 Liming,
1197 4114 1212 4145 a
1234 4113 1291 4159 rege
1312 4099 1386 4145 fratre

289 4158 382 4213 datam,
393 4158 567 4207 monasterium
586 4159 704 4215 condidit,
722 4161 763 4207 ubi
779 4162 872 4219 velum,
889 4162 969 4222 prima
985 4163 1120 4223 Anglorum
1138 4164 1250 4224 sumpsit,
1261 4163 1387 4221 vitamque

289 4222 377 4269 finivit.
401 4223 523 4269 Memoria
533 4224 586 4283 ejus
597 4224 622 4269 in
635 4224 772 4285 Anglicuno
784 4225 963 4288 Martyrologio
972 4226 1108 4273 celebratur
1120 4240 1151 4275 ιο
1162 4228 1230 4288 Sept.
1241 4228 1267 4275 S.
1283 4226 1386 4287 Doegbe-

289 4293 370 4333 rectus
381 4284 429 4341 hic,
442 4286 493 4334 sire
504 4286 667 4348 Dagobertus,
682 4288 777 4349 primus
789 4290 837 4336 fcit
852 4290 926 4336 trium
939 4290 1135 4351 Dagobertorum
1148 4306 1231 4352 regum
1244 4291 1385 4344 Ausonio,

290 4350 322 4461 dg
330 4349 438 4425 quoyid.
451 4350 578 4412 Fredegar.
592 4352 630 4413 58.
643 4349 682 4411 60,
694 4353 757 4411 &c.;
775 4353 836 4400 obiit
846 4368 904 4401 vcro
915 4355 946 4400 A.
956 4354 987 4402 D.
1002 4352 1056 4416 638.
1084 4355 1181 4402 Mabiil.
1194 4357 1259 4402 Anu.
1271 4355 1334 4403 Beu.
1344 4352 1385 4400 xii.

291 4426 304 4475 ⁵
323 4427 367 4459 Ν·
379 4428 395 4460 ¹·
407 4428 430 4474 P·
442 4425 497 4475 370·
