3100 5125
260 321 325 383 828
573 319 794 385 HISTORIA
818 319 1046 383 ABBArUM

260 470 396 537 subditis
410 471 452 535 cb
466 471 727 555 impedimentum
740 492 896 556 supremae
907 471 1024 549 aetatis,
1035 472 1176 535 debitam
1187 471 1403 556 spir-itunae

261 556 406 622 exercitii
423 557 472 620 vel
491 558 634 621 docendo
649 557 698 622 vel
715 557 848 621 vivendo
870 556 1062 641 ¹praeoipcre
1079 556 1234 630 formam;
1260 558 1365 622 multa

261 644 316 707 din
331 664 437 707 secum
451 649 558 705 mente
573 664 711 717 versans,
727 642 835 707 utilius
851 642 999 720 decrevit,
1016 643 1093 706 dato
1108 642 1262 707 fratribus
1281 665 1364 727 prae-

262 735 364 813 cepte,
380 734 418 793 ut
429 727 524 811 juxta
537 727 587 791 sni
601 734 727 792 statuta
746 727 900 812 privilegii
919 728 1075 811 juxtaque
1095 728 1237 813 regulam
1257 727 1363 793 saneti

261 813 389 879 abbatis
413 812 587 889 Benedicti,
610 814 650 877 de
673 813 739 876 suis
758 813 820 877 sibi
842 813 853 875 i
877 812 903 875 si
925 819 1050 897 patrem
1073 813 1126 897 qui
1148 812 1254 896 aptior
1274 820 1363 877 esset
1387 856 1391 861 -

262 898 424 983 eligerent,
436 897 492 961 eti
561 900 730 963 beatorum
743 837 961 983 apostolorum
975 898 1030 961 ubi
1041 898 1166 981 juvenis
1176 920 1248 960 cum
1260 898 1362 962 Bene-

262 984 349 1048 dicto
370 984 476 1047 fuerat
541 1005 601 1047 mae
622 983 693 1048 loca
713 990 826 1047 sancta
847 989 1047 1068 repeterety:
1072 984 1221 1067 quatinus
1238 992 1273 1047 et
1291 984 1404 1068 ipseso

261 1076 338 1134 ante
352 1075 489 1133 mortem
502 1068 695 1153 aliquamdiu
706 1068 803 1132 seculi
814 1069 897 1131 curis
908 1068 1082 1145 absolutus,
1092 1068 1221 1132 liberius
1232 1068 1362 1133 sibimet

262 1162 385 1219 secreta
406 1154 514 1238 quiete
533 1161 681 1229 vacaret3
706 1161 739 1217 et
756 1154 800 1216 illi
821 1162 947 1238 sumpto
967 1155 1085 1217 abbate
1102 1154 1275 1236 juveniore,
1290 1176 1363 1238 per-

261 1240 375 1304 fectius
386 1240 481 1323 juxta
494 1245 625 1303 aetatem
638 1238 786 1324 magistri
805 1262 875 1323 quae
891 1239 964 1303 vitae
982 1239 1134 1324 regularis
1149 1245 1257 1303 essent
1270 1238 1362 1303 insti-

261 1331 336 1389 tuta
349 1331 522 1389 servarent.
570 1382 573 1385 ,

305 1408 532 1475 Obnitentibus
553 1409 628 1475 licet
651 1411 754 1495 primo
780 1409 934 1487 omnibus,
959 1416 993 1473 et
1016 1410 1050 1473 in
1072 1410 1218 1474 lacrimas
1242 1410 1363 1496 singul-

262 1503 279 1559 t
338 1517 379 1559 ue
410 1517 494 1559 enua
506 1517 580 1559 cum
593 1495 812 1559 obsecratione
827 1496 939 1560 crebra
953 1495 1163 1572 flectentibus,
1178 1496 1298 1559 factum
1310 1504 1363 1559 est

139 1584 147 1600 ⁶
262 1604 305 1666 qu
360 1517 468 1645 voluit
506 1581 673 1665 Tantaque
686 1587 758 1645 erat
771 1580 989 1679 proficiscendi
1005 1580 1126 1664 cupido,
1142 1586 1180 1644 ut
1193 1581 1293 1645 tertia
1307 1581 1400 1653 dieas
1521 1582 1523 1639 Ι

261 1689 302 1730 ex
316 1688 380 1752 quo
393 1666 547 1731 fratribus
560 1672 717 1730 secretum
731 1688 780 1729 sur
795 1665 948 1750 propositi
963 1666 1098 1749 aperuit,
1113 1666 1177 1729 iter
1190 1666 1360 1751 arriperet.

262 1752 410 1816 Timebat
432 1751 516 1815 enim
535 1752 620 1835 quod
641 1750 755 1828 evenit,
776 1774 817 1815 ne
839 1751 1023 1835 priusquam
1041 1751 1177 1814 Romam
1194 1752 1361 1835 pervenire

260 1844 379 1922 posset,
397 1836 503 1901 obiret
512 1863 521 1911 ;
545 1836 638 1901 simul
653 1836 808 1914 devitans,
824 1859 864 1900 ne
883 1838 925 1901 ab
940 1836 1049 1899 amicis
1071 1836 1137 1900 sive
1151 1836 1225 1899 viris
1244 1837 1361 1921 princi-

260 1924 384 2007 palibus
402 1923 517 2007 quibus
538 1922 660 1988 eunetis
681 1928 753 1985 erat
773 1921 976 1997 honorabilis,
997 1922 1064 2004 ejus
1086 1928 1193 2005 ooepta
1215 1923 1361 1986 retarda-

260 2014 381 2082 rentur,
397 2015 432 2072 et
452 2030 493 2071 ne
510 2007 645 2092 pecunia
662 2007 795 2071 daretur
814 2006 860 2071 illi
879 2030 900 2071 a
919 2006 1117 2091 quibusdam,
1133 2006 1247 2090 quibus
1266 2008 1361 2087 retri-

261 2094 358 2157 buere
379 2115 437 2177 pro
451 2099 595 2177 tempore
617 2092 781 2177 nequiret;
807 2093 889 2157 hano
910 2092 1031 2155 habens
1051 2113 1175 2175 semper
1189 2099 1361 2156 eonsuetu-

261 2177 376 2253 dinem,
392 2185 429 2241 ut
443 2178 541 2262 siquis
556 2178 585 2241 ei
599 2178 718 2263 aliquid
732 2177 872 2241 muneris
887 2177 1024 2253 offerret,
1041 2178 1101 2240 hoc
1121 2177 1165 2239 illi
1179 2177 1228 2241 vel
1245 2178 1402 2250 statim4o
1417 2176 1421 2182 ’

260 2262 308 2325 vel
322 2269 396 2345 post
410 2262 610 2327 intervallum
624 2269 817 2349 competens,
829 2285 893 2326 non
907 2262 1027 2327 minore
1041 2262 1148 2347 gratia
1158 2264 1359 2347 rependeret.

261 2346 402 2411 (lentata
419 2368 496 2432 ergo
517 2347 620 2431 primo
641 2370 735 2413 mane
755 2348 852 2411 missa
872 2348 905 2411 in
924 2347 1055 2411 ecclesia
1068 2348 1173 2411 beatae
1188 2348 1249 2410 Dei
1263 2370 1361 2433 gene-

259 2432 350 2496 tricis
364 2454 548 2517 semperque
562 2432 692 2518 virginis
708 2434 823 2498 Mariae
846 2440 880 2497 et
901 2433 934 2495 in
951 2432 1084 2497 ecelesia
1104 2433 1242 2531 apostoli
1256 2433 1359 2510 Petri,

97 2524 232 2582 «lun-de
260 2517 362 2603 pridie
387 2540 487 2583 nonas
510 2518 635 2596 Junias,
663 2519 775 2605 quinta
797 2518 885 2597 feria,
912 2525 945 2584 et
974 2518 1277 2583 eommumoantibus
1303 2518 1359 2603 qui

97 2591 129 2636 A.
141 2590 174 2638 Β·
187 2587 242 2650 ⁷¹⁶·
258 2605 403 2682 aderant,
418 2605 568 2670 continuo
582 2613 783 2690 praeparatur
796 2606 838 2669 ad
853 2606 999 2669 eundum.
1037 2604 1236 2668 Conveniunt
1250 2626 1361 2668 omnes

259 2689 292 2752 in
310 2691 473 2755 eeclesiam
494 2691 581 2755 beati
597 2690 696 2767 Petri,
712 2690 781 2790 ipse
796 2692 889 2754 thure
909 2690 1036 2753 incenso
1055 2696 1090 2754 et
1111 2689 1198 2753 dicta
1211 2690 1399 2762 oratione45
1525 2763 1526 2766 Ἴ

258 2777 301 2839 ad
319 2777 431 2853 altam,
446 2798 557 2860 pacem
572 2778 629 2840 dat
651 2778 805 2852 ommbus‚
822 2783 911 2839 stans
930 2775 965 2837 in
983 2775 1144 2860 gradibus,
1160 2775 1360 2840 thuribulum

259 2861 380 2926 habens
403 2861 436 2924 in
461 2884 577 2926 manu:
611 2861 684 2925 hinc
709 2861 837 2924 fletibus
866 2861 1082 2924 universorum
1111 2859 1196 2923 inter
1219 2859 1357 2923 letanias

259 2946 490 3024 resonantibus,
515 2954 651 3021 exeunt3
686 2947 773 3010 beati
801 2946 965 3010 Laurentii
989 2945 1141 3029 martyris
1168 2945 1358 3023 oratorium,

259 3032 344 3114 quod
358 3032 392 3094 in
406 3032 593 3096 dormitorio
606 3033 743 3096 fratrum
757 3037 828 3095 erat
846 3031 981 3107 obvium,
997 3029 1138 3100 intrant:
1163 3030 1231 3094 vale
1246 3029 1359 3094 dicens

258 3115 412 3193 ultimum,
428 3118 469 3180 dc
483 3118 698 3182 conservanda
711 3116 844 3179 invicem
860 3115 1034 3192 dilectione,
1050 3122 1084 3178 et
1099 3114 1359 3198 delinquentibus

254 3202 351 3284 juxta
376 3201 582 3300 Evangelium
604 3201 818 3286 corripiendis,
843 3203 1012 3276 admonet;
1048 3200 1203 3276 omnibus,
1230 3201 1356 3284 zsiquid

257 3286 341 3350 forte
371 3286 582 3370 deliquissent,
612 3287 751 3372 gratiam
781 3308 846 3350 suae
875 3286 1067 3350 remissionis
1099 3292 1133 3350 et
1166 3286 1355 3385 placationis
1365 3311 1398 3362 50

257 3371 373 3447 offert3
397 3393 506 3435 omnes
521 3393 743 3455 prosecrare,
759 3371 821 3435 sibi
836 3372 979 3456 placatos
995 3372 1139 3446 existere,
1157 3393 1184 3434 s1
1200 3371 1264 3434 sint
1274 3393 1355 3454 quos

258 3457 366 3520 durius
378 3458 465 3541 justo
480 3458 557 3520 reda
616 3457 702 3535 isset,
714 3459 870 3521 obsecrat.
902 3457 1045 3521 Veniunt
1059 3458 1101 3520 ad
1116 3456 1210 3530 litus;
1228 3478 1356 3519 rursum

257 3544 363 3605 osculo
377 3541 465 3626 pacis
478 3479 722 3606 ἱῃὺθῑΐοτίωαε
736 3542 882 3605 omnibus
897 3543 983 3618 dato,
999 3564 1102 3627 genua
1119 3541 1272 3615 flectunt3
1297 3541 1356 3605 dat

256 3627 442 3704 orationem,
468 3628 612 3692 ascendit
640 3649 753 3692 navem
782 3649 854 3690 cum
882 3626 1059 3690 comitibus.
1103 3626 1292 3690 Ascendunt
1320 3633 1356 3689 et

258 3712 405 3776 diacones
420 3713 559 3777 ecclesiae
574 3735 681 3777 cereas
697 3713 848 3777 ardentes
868 3719 902 3776 et
924 3733 1048 3775 crucem
1062 3712 1200 3774 ferentes
1214 3733 1353 3787 auream,
1368 3735 1432 3799 301

258 3797 377 3861 transit
391 3797 516 3876 flumen,
526 3800 641 3862 adorat
657 3819 790 3874 crucem,
803 3797 947 3863 ascendit
961 3819 1077 3881 equum
1088 3803 1120 3860 et
1132 3796 1223 3873 abiit,
1235 3795 1355 3860 relictis

259 3881 293 3945 in
306 3883 507 3946 monasteriis
522 3883 587 3946 suis
600 3883 753 3948 fratribus
762 3903 893 3946 numero
908 3883 1006 3946 sermo
1021 3882 1190 3946 sexcentis.

92 3976 179 4023 fluet·
305 3988 354 4046 14.
376 3967 435 4031 Illo
456 3974 564 4032 autem
585 3970 724 4032 abeunte
749 3990 822 4031 cum
845 3967 946 4045 sociis,
970 3969 1105 4031 redeunt
1126 3968 1168 4031 ad
1191 3968 1354 4032 ecelesiam

91 4043 209 4114 berctus·
228 4101 235 4115 .
257 4053 382 4130 fratres,
397 4075 431 4116 se
445 4075 483 4117 ao
498 4074 556 4116 sua
567 4053 704 4117 Domino
718 4053 845 4116 fletibus
860 4059 894 4116 et
908 4053 1054 4117 oratione
1064 4054 1302 4116 commendant:
1319 4058 1353 4116 et

91 4103 167 4218 {iim
178 4102 330 4222 ellgl'post
343 4160 408 4202 non
421 4138 542 4224 grande
556 4139 763 4216 intervallum,
776 4160 847 4203 com
869 4139 934 4202 leta
948 4139 1035 4202 horae
1046 4137 1152 4202 tertiae
1166 4138 1376 4222 psalmodia,5

255 4245 380 4287 rursum
408 4223 598 4287 conveniunt
626 4239 768 4298 omnes3'
793 4161 870 4307 quid
902 4225 1060 4308 agendum
1088 4223 1131 4286 sit
1163 4223 1353 4297 consulunt,-

287 4372 302 4400 ¹
314 4367 442 4428 proefleere
450 4366 480 4413 V.
560 4375 575 4411 y
585 4367 623 4414 lta
636 4367 689 4413 cod.
700 4324 814 4428 Binigb.
824 4366 910 4415 Romoe
917 4369 970 4414 loca
978 4373 1067 4430 soqrtu
1077 4373 1198 4428 repeteret
1205 4382 1253 4414 om.
1264 4367 1352 4416 ceteri.

257 4428 344 4476 Subdit
354 4445 412 4477 vero
423 4430 503 4478 Smitb
512 4430 573 4486 hsce,
585 4431 631 4478 l'er
642 4430 775 4478 scribarum
793 4431 914 4479 incuriam
932 4431 1044 4478 videntur
1065 4431 1147 4479 omitti
1164 4432 1215 4480 bac
1231 4431 1313 4491 verbs,
1326 4439 1353 4478 ut

133 4507 139 4516 ·
254 4493 355 4553 conjicit
367 4493 544 4552 Mebillonius3
556 4499 675 4556 pergeret
686 4496 721 4542 ad
731 4497 832 4550 limr'na,
861 4496 1012 4543 etom.S.V.
1029 4497 1074 4558 ipsi
1087 4495 1116 4542 V.
1200 4498 1301 4544 zsicuti
1312 4496 1341 4543 V.
