3100 5125
288 315 355 378 852
597 309 824 376 EPISTOLA
848 308 1085 377 BONIFAUII

288 466 513 552 praeleotorum
533 463 583 528 vel
602 461 756 527 oomitum
776 461 919 526 saeoulad
940 468 1103 547 potestate
1123 462 1231 541 fultus,
1250 464 1313 527 sibi
1336 487 1395 550 por

289 551 471 617 violentiam
484 549 592 634 rapiat
607 547 837 613 monasterium
857 546 897 611 de
917 553 1079 632 potestate
1101 548 1251 634 episeopi,
1264 550 1315 615 vel
1336 552 1392 614 ab

288 636 383 714 batis,
400 636 467 700 zvel
488 634 671 713 abbatissae,
694 641 729 698 et
749 632 882 717 inoipiat
903 632 971 718 ipse
985 632 1052 701 viee
1073 634 1203 699 abbatis
1224 656 1336 721 regere
1358 644 1392 701 et

288 723 407 787 babere
431 722 492 785 sub
516 742 552 784 se
576 720 758 797 monaebos,
784 724 819 783 et
844 718 1012 804 pecuniam
1037 718 1208 804 possidere,
1231 742 1303 804 quae
1328 722 1391 786 fuit

289 807 409 874 christi
423 806 578 892 sanguine
590 812 787 891 amparate,
797 804 896 869 talem
909 804 1069 869 hominem
1083 805 1250 871 nominant
1262 805 1389 892 antiqui

331 900 400 958 tres
419 900 592 992 raptorem,
607 899 643 956 et
663 891 861 975 sacrilegum,
882 896 916 954 ot
937 890 1128 955 homioidam
1148 911 1333 977 pauperum,
1355 900 1389 957 et
1398 913 1429 947 20

287 916 594 1129 ffiumtizdiabogplm
613 977 789 1127 ipffiterp
810 976 844 1039 in
865 975 947 1127 ⁰le
961 976 1138 1126 Offistifft
1146 977 1295 1127 gpahqpipno
1313 1001 1388 1128 ιιιιόι

327 1086 399 1129 ema
469 1086 522 1128 vm
572 1084 593 1127 o
717 1083 913 1126 anuman
1042 1084 1084 1125 un
1223 1086 1274 1126 s1.
1371 1087 1389 1129 e

288 1150 407 1215 talibus
428 1170 606 1213 memorare
629 1147 733 1213 saneti
757 1146 851 1211 Pauli
876 1146 1013 1232 apostoli
1041 1149 1084 1213 ad
1114 1148 1318 1215 Timotheum
1343 1150 1389 1215 di-

289 1236 410 1301 sontis:
441 1233 601 1299 Divitibus
623 1234 714 1319 tapies
736 1232 844 1297 saeuit
867 1233 1004 1318 presepe
1027 1254 1086 1297 aaa
1111 1233 1253 1318 hesperia
1272 1256 1388 1320 sapere,

285 1342 383 1407 usqae
403 1342 527 1407 speram
554 1321 590 1384 ia
612 1321 726 1384 imno
754 1318 947 1395 dinitiarum,
976 1318 1030 1385 sed
1056 1320 1092 1381 ia
1119 1320 1203 1385 cDeo
1231 1320 1308 1398 eise,
1334 1322 1427 1405 quies

282 1417 416 1493 prestat
435 1407 548 1471 omnia.
593 1405 732 1484 Talibus,
754 1404 783 1469 si
804 1403 942 1469 eoolesioe
964 1404 1197 1489 eorreptionem
1221 1427 1285 1469 uon
1310 1407 1389 1471 reoi-

289 1492 383 1578 piunt
396 1492 536 1557 detbnioi
557 1499 591 1556 et
635 1490 772 1556 ublioani
794 1497 879 1567 sunt,
903 1512 960 1555 neo
978 1490 1056 1555 vivis
1075 1512 1133 1553 neo
1150 1491 1284 1555 mortuis
1304 1514 1390 1557 oom-

289 1578 432 1643 munioat
445 1576 593 1642 ‘eeclesia
607 1515 678 1641 bei.
723 1576 864 1654 Talibus,
879 1574 1046 1661 squoniam
1065 1583 1099 1641 et
1120 1576 1172 1641 bio
1186 1584 1222 1641 et
1241 1577 1286 1642 ibi
1300 1600 1390 1663 repe

289 1664 426 1742 rinntur,
440 1686 514 1727 oum
525 1664 606 1728 tuba
621 1663 682 1727 Dei
695 1663 888 1748 olangnmus,
903 1684 944 1725 ne
954 1668 1099 1727 tenentes
1113 1662 1308 1727 damnemur.

334 1772 364 1835 9.
381 1750 624 1834 Supewaouam,
640 1756 695 1814 set
714 1749 786 1812 Deo
800 1747 948 1811 odibilem
962 1748 1223 1813 vestimentorum
1236 1749 1388 1833 supersti-

290 1834 411 1900 tionem
426 1835 513 1898 omni
526 1834 703 1899 intentione
716 1834 884 1919 probibere
900 1834 1012 1897 stude:
1036 1833 1110 1918 quia
1127 1833 1180 1897 illa
1200 1842 1388 1901 ornamenta
1396 1852 1429 1903 30

291 1920 435 1997 vestium,
461 1922 514 2004 (ut
538 1920 599 1983 illis
624 1920 758 1997 videtur,
784 1919 870 2003 quod
895 1920 936 1983 ab
960 1918 1031 1983 eliis
1059 1918 1226 2004 turpitudo
1254 1920 1386 2004 dieitur)

290 2006 453 2071 latissimis
474 2005 579 2084 slavis,
594 2005 748 2070 vermium
760 2003 951 2090 imaginibus
966 2004 1090 2069 elavata
1106 2006 1279 2070 adventum
1293 2007 1388 2071 Anti-

290 2092 410 2169 obristi,
426 2093 469 2155 ab
486 2091 540 2155 illo
554 2091 750 2168 transmissa,
774 2097 984 2175 praeeurrunt,
1008 2090 1113 2155 hillius
1133 2091 1316 2169 ealliditate,
1331 2115 1389 2177 per

288 2178 453 2241 ministros
466 2198 549 2254 suos,
564 2177 764 2243 iutrodueere
782 2176 870 2241 intra
889 2176 1027 2241 claustra
1048 2178 1312 2241 monasteriorum
1327 2178 1388 2243 ior-

288 2262 490 2338 nioationem
512 2268 548 2326 ot
568 2262 740 2327 iluxuriam
760 2262 956 2327 elevatarum
973 2262 1134 2347 juvenum,
1150 2269 1185 2327 et
1206 2264 1293 2329 foeda
1314 2286 1388 2328 oon-

289 2348 399 2426 sortia‚
415 2354 450 2411 et
463 2347 597 2411 taedium
609 2348 755 2413 lectionis
769 2354 804 2412 et
819 2347 981 2425 orationis,
997 2354 1031 2412 et
1045 2348 1256 2433 perditionem
1270 2350 1388 2414 anima·

288 2456 370 2497 rum.
414 2433 496 2498 Haeo
517 2433 705 2498 indumenta
724 2434 905 2499 nuditatem
925 2434 1039 2499 animae
1062 2434 1283 2520 si'gniiioantia,
1298 2435 1388 2520 signa

288 2519 323 2584 in
344 2542 378 2586 se
400 2521 574 2586 ostendunt
595 2520 798 2606 arrogantiae,
815 2526 849 2585 et
870 2520 1035 2605 superbire,
1052 2528 1085 2586 et
1104 2520 1237 2586 luxuriae
1252 2528 1287 2586 et
1303 2521 1388 2586 vani-

288 2607 386 2682 tatis3
411 2608 451 2671 de
466 2607 581 2692 quibus
595 2607 760 2691 Sapientia
776 2606 863 2682 dieit,
878 2607 1100 2692 Arroyaatiom
1120 2616 1148 2671 et
1164 2605 1344 2694 sepertinere,
1362 2617 1390 2672 et

289 2693 374 2756 mum
382 2714 528 2777 prooem,
542 2702 572 2757 et
584 2715 616 2756 os
629 2692 761 2777 ὸιίἱιιριιο
774 2692 908 2756 dantes.

335 2798 385 2842 10.
412 2777 533 2844 Fertur
556 2799 682 2863 quoque
707 2777 741 2843 in
762 2778 922 2862 parochiis
944 2777 1057 2843 vestris
1080 2778 1247 2844 ebrietatis
1270 2778 1411 2847 malum⁵

243 2959 246 2965 ·
321 2947 536 2996 essentitatem
547 2947 590 3009 Sp.
682 2947 1127 2997 aclientuliG.sioutemeudas·itSer.
1153 2951 1163 2964 ⁴
1205 2949 1334 2998 bsutlime
1345 2951 1389 3012 Sp.

285 3008 358 3072 juxta
369 3010 469 3073 Vulgat.
593 3012 726 3061 ⁰Domiao
738 3013 780 3074 Sp.
905 3015 919 3054 d
931 3015 991 3075 quis
1004 3015 1097 3060 ethnici
1107 3014 1148 3074 sp.
1274 3021 1287 3049 θ
1300 3015 1338 3062 lta
1347 3015 1389 3076 Sp.

289 3077 416 3122 eeclesiam
427 3076 480 3124 Ser.
574 3076 763 3140 tquontamsic
773 3079 815 3139 Sp.
914 3085 1021 3126 sautem
1034 3079 1121 3126 etDeo
1134 3078 1176 3140 Sp.
1277 3077 1388 3127 ¹¹illisG.

288 3137 460 3188 lAatietsisti
471 3143 599 3190 turudum
612 3143 640 3190 C.
674 3144 703 3190 ln
718 3143 765 3190 bae
776 3157 836 3191 voce
851 3142 981 3190 leoteriam
992 3141 1082 3190 desinit
1096 3141 1199 3203 epistola
1213 3142 1329 3192 editionis
1345 3146 1388 3192 Se·

289 3202 349 3250 rarii
360 3210 386 3251 et
397 3204 473 3252 Giles.
496 3206 600 3268 Reliqua
611 3223 626 3254 a
636 3207 785 3268 spelmanno
796 3207 862 3256 edite
872 3214 930 3256 sunt
940 3222 954 3255 e
966 3206 1048 3256 codiee
1060 3209 1167 3270 antiquo.
1191 3207 1286 3256 concil.
1299 3225 1321 3272 p.
1332 3220 1387 3274 ²⁵9·

288 3329 463 3446 Erqqrapiat
478 3335 667 3397 monasterium]
688 3335 728 3383 De
745 3335 863 3384 laicorum
881 3336 1037 3384 monasteriis
1053 3337 1118 3386 coni.
1131 3336 1212 3386 Bada
1228 3339 1341 3400 querelas
1357 3340 1388 3388 sd

322 3433 325 3438 ,
373 3404 437 3446 rtnm
451 3411 473 3458 7.

311 3411 360 3522 c2⁸3.
371 3456 519 3524 manerem]
533 3461 580 3510 l’ro
591 3470 721 3523 memento,
732 3470 851 3526 tanquam
863 3479 878 3512 a
888 3479 1024 3514 memmae:
1042 3467 1106 3514 conf.
1120 3465 1232 3530 Dueang.
1244 3467 1271 3516 in
1283 3484 1307 3516 r.

321 3541 361 3588 23.
374 3528 489 3588 dioensis]
509 3541 520 3574 1
532 3526 597 3574 'lina
609 3527 641 3575 ri.
654 3539 692 3590 17.

320 3592 361 3639 ao.
372 3591 473 3652 ethnica]
488 3591 578 3638 Matth-
589 3592 656 3640 xviii.
668 3602 706 3654 17.
739 3593 906 3655 Supplendum
918 3593 957 3641 bic
968 3595 1037 3656 qaia,
1048 3595 1088 3642 vel
1099 3595 1179 3643 simile
1187 3596 1312 3657 quiddam.

322 3669 361 3716 31.
373 3656 506 3716 emm]
528 3656 595 3704 ctus
611 3658 723 3706 Serssim
740 3657 884 3706 Ciceronem
901 3665 927 3706 et
941 3658 1067 3708 Plinium:
1086 3661 1127 3707 sed
1145 3660 1236 3709 Lucilii
1251 3677 1336 3710 versus
1351 3671 1389 3710 est

288 3735 361 3783 quem
373 3719 411 3767 illi
421 3720 539 3782 referunt,
549 3720 642 3770 Plinius
653 3723 736 3770 xxxvi.
749 3721 790 3771 61.
805 3721 848 3784 (sl.
861 3720 913 3784 ²5·)
946 3723 1032 3771 Cicero
1044 3723 1083 3772 De
1095 3723 1166 3774 Orat.
1177 3725 1213 3774 iii.
1225 3739 1257 3786 43
1272 3725 1359 3790 (1702

451 3785 539 3848 ,Quam
549 3787 628 3848 lepide
638 3789 714 3835 lexeis
724 3787 873 3849 compostis?
890 3793 919 3834 set
931 3790 1053 3835 tesserula
1064 3803 1146 3836 manes
1178 3821 1181 3826 -

450 3849 513 3897 Arte
518 3853 673 3911 podismo,
685 3858 761 3914 atque
771 3852 915 3899 emblemate
926 3854 1094 3900 vermiculato.

287 3912 376 3961 Obiter
390 3915 525 3961 nomadum
542 3921 580 3962 est
594 3916 625 3963 de
635 3917 743 3964 reatibus
758 3915 907 3977 hujusmodi,
921 3915 1067 3978 jamdudum
1084 3917 1147 3966 alios
1163 3925 1310 3980 conquestos
1325 3934 1387 3978 esse,

288 3979 400 4038 uirgines
411 3979 465 4025 Deo
479 3980 575 4026 άιωιαι
592 3981 703 4028 texendis
717 3981 885 4030 maturisue
900 3982 1053 4030 indumentis
1068 3996 1169 4044 operam
1185 3985 1289 4044 dedisse,
1301 3984 1389 4045 quibus

287 4042 430 4155 qseipasqivel
441 4042 503 4090 alios
512 4051 637 4092 ornarent.
662 4045 719 4094 Vid.
731 4059 786 4106 quse
798 4043 873 4094 Beda
885 4045 984 4095 tradidit
995 4047 1025 4096 de
1037 4047 1187 4096 monasterio
1199 4049 1231 4097 sd
1242 4048 1331 4098 coludi
1341 4049 1389 4096 Ur-

319 4123 354 4167 m,
394 4107 503 4154 istim
523 4141 529 4155 .

320 4187 345 4232 4.
357 4172 429 4233 dicit]
444 4121 518 4220 l’ror.⁵
525 4172 578 4219 viii.
590 4187 628 4234 13.

322 4248 346 4297 5.
357 4235 493 4296 ebrietatis]
508 4236 662 4285 Mslnmboe
672 4238 764 4301 Anglis
775 4245 829 4288 tum
843 4238 917 4288 ultius
927 4243 1037 4289 inustum
1056 4256 1110 4291 esse
1125 4242 1211 4292 multis
1222 4241 1320 4292 indiciis
1331 4257 1390 4292 con-

289 4307 346 4348 stat.
379 4300 452 4348 Cous.
464 4301 540 4349 Cone.
552 4302 664 4350 Cloresb.
677 4305 738 4352 Cau.
752 4316 792 4352 21.
817 4307 858 4352 De
868 4304 995 4368 fisgiendo
1006 4307 1132 4356 ebrietatis
1142 4311 1246 4356 melam.
1263 4308 1389 4356 Wihtrad.

289 4365 349 4425 leg.
357 4363 383 4413 6.
398 4364 521 4413 Theodor.
533 4367 663 4415 Poeuitent
672 4369 737 4417 xxvi.
747 4369 861 4432 Eegbert.
876 4370 1005 4419 Poeniteut.
1015 4371 1048 4420 iv.
1058 4386 1098 4434 33.
1110 4373 1155 4420 &a
1167 4372 1193 4420 in
1205 4373 1390 4422 AneieutLaws

289 4429 338 4476 sud
349 4429 410 4477 lust.
417 4430 447 4476 ot
454 4430 539 4490 liugl,
550 4431 630 4479 land.
640 4433 709 4492 1840.
730 4434 791 4496 leg.
799 4434 907 4498 Presbyt.
918 4435 1067 4484 Nortbamb.
1076 4451 1117 4496 41.
1131 4437 1157 4484 in
1167 4437 1278 4485 erkius
1287 4437 1363 4485 Cone.
1373 4436 1390 4484 i.

288 4507 312 4554 p.
321 4504 377 4541 πο.
403 4494 547 4542 Sedvitium
558 4495 605 4544 tuit
615 4496 668 4557 ejus
679 4498 769 4559 mend,
781 4505 807 4548 ot
817 4499 901 4561 stirpis
911 4497 1055 4564 plerumque
1064 4501 1223 4552 Gemanica
1255 4501 1390 4552 Germanos
