3100 5125
500 297 717 372 ELENOHUS
739 296 930 359 carison.
1214 298 1266 361 xiii

166 439 280 516 XXIX.
295 446 337 504 Ut
349 446 426 505 idam
435 448 495 523 jam
509 448 657 522 episcopus
671 446 780 503 obitum
794 465 876 503 suum
890 442 1017 521 proxime
1030 446 1157 505 futurum
1172 448 1266 505 Here-

208 528 307 583 bercto
321 528 498 584 anachoretae
511 527 683 601 praedixerit.
704 546 733 601 p.
750 544 816 599 240.

165 616 263 680 XXX.
277 623 320 680 Ut
331 641 434 698 corpus
447 624 521 681 illius
533 633 600 699 post
616 623 748 680 undecim
762 640 853 680 annos
872 623 1033 697 sepulturae,
1051 624 1088 681 sit
1107 623 1266 699 corruptio-

206 705 251 761 nis
264 704 390 761 immune
404 714 565 780 repertum:
587 723 641 761 nec
654 704 746 761 multo
760 714 827 781 post
848 721 994 761 successor
1010 705 1191 783 episcopatus
1204 706 1267 780 ejus

209 783 246 841 de
259 785 367 842 mundo
381 785 534 843 transierit.
555 806 586 863 p.
603 802 670 857 242.

167 873 280 939 XXXI.
302 882 345 939 Ut
358 882 472 959 quidam
485 883 523 939 ad
534 883 664 940 tumbam
677 882 739 956 ejus
752 881 790 938 sit
803 900 821 939 a
834 882 956 958 paralysi
971 889 1095 939 sanatus.
1118 902 1145 959 p.
1160 898 1229 954 243.

167 976 296 1116 XXXIII}
310 977 353 1036 Ut
366 979 438 1036 alter
451 980 487 1037 ad
500 979 632 1055 reliquias
645 979 707 1054 ejus
719 997 812 1056 nuper
825 979 910 1037 fuerit
924 979 960 1035 ab
974 978 1052 1041 oculi¹
1060 979 1199 1054 languore
1217 994 1266 1045 cu·

209 1077 242 1115 ra
291 1100 298 1116 .
320 1079 350 1136 p.
369 1077 436 1133 244.

618 1253 755 1323 LIBER
777 1254 820 1321 V.

168 1396 193 1456 1.
210 1397 252 1456 Ut
264 1395 408 1455 Oidiluald
421 1411 568 1455 successor
581 1397 736 1455 Cudbercti
747 1398 778 1454 in
792 1396 989 1455 anachoretica
997 1396 1065 1461 vita,
1075 1396 1269 1455 laborantibus
1307 1364 1308 1367 ¹

210 1479 241 1535 in
253 1478 326 1535 mari
337 1477 481 1563 fratribus,
494 1486 694 1555 tempestatem
704 1478 813 1535 orando
828 1479 975 1536 sedaverit.
996 1498 1024 1553 p.
1045 1478 1112 1550 246.

169 1568 210 1634 II.
235 1576 277 1634 Ut
292 1575 445 1712 {piscopos
464 1570 613 1633 Johannes
636 1584 748 1633 mutam
770 1583 800 1633 et
822 1577 980 1635 scabiosum
1002 1575 1204 1633 benedicendo
1220 1593 1269 1632 cn·

210 1674 323 1713 raven.
345 1676 372 1732 p.
389 1672 457 1731 247.

170 1746 226 1810 111.
241 1753 284 1810 Ut
297 1753 420 1829 puellam
433 1753 617 1829 languentem
631 1755 739 1812 orando
753 1753 905 1812 sanaverit.
927 1769 956 1829 p.
975 1768 1040 1826 249.

170 1850 224 1907 IV.
240 1851 283 1907 Ut
295 1852 447 1927 conjugem
462 1852 573 1909 comitis
587 1852 729 1909 infirmam
743 1871 816 1927 aqua
829 1850 978 1908 benedicta
992 1849 1140 1907 curaverit.
1156 1868 1183 1923 p.
1200 1868 1215 1907 2
1219 1866 1267 1925 50.

170 1945 209 2001 V.
225 1945 268 2003 Ut
281 1946 349 2003 item
363 1964 483 2023 puerum
496 1947 608 2003 comitis
622 1947 730 2004 orando
744 1965 761 2003 a
774 1956 867 2004 morte
880 1946 1065 2003 revocaverit.
1085 1965 1113 2021 p.
1130 1962 1144 2001 2
1148 1957 1165 2021 5
1174 1964 1197 2002 1.

169 2041 223 2101 VI.
245 2042 287 2099 Ut
306 2041 439 2100 clericum
459 2062 542 2100 suum
559 2043 687 2101 cadendo
705 2044 869 2110 contritum,
885 2060 964 2118 aeque
979 2036 1086 2099 orando
1100 2061 1133 2099 ac
1147 2042 1264 2101 benedi·

211 2124 304 2180 cendo
318 2142 335 2179 a
347 2131 440 2180 morte
454 2125 639 2182 revocaverit.
660 2144 690 2199 p.
708 2143 723 2181 2
726 2137 744 2201 5
749 2143 776 2181 2.

172 2213 243 2277 VII.
259 2220 301 2277 Ut
315 2219 467 2285 Caeduslla,
480 2238 533 2276 rex
544 2218 771 2277 Occidentalium
781 2216 941 2284 Saxonum,
953 2218 1140 2295 baptizandus
1149 2218 1271 2275 Romam

212 2300 338 2357 venerit:
362 2300 413 2357 sed
433 2308 463 2357 et
483 2318 630 2357 successor
646 2303 708 2376 ejus
725 2301 770 2358 Ini
788 2301 888 2358 eadem
908 2300 1056 2371 beatorum
1077 2299 1271 2375 apostolorum

212 2380 311 2437 limina
325 2382 444 2438 devotus
460 2381 571 2438 adierit.
592 2400 622 2458 p.
639 2399 707 2455 254.

173 2477 256 2535 VIII.
281 2477 322 2534 Ut
348 2478 500 2535 Theodoro
525 2478 660 2534 defuncto
683 2477 943 2553 archiepiscopatus
970 2477 1091 2551 gradum
1119 2475 1272 2533 Beretuald

214 2558 388 2634 susceperit:
411 2567 441 2616 et
459 2559 534 2616 inter
546 2558 683 2634 plurimos
699 2578 769 2633 quos
784 2556 934 2626 ordinavit,
949 2557 1034 2614 etiam
1046 2556 1166 2615 Tobiam
1179 2557 1271 2614 virum

215 2637 409 2697 doctissimum
424 2641 561 2697 Hrofensi
575 2640 700 2699 ecclesiae
713 2639 812 2696 fecerit
827 2639 992 2695 antistitem.
1014 2659 1041 2715 p.
1059 2655 1074 2694 2
1079 2654 1126 2714 57.

174 2737 230 2794 IX.
249 2738 291 2795 Ut
304 2738 447 2813 Ecgberct
459 2738 503 2794 vir
516 2747 631 2794 sanctius
652 2737 689 2794 ad
707 2737 917 2813 praedicandum
934 2734 964 2792 in
979 2735 1162 2792 Germaniam
1175 2733 1272 2792 venire

214 2817 344 2885 voluerit,
358 2837 411 2875 nec
424 2819 560 2876 valuerit:
584 2836 669 2894 porro
679 2817 828 2874 Victberct
842 2817 987 2873 advenerit
1000 2815 1113 2891 quidem
1119 2838 1130 2882 ,·
1147 2816 1197 2873 sed
1208 2815 1273 2890 quia

215 2917 269 2955 nec
289 2899 350 2970 ipse
370 2899 475 2972 aliquid
496 2898 672 2976 profecisset,
686 2917 799 2954 rursum
820 2897 850 2954 in
870 2896 1035 2954 Hiberniam
1056 2897 1132 2954 unde
1145 2904 1271 2961 venerat,

214 2979 339 3036 redierit.
360 2998 386 3053 p.
404 2997 471 3054 259.

173 3071 215 3132 X.
230 3075 273 3132 Ut
293 3075 427 3131 Vilbrord
447 3075 476 3131 in
497 3075 595 3133 Fresia
616 3075 784 3151 praedicans,
804 3075 909 3132 multos
930 3075 967 3130 ad
986 3073 1132 3130 Christum
1154 3091 1271 3130 conver-

215 3155 299 3222 terit;
322 3165 351 3213 et
365 3164 397 3213 ut
411 3156 480 3212 socii
493 3157 555 3231 ejus
570 3157 701 3213 Hewaldi
716 3156 772 3213 sint
787 3155 953 3231 martyrium
968 3154 1053 3230 passi.
1076 3172 1104 3229 p.
1123 3151 1190 3210 262.

174 3253 228 3310 XI.
246 3253 288 3310 Ut
299 3253 353 3309 viri
367 3253 542 3310 venerabiles
556 3252 707 3310 Suidberct
726 3250 756 3309 iu
775 3250 926 3318 Brittania,
943 3251 1074 3308 Vilbrord
1097 3251 1197 3307 Romae
1216 3249 1273 3306 sint

95 3331 101 3340 ’
214 3333 245 3389 in
259 3333 385 3390 Fresiam
398 3333 521 3390 ordinati
534 3332 669 3410 episcopi.
693 3352 721 3409 p.
739 3333 806 3406 264.

74 3462 77 3464 v
173 3430 244 3488 XII.
258 3431 300 3486 Ut
314 3430 428 3504 quidam
437 3430 467 3486 in
477 3429 622 3506 provincia
631 3429 938 3506 Nordanbymbrorum
948 3449 966 3486 a
975 3429 1095 3486 mortuis
1109 3445 1272 3502 resurgens,

214 3511 305 3568 multa
317 3518 347 3568 et
360 3511 516 3574 tremenda,
531 3518 561 3567 et
574 3511 760 3568 desideranda
773 3529 834 3585 quae
845 3511 955 3568 viderat
967 3510 1132 3566 narraverit.
1155 3530 1184 3586 p.
1203 3509 1271 3580 267.

174 3607 260 3665 XIII.
277 3608 319 3665 Ut
331 3627 348 3665 e
361 3616 461 3665 contra
474 3607 546 3664 alter
560 3609 595 3664 ad
612 3616 735 3664 mortem
748 3608 875 3675 veniens,
891 3601 1018 3665 oblatum
1039 3609 1091 3666 sibi
1105 3626 1122 3664 a
1136 3606 1271 3665 daemoni-

214 3689 268 3744 b'us
281 3689 408 3745 codicem
421 3706 536 3745 suorum
548 3688 652 3745 viderit
665 3697 854 3764 peccatorum.
876 3709 903 3766 p.
921 3707 988 3763 272.

173 3784 261 3843 XIV.
283 3784 325 3841 Ut
345 3784 413 3840 item
435 3784 507 3840 alius
527 3784 680 3842 moriturus
700 3785 867 3862 deputatum
888 3787 942 3842 sibi
962 3786 1037 3863 apud
1053 3785 1159 3842 inferos
1177 3783 1271 3839 locum

214 3882 361 3943 poenarum
374 3865 487 3922 viderit.
510 3884 539 3941 p.
558 3880 624 3940 274.
653 3927 656 3931 ¹

172 3962 239 4019 XV.
255 3961 298 4018 Ut
311 3962 438 4039 plurimae
453 3963 617 4020 Scottmum
631 3963 766 4027 ecclesias,
776 3963 901 4021 instante
913 3963 1090 4027 Adamnano,
1102 3959 1272 4018 catholicum

214 4041 321 4120 pascha
339 4042 531 4120 susceperint;
553 4052 639 4117 utque
659 4044 734 4100 idem
748 4044 850 4100 librum
865 4044 900 4100 de
914 4044 984 4100 locis
998 4043 1103 4100 sanctis
1118 4041 1272 4117 scripserit.

235 4167 242 4181 .
260 4141 274 4178 2
319 4165 326 4178 .

173 4143 260 4278 XVI.
275 4139 347 4288 hia
361 4220 389 4276 in
404 4221 506 4277 eodem
519 4221 592 4278 libro
606 4222 641 4277 de
655 4220 719 4277 loco
732 4221 889 4278 Dominicae
903 4220 1069 4290 nativitatis,
1080 4219 1230 4296 passionis,
1242 4227 1272 4276 et

214 4300 428 4358 resurrectionis
441 4301 715 4359 commemoraverit.
735 4320 766 4376 p.
784 4315 851 4376 277.

173 4398 272 4456 XVII.
294 4397 366 4467 Qus
384 4399 454 4456 item
469 4399 504 4456 de
522 4399 586 4456 loco
600 4398 773 4456 ascensionis
788 4397 952 4464 Dominicae,
968 4406 997 4455 et
1012 4397 1167 4473 sepulchris
1181 4397 1270 4473 patri·

214 4480 373 4537 archarum.
395 4499 423 4554 p.
441 4479 508 4553 278.
