3100 5125
498 283 663 350 uuutls
686 284 958 351 ANGLORUM.
1234 288 1276 350 15

626 477 733 543 uAP.
758 476 822 542 VI.

293 592 341 647 De
354 590 465 665 imperio
482 591 659 655 Diocletiani,
674 600 701 647 et
713 601 744 647 ut
759 592 930 648 Christianos
937 599 1099 665 persecutae
1111 592 1158 649 sit.

215 684 312 745 Auno
320 683 547 766 incarnationis
558 684 733 748 Dominicae
744 684 960 749 ducentesimo
970 684 1163 770 octogesimo
1172 694 1273 765 sexto,
1291 708 1361 757 al).
1372 708 1427 758 286.

172 767 390 833 Diocletianus
404 769 582 833 tricesimus
596 770 712 834 tertius
723 772 764 834 ab
776 770 926 869 Augusto
941 770 1115 855 imperator
1129 773 1170 835 ab
1186 793 1273 835 exer·
1320 774 1400 836 [284]

171 854 238 919 citu
260 855 388 932 electus,
409 854 501 918 aunis
522 854 634 940 viginti
655 855 724 933 fuit,
749 856 1041 939 Maximianumque
1064 839 1436 957 cognomento.„⁰¹}{'⁰e¹,⁰ffi'¹,

148 939 359 1004 5Herculium
374 940 492 1003 socium
504 940 623 1004 creavit
633 940 765 1025 imperii.
798 941 939 1022 Quorum
948 947 1092 1026 tempore
1104 940 1273 1007 Oarausrus
1283 968 1396 1015 imtanus.

171 1025 310 1109 quidam,
319 1048 434 1112 genere
449 1025 576 1109 quidem
590 1026 725 1104 infimus,
735 1028 793 1089 sed
804 1026 933 1090 consilio
944 1032 978 1090 et
989 1048 1085 1089 manu
1095 1035 1271 1113 promptus,
1282 1022 1429 1083 cirrustua'

171 1132 244 1175 cum
257 1112 513 1175 adobservanda
533 1111 641 1175 oceani
659 1112 755 1177 litora
769 1134 839 1196 quae
855 1119 931 1175 tunc
948 1111 1065 1175 Franci
1080 1120 1115 1176 et
1130 1113 1272 1179 Saxones

171 1196 376 1273 infestabant,
392 1198 524 1282 positus,
540 1198 611 1283 plus
625 1197 658 1259 in
672 1198 842 1282 perniciem
858 1220 953 1281 quam
967 1197 1000 1259 in
1014 1205 1199 1282 provectum
1213 1200 1272 1263 rei-

171 1283 304 1367 publicae
326 1290 446 1368 ageret,
463 1290 606 1367 ereptam
627 1283 829 1367 praedonibus
851 1282 993 1367 praedam
1014 1283 1100 1347 nulla
1120 1306 1159 1347 ex
1179 1292 1273 1369 parte

172 1368 371 1432 restituendo
386 1368 529 1446 dominis,
546 1369 602 1432 sed
617 1368 676 1431 sibi
691 1368 748 1431 soli
763 1368 972 1442 vindicand03
998 1369 1190 1434 caccendens
1205 1392 1271 1433 sus-

172 1453 328 1538 picionem
343 1454 417 1537 quia
432 1454 517 1539 ipsos
531 1475 656 1537 quoque
667 1454 776 1517 hostes
788 1454 831 1517 ad
841 1453 1047 1516 incursandos
1062 1454 1141 1517 fines
1156 1456 1271 1520 artifici

133 1538 365 1638 ronegligentia
392 1539 601 1624 permitteret.
647 1538 860 1619 Quamobrem
885 1561 905 1602 a
936 1538 1132 1602 Maximiano
1164 1541 1272 1624 jussus

172 1624 281 1702 occidi,
296 1647 469 1709 purpuram
483 1624 618 1709 sumpsit
632 1646 670 1687 ac
685 1623 862 1688 Brittannias
877 1623 1060 1708 occupavit3
1086 1625 1199 1709 quibus
1210 1626 1271 1690 sibi

170 1732 228 1795 per
257 1717 379 1796 septem
402 1732 502 1774 annos
527 1709 697 1774 fortissime
720 1708 887 1773 vindicatis
910 1731 947 1773 ac
973 1710 1115 1787 retentis,
1140 1712 1271 1775 tandem
1400 1750 1403 1755 -

169 1796 280 1861 fraude
290 1795 395 1860 Alecti
407 1795 482 1859 socii
493 1796 541 1858 sui
552 1795 736 1859 interfectus
750 1801 811 1859 est.
840 1794 974 1858 Alectus
985 1794 1117 1879 dpostea
1128 1803 1271 1881 ereptam
1280 1810 1397 1861 Allectus.

171 1881 324 1946 Oarausio
348 1882 482 1945 insulam
505 1904 563 1966 per
579 1880 751 1945 triennium
772 1880 886 1957 tenuit,
910 1902 1004 1963 quem
1025 1881 1271 1965 Asclepiodotus

171 1966 347 2031 Praefectus
376 1966 553 2031 ePraecorio
583 1966 749 2051 oppressit,
775 1965 1031 2049 Brittaniamqne
1059 1972 1133 2051 post
1163 1968 1271 2031 decem

170 2074 271 2115 annos
285 2052 414 2137 recepit.

132 2151 160 2201 ¹5
216 2137 345 2202 Interea
365 2136 583 2201 Diocletianus
604 2136 638 2199 in
659 2136 791 2214 oriente,
815 2134 1029 2200 Maximianus
1048 2136 1218 2201 Herculius
1237 2138 1270 2201 in
1284 2152 1429 2216 [A.D.303.]

170 2222 342 2299 occidente,
372 2222 492 2286 vastari
521 2223 675 2299 ecclesias,
706 2222 803 2307 affligi
839 2221 1036 2306 interficique
1073 2222 1270 2287 Christianos

170 2306 291 2371 decimo
320 2316 394 2393 post
423 2308 582 2371 Neronem
610 2308 679 2371 loco
707 2314 948 2393 praeceperunt:
986 2329 1056 2391 quee
1091 2309 1271 2392 persecutio

169 2394 315 2457 omnibus
334 2394 400 2457 fere
419 2399 495 2457 ante
515 2392 596 2457 actis
617 2394 796 2459 diuturnior
809 2400 906 2477 atque
921 2392 1078 2456 inmanior
1091 2393 1170 2468 fuit;
1195 2415 1271 2458 nam

167 2501 226 2564 per
248 2480 357 2543 decem
379 2500 489 2557 annos,
512 2478 664 2542 incendiis
686 2478 897 2556 ecclesiarum,
920 2477 1203 2564 proscriptionibus
1223 2478 1270 2541 in-

202 2625 212 2648 c
228 2617 499 2678 Accedent-artificii.
523 2617 649 2664 Accedent
660 2618 689 2664 V.
702 2619 738 2664 st.
751 2618 782 2664 G.
800 2618 922 2664 Accendit
938 2616 1041 2663 Orosius
1058 2615 1218 2676 Havercamp.
1238 2630 1269 2663 ex

168 2693 218 2726 uuo
229 2679 329 2738 codice;
346 2681 411 2741 quod
427 2681 498 2728 unice
508 2696 593 2728 verum
608 2687 653 2729 est.
687 2682 736 2729 Sed
752 2682 820 2728 Beda
831 2681 927 2728 ecdicos
937 2681 1050 2741 vulgatos
1061 2687 1158 2727 secutus
1169 2695 1222 2728 esse
1232 2681 1269 2726 vi-

167 2744 247 2791 detur.
312 2743 437 2792 “Alcetas
448 2761 505 2792 vero
516 2745 546 2792 V.
569 2745 678 2792 Allectus
689 2746 777 2806 ubique
787 2746 857 2792 Oros.
871 2753 896 2792 et
907 2745 936 2793 G.
996 2743 1142 2791 eProerou
1151 2743 1180 2790 V.

204 2849 281 2897 CAP.
294 2849 353 2912 Vt]
381 2851 435 2897 Hoc
446 2850 520 2898 etiam
534 2851 614 2910 Caput
625 2857 704 2897 totum
716 2850 798 2897 Orosii
814 2850 866 2911 [vii.
879 2849 929 2910 25.]
944 2857 990 2898 est.
1002 2850 1028 2896 S.

195 2912 239 2962 16.
257 2915 361 2962 Decimo
367 2921 425 2976 port
434 2915 560 2962 Neronem
572 2915 632 2975 loco]
652 2915 702 2961 Alii
713 2915 784 2962 aliter
795 2914 974 2974 persecutiones
983 2921 1120 2962 numerant·
1148 2913 1268 2974 Sulpicius

168 2979 339 3026 tantummodo
350 2993 449 3035 novem,
461 2979 524 3026 banc
534 2993 593 3026 vero
604 2978 717 3026 uldmam
729 2989 820 3026 censet.
833 2979 899 3026 Hist.
912 2980 979 3026 Sacr.
991 2979 1017 3025 ii.
1028 2991 1069 3038 31.

202 3051 240 3101 ¹7·
250 3041 305 3088 Per
315 3044 399 3089 decem
408 3043 497 3104 annor]
512 3044 609 3104 Nempe
620 3059 635 3090 a
644 3042 818 3090 decimo-nono
827 3058 892 3090 anno
901 3043 1053 3091 Diocletiani
1064 3040 1107 3103 qni
1116 3041 1222 3090 Eusebio
1230 3049 1268 3090 εει

167 3121 247 3154 annus
259 3106 350 3154 Christi
360 3119 420 3165 304,
432 3107 462 3154 ad
478 3121 570 3154 annum
588 3107 744 3154 Constantini
761 3107 797 3154 M.
810 3114 905 3154 sextum
917 3108 959 3169 qui
971 3115 1008 3155 est
1018 3106 1053 3154 illi
1065 3120 1124 3166 313,
1136 3121 1184 3168 quo
1201 3121 1267 3153 auno

165 3171 262 3232 expleto
278 3171 382 3219 cessavit
398 3173 541 3232 persecutio.
577 3172 610 3218 Et
626 3171 692 3218 intra
708 3171 752 3219 hos
768 3187 847 3219 annos
863 3172 998 3219 includitur
1013 3171 1086 3231 bujue
1102 3178 1128 3219 et
1144 3170 1267 3232 sequentis

167 3234 375 3296 capitisbistoria.
411 3235 473 3283 Vide
485 3235 597 3296 Append.
610 3237 642 3282 N.
652 3236 695 3282 lV.
728 3236 831 3296 Respice
843 3236 916 3284 etiam
929 3235 1002 3284 Bedee
1014 3235 1151 3284 Cbrouicou
1165 3235 1268 3282 adDio·

166 3301 308 3348 olesianum.
318 3301 342 3347 S.
377 3299 462 3360 Coepta
473 3307 510 3347 est
521 3301 571 3346 brec
582 3299 718 3359 persecutio
730 3300 761 3347 ab
773 3304 803 3348 A.
812 3301 844 3348 D.
857 3313 911 3362 303,
925 3300 980 3348 Feb.
992 3313 1037 3360 233
1053 3300 1152 3361 quodie
1164 3299 1267 3347 ecclesia

167 3365 319 3411 Nicomedia
337 3365 420 3412 diruta
437 3371 482 3411 est.
518 3364 574 3411 vid.
594 3364 707 3412 Lactant.
727 3365 802 3412 Mort.
820 3365 873 3411 Per.
889 3379 926 3412 ιε.
960 3365 1042 3412 Finita
1059 3371 1096 3412 est
1118 3364 1184 3411 facto
1196 3377 1266 3422 ,ron-

167 3435 241 3476 ventu
252 3428 317 3476 inter
328 3429 519 3477 Constantinum
530 3437 555 3476 et
568 3427 689 3476 Licinium
704 3430 767 3489 apud
780 3429 948 3477 Mediolanum
964 3429 1043 3476 bieme
1054 3428 1121 3476 A.D.
1134 3441 1191 3488 312,
1200 3442 1265 3488 3¹3²

166 3507 239 3554 quem
255 3493 410 3540 subsecutum
424 3500 463 3540 est
473 3494 579 3540 edictum
591 3493 682 3540 Licinii
694 3494 724 3541 de
735 3494 886 3541 restituenda
901 3493 1002 3541 ecclesie
1017 3494 1100 3540 datum
1114 3493 1265 3540 Nicomediae

164 3557 336 3605 idibustuuiis
348 3557 436 3616 (tumr
443 3557 476 3619 3.)
490 3561 522 3605 A.
530 3557 561 3604 l).
569 3570 617 3616 313
627 3575 635 3614 ς
652 3559 716 3618 quod
728 3558 827 3606 conficit
838 3559 920 3604 decem
933 3572 1011 3604 anuos
1022 3564 1047 3604 et
1058 3564 1162 3618 quatuor
1170 3556 1266 3604 circiter

85 3661 93 3672 .
166 3636 262 3669 menses
274 3629 330 3682 post
339 3621 446 3682 ejusdem
458 3623 566 3669 ecclesiae
577 3622 735 3669 eversionem.
757 3622 813 3669 Vid.
826 3621 894 3669 Laut.
907 3621 946 3678 48.
975 3622 1022 3670 Sed
1032 3636 1087 3668 cum
1102 3620 1218 3668 Eusebius
1231 3620 1266 3668 ait

165 3685 339 3733 Constantium
352 3686 504 3734 Christianos
514 3686 540 3732 in
553 3687 604 3734 suis
616 3686 747 3747 provinciis
763 3686 847 3733 vexari
865 3700 914 3732 nou
932 3700 1029 3746 passum
1047 3700 1109 3742 esse,
1121 3685 1166 3731 boc
1184 3691 1221 3732 est
1238 3685 1264 3730 iu

166 3749 256 3807 Gallia,
270 3751 400 3810 Hispania,
411 3757 438 3797 et
448 3750 584 3809 Britannia,
596 3765 657 3811 quas
667 3751 698 3798 ab
710 3752 780 3798 A.D.
792 3765 847 3812 epe.
863 3750 936 3807 rexit,
949 3749 1092 3798 Lactantius
1108 3755 1189 3796 eutem
1207 3763 1264 3796 eum

164 3814 322 3861 ecclesiarum
334 3815 504 3862 tantummodo
516 3815 618 3861 adiecta
627 3815 690 3861 dirui
702 3830 798 3875 passum
811 3829 872 3874 esse,
884 3821 937 3861 orta
949 3821 987 3862 est
997 3813 1097 3875 quaestio
1109 3813 1139 3859 de
1150 3813 1265 3874 martyri-

164 3877 211 3925 bus
222 3878 267 3938 bis,
280 3893 341 3938 quos
351 3879 410 3940 Pagi
423 3878 471 3926 alio
483 3887 592 3938 tempore
603 3879 695 3926 occisos
706 3894 759 3926 esse
770 3879 881 3938 credidit,
893 3878 935 3924 alii
947 3892 1070 3938 nunqnam
1081 3876 1165 3924 luisse.
1200 3876 1264 3924 Rem

164 3942 237 3989 docta
247 3942 413 4002 disputatione
423 3943 524 4003 exponit
534 3943 613 3990 Smitb
626 3943 650 3988 in
664 3944 802 4004 appendice
814 3943 889 3990 Num.
903 3942 935 3988 iv.
951 3941 1020 4002 cujus
1035 3940 1085 3988 haec
1101 3955 1197 3988 summa
1209 3945 1263 3998 est3

165 4006 348 4062 Constantium,
360 4008 476 4067 quamdiu
488 4006 570 4054 Caesar
581 4007 635 4066 luit,
648 4014 690 4053 aut
701 4008 808 4055 noluisse
825 4013 867 4055 aut
879 4021 928 4052 non
940 4005 1049 4066 potuisse
1064 4005 1166 4065 imperio
1184 4004 1266 4051 Maxi-

165 4069 242 4117 miani
253 4070 290 4117 ita
300 4070 397 4117 obviam
410 4071 447 4119 ire
458 4078 485 4118 ut
495 4071 575 4133 legum
589 4071 613 4117 in
626 4071 776 4118 Christianos
791 4071 898 4118 latarum
913 4069 1082 4116 executionem
1096 4069 1197 4114 orrrniuo
1209 4083 1264 4130 pro·

164 4133 265 4194 biberet,
274 4135 385 4195 quamvis
396 4135 448 4195 ipse
460 4135 604 4182 Christianis
613 4150 694 4196 aequus
705 4151 758 4182 esse
768 4135 850 4182 vellet.
873 4136 957 4195 ltaque
969 4133 1020 4180 fieri
1033 4133 1140 4193 potuisse
1151 4139 1179 4180 ut
1189 4133 1263 4180 etiem

163 4198 190 4244 in
207 4199 333 4246 occidente
350 4200 485 4259 persecutio
502 4208 557 4246 acta
573 4199 648 4247 luerit
665 4215 740 4260 usque
755 4200 813 4245 dum
829 4198 1001 4246 Dioclesianus
1012 4212 1038 4245 εε
1049 4197 1153 4258 imperio
1169 4197 1264 4244 abdica·

164 4262 228 4309 verit
239 4261 313 4325 (Maii
325 4264 348 4310 d.
361 4277 381 4310 1.
395 4265 461 4311 A.D.
473 4264 540 4326 305.)
570 4265 635 4310 Sane
647 4277 695 4310 non
707 4271 745 4311 est
756 4278 800 4310 cur
812 4277 927 4324 negemus
939 4261 1091 4310 Christianos
1102 4261 1127 4308 iu
1139 4261 1264 4309 occidente

164 4327 357 4388 persecutionem
369 4341 453 4387 passos
463 4343 516 4375 esse
527 4327 564 4374 bis
576 4329 743 4388 temporibus;
759 4342 816 4374 nom
829 4326 948 4375 Eusebius
960 4327 1001 4388 qui
1013 4327 1038 4373 iu
1052 4341 1101 4372 uno
1112 4327 1167 4373 loco
1179 4325 1265 4373 asserit

164 4391 337 4439 Constantium
355 4407 479 4452 nunquam
499 4391 635 4452 permisisse
645 4400 673 4439 ut
684 4392 818 4440 Christiani
834 4399 987 4452 vexarentur,
1004 4391 1066 4453 (Vit.
1083 4390 1195 4438 Consti.
1211 4391 1261 4450 13,)

163 4457 190 4503 iu
203 4456 251 4502 aiio
261 4456 312 4516 ipse
321 4463 405 4503 namet
413 4456 611 4517 persecutionem,
621 4471 674 4516 quar
682 4457 801 4504 orientem
811 4456 893 4504 decem
902 4470 980 4504 annos
990 4455 1096 4510 vexavit,
1104 4455 1129 4502 iu
1138 4453 1264 4502 occidente
