3100 5125
275 249 338 310 llo
598 242 834 308 HISTORIAE
857 241 1035 307 EGOLES.
1293 239 1467 320 IIl.14-

276 397 402 482 quidem
425 396 464 459 de
488 401 583 481 gente
599 394 854 470 Oantuariorum,
870 394 927 458 sed
942 395 1007 459 vita
1030 401 1064 458 et
1087 393 1267 458 eruditione
1289 401 1386 458 ante-

276 481 453 546 cessoribus
468 480 532 543 suis
547 479 745 563 aequandum.

113 586 200 636 esuini
214 603 258 635 ιω.
322 566 447 630 Habuit
462 572 569 630 autem
581 565 680 630 Osuiu
695 564 805 650 primis
818 565 909 649 regni
924 565 972 628 sui
987 564 1186 648 temporibus
1196 572 1386 628 consortem

114 653 163 700 ‘¹⁰³-
277 652 372 738 regiae
399 651 430 714 di
475 651 573 727 itatis,
600 651 752 714 vocabulo
777 649 898 725 Osuini,
925 650 965 714 de
989 649 1091 734 stirpe
1116 649 1202 734 regis
1228 650 1383 727 AEduini,

276 739 336 800 hoe
352 745 410 813 est,
461 735 525 798 ium
542 735 652 810 Osriei‚
669 736 709 799 de
729 757 792 819 quo
816 758 913 834 supra
935 735 1110 810 retulimus,
1126 735 1231 798 virum
1254 735 1426 801 eximiae2⁰

277 822 407 907 pietatis
427 828 460 886 et
484 820 660 906 religionis:
694 821 747 904 qui
773 821 941 906 provineiae
965 819 1157 883 mDerorum
1180 819 1214 882 in
1238 821 1384 885 maxima

277 907 416 973 omnium
436 929 542 970 rerum
564 905 735 979 affluentia,
752 912 785 980 et
805 905 872 990 ipse
894 905 1039 970 amabilis
1064 905 1213 970 omnibns
1237 905 1382 990 praefuit.

278 993 340 1056 Sed
367 1015 424 1055 neo
450 1016 521 1055 eum
546 1014 584 1055 eo
610 991 659 1054 ille
690 991 743 1076 qui
773 999 922 1055 caeteram
949 991 1242 1055 Transhumbranae
1271 992 1383 1076 gentis

298 1085 401 1142 artem
423 1079 464 1142 ab
480 1077 633 1161 aquilone,
650 1075 682 1138 id
698 1084 756 1151 est,
774 1076 991 1140 Bernieiorum
1013 1075 1211 1160 provinciam
1233 1078 1381 1160 regebat,

276 1101 393 1226 babere
417 1185 528 1247 paoem
553 1162 677 1245 potuit;
717 1161 793 1245 quin
821 1161 929 1246 potius
952 1161 1248 1246 ingravescentibus
1274 1163 1383 1224 eausis

263 1247 506 1320 ‚dissensionum
528 1247 702 1310 miserrima
724 1247 808 1309 hune
826 1246 912 1310 oaede
925 1246 1070 1332 peremit.
1116 1246 1283 1329 Siquidem
1307 1269 1383 1311 eon·

276 1342 410 1480 glpegato
425 1331 690 1481 pontrahirlrpipepr
713 1332 862 1479 enelreitu,
879 1354 951 1395 eum
966 1331 1155 1479 videretbselrl
1171 1331 1293 1480 Oguillii
1308 1353 1424 1400 oum25

276 1441 329 1480 ιο
367 1441 398 1481 ιιι
445 1440 517 1482 ures
558 1440 659 1481 aea
690 1440 764 1480 anxi
777 1439 881 1492 tanos,
898 1439 961 1480 non
1004 1439 1075 1480 osse
1115 1438 1176 1480 eo
1197 1439 1236 1480 oo
1292 1440 1381 1502 gere,

275 1443 366 1568 ιιιιιιέ
381 1443 433 1568 esi
445 1503 553 1567 utilius
568 1511 644 1565 tune
663 1502 821 1565 ndemissa
840 1439 1016 1566 intentiorie
1036 1501 1185 1577 bellandi,
1202 1523 1332 1566 servare
1348 1525 1384 1566 se

276 1589 318 1652 ad
340 1596 485 1674 tempora
506 1588 644 1651 meliora.
690 1587 825 1650 Remisit
848 1610 923 1672 ergo
945 1585 1121 1650 exereitum
1137 1609 1233 1671 quem
1249 1610 1383 1677 congre

276 1681 417 1760 gaverat,
448 1697 485 1738 ao
515 1673 654 1758 singulos
683 1673 812 1734 domum
844 1673 948 1736 redire
976 1672 1139 1758 praeoepit,
1170 1695 1191 1736 a
1220 1673 1294 1736 loeo
1325 1675 1382 1758 qui

114 1793 236 1841 vitaras·
277 1767 409 1824 voeatur
439 1757 661 1833 Vilfaraesdnn,
691 1757 724 1819 id
754 1765 813 1831 est,
846 1759 942 1822 Mons
972 1757 1095 1834 Vilfari,
1121 1763 1157 1822 et
1182 1764 1234 1822 est
1264 1782 1286 1823 a
1311 1760 1384 1823 vieo

114 1858 172 1906 dun.
278 1845 489 1908 Cataractone
505 1844 612 1907 deoem
626 1843 724 1906 ferme
735 1842 873 1906 millibus
887 1866 1037 1928 passuum
1052 1850 1166 1907 eontra
1177 1843 1384 1908 solstitialem

237 1947 241 1962 “
277 1952 424 1993 oceasum
448 1936 608 1991 secretus:
640 1928 832 2013 divertitque
854 1928 920 2012 ipse
941 1951 1013 1991 eum
1036 1951 1099 1990 uno
1121 1935 1253 2006 tantum
1276 1930 1384 1995 milite
1394 1957 1427 2000 ιο

277 2014 357 2076 ⁰sibi
372 2013 563 2088 fidelissimo,
580 2013 705 2075 nomine
721 2013 911 2091 vTondheri,
927 2013 1076 2077 uelandus
1091 2014 1124 2075 in
1140 2015 1236 2091 domo
1252 2016 1384 2080 comitis

280 2098 451 2173 Hunvaldi‚
473 2120 566 2182 quem
589 2098 686 2161 etiam
711 2099 815 2183 ipsum
838 2099 898 2161 sibi
922 2098 1150 2162 amicissimum
1175 2102 1384 2167 autumabat.

279 2183 352 2258 Sed,
364 2183 435 2257 heu,
448 2182 646 2268 prohdolor!
663 2183 756 2268 longe
770 2184 864 2246 aliter
879 2191 949 2247 erat
963 2209 970 2246 z
990 2205 1065 2247 nam
1080 2186 1122 2246 ab
1136 2185 1250 2248 eodem
1263 2188 1386 2250 comite

277 2267 438 2350 proditum
453 2290 525 2332 eum
539 2268 670 2346 quuiu,
686 2291 758 2332 oum
776 2270 912 2353 praefato
931 2269 1031 2354 ipsius
1052 2268 1153 2332 milite
1176 2292 1235 2354 per
1249 2275 1386 2354 praesec-

278 2361 347 2416 tum
369 2375 459 2416 suum
473 2353 676 2418 AEdiluinum
698 2354 888 2418 detestanda
910 2355 1057 2418 omnibus
1079 2361 1184 2418 morte
1207 2355 1383 2422 interfecit.

278 2438 369 2516 Quod
384 2438 504 2502 factum
520 2444 569 2501 est
580 2438 631 2502 die
643 2438 764 2501 decima
782 2439 894 2502 rtertia
909 2439 1117 2503 kalendarum
1131 2441 1384 2525 Septembrium,

278 2544 361 2587 anno
384 2523 473 2611 regni
491 2523 559 2608 ejus
577 2545 669 2598 nono,
691 2524 725 2587 in
746 2524 815 2588 loeo
839 2524 892 2609 qui
916 2524 1035 2589 dieitur
1053 2525 1292 2612 Ingetlingum3
1328 2529 1425 2596 ubist

310 2709 328 2731 ¹¹¹
340 2701 471 2747 Deirorum
485 2700 514 2747 V.
639 2710 654 2739 1¹
668 2701 768 2747 dimissu
780 2700 843 2747 V.G.
858 2700 930 2747 Cous.
941 2701 1015 2760 infra,
1028 2703 1058 2748 ad
1070 2703 1103 2749 iv.
1117 2715 1140 2763 5.
1266 2716 1282 2745 o
1293 2722 1339 2754 suo
1351 2707 1384 2755 v,

276 2774 291 2810 t)
307 2764 427 2811 Coadlreri
437 2764 466 2811 V.
564 2774 578 2811 <t
593 2764 672 2811 Orut'u
685 2765 713 2810 V.
812 2773 928 2827 rquarra
940 2767 1035 2813 decimu
1046 2766 1077 2813 V.

314 2890 350 2937 19.
365 2876 457 2938 Ossaei]
471 2877 542 2923 Osric
552 2876 616 2922 filius
626 2876 674 2923 fuit
684 2876 780 2933 alfrici,
789 2877 829 2937 qui
840 2885 941 2938 patruus
949 2878 997 2925 ruit
1007 2880 1107 2927 AEdvini
1118 2880 1201 2942 itaque
1209 2882 1288 2930 frater
1296 2885 1383 2931 AElloe:

277 2940 329 3000 ejus
347 2940 410 2986 filius
422 2940 511 2987 Osuini
531 2940 557 2986 in
571 2940 700 2987 Deirorum
722 2941 847 3000 provincia
866 2957 968 3003 regnare
988 2944 1071 3005 eoepit,
1084 2947 1114 2991 A.
1122 2945 1155 2993 D.
1169 2944 1226 3008 645,
1244 2954 1271 2994 et
1288 2957 1385 3009 septem

277 3004 350 3051 annis
361 3004 438 3051 eidem
452 3004 554 3064 praefuit.
579 3003 642 3051 Flor.
657 3004 713 3065 vig.
725 3003 781 3065 645.
793 3013 819 3052 et
829 3007 928 3055 Geneal.

311 3068 349 3114 28.
364 3067 542 3128 Wparaesdun]
569 3067 641 3115 Hunc
652 3069 733 3115 locum
745 3071 859 3129 quamvis
870 3079 982 3119 accrrmte
993 3072 1055 3119 satis
1067 3088 1081 3119 u
1093 3072 1162 3121 Beda
1180 3075 1333 3136 descriptum
1346 3077 1384 3123 iu·

277 3130 361 3177 venire
373 3145 422 3177 non
434 3146 538 3191 possum.
573 3130 743 3191 conjecturam
758 3133 825 3180 misit
836 3134 881 3181 Vir
891 3136 977 3184 doctus
990 3137 1101 3184 Ellerton
1114 3138 1207 3198 fuisse;
1231 3140 1311 3201 Cujus
1328 3143 1381 3202 qui-

277 3195 332 3241 dem
345 3194 452 3241 nominis
464 3195 544 3253 plures
556 3202 614 3243 sunt
629 3196 677 3243 loci
694 3198 718 3243 in
731 3212 761 3243 ea
779 3200 887 3259 regione,
899 3214 985 3247 omnes
1002 3208 1086 3248 tamen
1098 3202 1236 3250 Cataractae
1254 3206 1386 3265 propiores

277 3272 351 3317 quarn
368 3266 396 3304 ut
415 3260 445 3305 ad
462 3259 536 3305 situm
554 3260 647 3307 aBeda
664 3261 748 3308 datum
766 3264 990 3311 accommodentur.
1024 3266 1166 3313 chronicon
1186 3268 1239 3314 MS
1258 3269 1383 3317 Dunelm.

280 3320 444 3369 Wolfretbdou
457 3330 537 3378 vocat,
549 3323 590 3369 sed
609 3324 669 3371 nibil
685 3325 742 3372 inde
758 3326 920 3386 colligendum
938 3338 986 3386 est,
1000 3343 1077 3389 neque
1094 3331 1160 3377 enim
1173 3332 1247 3379 datur
1258 3332 1295 3379 ibi
1315 3335 1384 3381 lorus

277 3384 330 3445 ejus
342 3386 457 3443 nominis,
470 3402 548 3447 neque
560 3387 580 3433 si
592 3389 699 3447 duretur,
712 3389 743 3437 ab
755 3390 857 3450 antiqua
867 3391 974 3440 lectione
987 3394 1150 3442 recedendum
1160 3403 1227 3444 esset
1237 3411 1268 3444 ex
1282 3400 1384 3459 nuperi-

277 3463 348 3495 orum
362 3449 432 3499 MSS.
447 3451 597 3499 auctoritate.
616 3453 641 3499 S.

310 3524 352 3571 34.
363 3514 454 3561 deeinro
467 3515 547 3576 tertio]
570 3515 641 3563 Unde
658 3517 688 3563 ad
705 3517 769 3564 hunc
785 3517 848 3565 diem
861 3518 887 3565 in
899 3521 1010 3581 margine
1022 3522 1195 3585 Martyrologii
1207 3524 1332 3573 Dunelm.
1354 3528 1384 3575 lu

278 3576 417 3627 Brittania
424 3580 546 3627 natalitia
557 3595 576 3627 s.
591 3580 679 3627 osuini
689 3584 757 3641 regis
767 3588 792 3629 et
801 3586 931 3643 martyris.
956 3585 1024 3632 Male
1036 3587 1125 3634 Mattb.
1138 3587 1217 3645 Paris,
1229 3591 1345 3639 Decimo.
1356 3593 1383 3640 S.

311 3652 352 3701 35.
364 3640 548 3704 Ingetlr'ngum]
569 3642 649 3690 Hodie
662 3644 755 3706 Gilliug
771 3660 847 3705 prope
864 3647 1002 3697 Richmout.
1037 3651 1184 3699 Moussterii
1201 3653 1296 3701 ibidem
1315 3657 1385 3703 nulls

278 3712 372 3752 restant
388 3708 497 3768 vestigia.
532 3708 579 3755 Sed
598 3708 721 3755 conditum
742 3708 790 3757 fuit
806 3709 837 3756 ab
856 3712 1062 3761 EanfledaOsuiu
1079 3730 1166 3771 uxore,
1178 3724 1203 3765 et
1214 3717 1308 3766 Osuini
1326 3735 1383 3780 pro-

278 3768 378 3829 pinqua,
398 3770 469 3831 eique
486 3772 630 3832 praepositus
647 3772 721 3820 abbas
737 3774 874 3822 Trumbere
891 3776 981 3824 Osuini
998 3780 1207 3841 consanguineus,
1219 3783 1250 3830 de
1264 3798 1316 3843 quo
1327 3786 1385 3832 vide

278 3839 362 3891 postea
374 3833 408 3879 iii.
423 3848 513 3895 ²1·²4·
547 3836 572 3883 S.
587 3836 676 3883 Osuiui
691 3851 779 3897 eorpus
795 3838 825 3885 sd
841 3839 1017 3889 Tinemuuam
1033 3844 1141 3891 delamm
1156 3844 1239 3905 jacuit
1253 3847 1335 3895 donec
1347 3864 1385 3895 re-

279 3896 443 3945 volutionibus
463 3907 599 3959 temporum
620 3899 738 3948 oblivioni
755 3902 859 3950 dareurr.
904 3905 1015 3954 Tandem
1034 3907 1133 3970 &1065
1155 3917 1268 3971 tempore
1283 3912 1383 3960 Thestii

278 3960 383 4017 comitis,
395 3968 420 4008 et
430 3964 549 4023 AEgilnini
566 3964 676 4024 presulis
687 3964 804 4013 Dunelm.
816 3982 865 4013 non
884 3968 936 4016 sine
953 3971 1102 4020 revelatione
1118 3989 1133 4019 a
1148 3988 1206 4035 rege
1222 3975 1286 4036 ipso,
1300 3992 1384 4025 sareo-

278 4024 383 4084 phagum
396 4024 517 4085 lapideum
529 4027 655 4077 inventum
668 4030 743 4077 estin
754 4032 861 4078 oratorio
872 4032 896 4079 b.
909 4033 996 4081 Maria
1004 4032 1073 4097 Virg.
1086 4038 1219 4086 mansuetis
1228 4055 1244 4086 a
1254 4042 1386 4101 sepultura

278 4087 330 4148 ejus
341 4089 412 4135 annis
424 4104 481 4150 415,
493 4103 519 4139 et
528 4106 585 4139 ossa
595 4092 621 4140 in
633 4092 724 4141 scrinio
735 4110 790 4142 cum
806 4110 897 4157 magno
909 4097 1000 4147 bonore
1012 4100 1140 4149 eolloeuts.
1175 4103 1315 4152 Historiam
1327 4106 1385 4153 vide

278 4150 303 4196 in
317 4150 372 4198 MS.
384 4152 436 4200 vita
449 4169 468 4201 s.
481 4155 578 4205 Osuini.
596 4156 662 4205 Bibl.
674 4157 739 4205 cett.
751 4159 835 4209 «lulius
847 4162 876 4207 A.
890 4174 926 4209 ιο.
939 4169 965 4210 et
975 4164 1040 4225 apud
1052 4166 1142 4213 Mattb.
1152 4167 1259 4215 Westm.
1272 4185 1295 4215 a.
1311 4182 1384 4218 nro.

280 4213 414 4261 Richardus
433 4217 507 4266 abbas
526 4235 545 4267 s.
559 4222 648 4270 Albani
668 4224 795 4270 transtulit
813 4224 901 4271 Osuini
922 4227 1036 4288 reliquiis
1055 4229 1086 4276 ab
1106 4231 1209 4293 antiquo
1228 4229 1342 4281 oratorio
1358 4235 1385 4281 in

279 4290 369 4323 novum
390 4279 513 4330 teretrum.
554 4286 621 4335 ldem
640 4285 753 4349 Florileg.
788 4287 885 4336 luteres
905 4297 987 4338 tamen
1006 4293 1118 4341 monachi
1136 4295 1272 4345 Girvenses
1287 4313 1347 4346 ossa
1364 4314 1384 4345 s.

279 4339 368 4415 quiui
380 4343 410 4389 ad
426 4358 452 4391 se
469 4345 495 4391 in
507 4348 607 4399 Girvuui
623 4350 806 4411 transferentes,
820 4363 948 4413 postquam
961 4356 1089 4407 Waltbeof
1102 4372 1186 4408 comes
1197 4361 1385 4425 Nortbymbria

280 4417 315 4449 ers
326 4404 451 4453 ecclesiam
464 4423 483 4456 s.
497 4410 584 4463 Maria
595 4422 620 4464 et
631 4414 719 4462 Oenini
731 4416 846 4475 dedisset,
858 4431 940 4467 secum
952 4434 1003 4469 non
1017 4436 1095 4483 parvo
1106 4430 1219 4486 tempore
1235 4426 1384 4486 habuerunt,
