3100 5125
260 288 325 352 182
583 287 820 353 HISTORIAE
844 287 1021 354 EOOLES.
1300 291 1365 356 IV.
1385 309 1448 360 2-

261 437 431 523 disoipulis,
443 438 498 524 qui
510 437 660 504 Latinam
668 442 877 525 Graecamque
888 441 1029 526 linguam
1042 462 1133 526 aeque
1148 449 1185 506 ut
1199 443 1366 528 propriam
1378 467 1409 503 ιο

260 523 294 586 in
319 545 383 608 qua
406 523 476 588 nati
502 530 587 602 sunt,
610 534 737 591 norunt.
783 526 894 625 Neque
919 548 1059 611 unquam
1080 549 1210 611 prorsus
1232 550 1274 591 ex
1298 551 1365 613 quo

261 608 456 673 Brittaniam
475 610 637 694 petierunt
651 611 758 698 Angli,
773 612 914 676 feliciora
933 612 1021 676 fuere
1040 618 1205 697 tempora;
1230 613 1307 676 dnm
1330 621 1366 678 et

260 693 459 772 fortissimos,
483 695 744 782 Christianosque
769 698 924 762 habentes
950 719 1040 783 reges
1067 697 1190 762 cunetis
1215 698 1366 762 barbaris

260 780 443 844 nationibus
465 787 572 845 essent
592 783 717 861 terrori,
741 789 775 847 et
797 783 938 846 omnium
959 790 1034 848 vota
1057 783 1100 847 ad
1122 805 1224 868 nuper
1249 785 1366 849 audita

261 864 397 929 oaelestis
424 867 515 952 regni
543 867 662 953 gaudia
686 870 871 953 penderent,
899 875 934 933 et
959 868 1148 953 quicumque
1172 869 1363 934 lectionibus

262 950 360 1099 {acris
382 959 535 1036 cuperent
557 953 685 1032 erudiri,
708 954 864 1019 haberent
887 953 920 1016 in
941 961 1093 1039 promptu
1114 955 1284 1040 magistros
1308 957 1363 1042 qui

285 1044 424 1101 ocerent.
1375 1075 1385 1107 1

97 1133 237 1184 addisce
307 1122 372 1185 Sed
391 1128 425 1186 et
444 1144 539 1186 sonos
558 1124 710 1188 cantandi
726 1123 760 1187 in
782 1124 922 1201 ecelesia,
939 1146 1017 1208 quos
1039 1131 1172 1188 eatenus
1191 1125 1225 1187 in
1244 1125 1363 1190 Oantia
1389 1073 1404 1123 ⁵

97 1200 201 1261 prmus.
263 1213 391 1271 tantum
405 1215 569 1285 noverant,
584 1210 626 1273 ab
641 1210 701 1273 hoo
716 1215 860 1294 tempore
874 1232 932 1294 per
946 1231 1054 1273 omnes
1070 1210 1248 1295 Anglorum
1263 1210 1362 1274 eccle-

263 1291 327 1356 sias
351 1292 471 1357 discere
497 1302 680 1379 ooeperunt:
711 1295 903 1380 primusque,
927 1301 1061 1380 excepto
1082 1295 1208 1359 Jacobo
1232 1296 1272 1358 de
1297 1319 1362 1380 quo

262 1400 359 1462 supra
373 1379 520 1456 diximus,
532 1379 685 1444 cantandi
695 1381 848 1466 magister
860 1381 1197 1465 Nordanhymbrorum
1209 1381 1361 1459 ecclesiis,

261 1463 366 1526 AEddi
382 1471 592 1550 cognomento
604 1466 786 1550 Stephanus
800 1466 871 1544 fuit,
886 1465 1040 1530 invitatus
1055 1467 1094 1529 de
1110 1465 1225 1531 Oantia
1239 1487 1260 1530 a
1274 1489 1363 1531 reve-

261 1549 443 1613 rentissimo
467 1550 536 1614 viro
558 1551 707 1628 Vilirido,
731 1552 785 1637 qui
807 1552 928 1636 primus
950 1552 1034 1616 inter
1055 1551 1220 1636 episcopos
1243 1551 1299 1637 qui
1320 1553 1362 1618 de
1371 1579 1406 1614 20

261 1635 440 1720 Anglorum
457 1643 553 1721 gente
574 1644 689 1715 essent,
713 1637 906 1702 catholicum
927 1637 1051 1702 vivendi
1074 1659 1195 1700 morem
1218 1637 1363 1702 ecclesiis

263 1721 442 1806 Anglorum
455 1723 584 1786 tradere
598 1723 720 1786 didicit.

312 1807 428 1891 Itaque
457 1807 643 1871 Theodorus
671 1808 869 1893 perlustrans
898 1809 1053 1884 universa,
1085 1807 1255 1872 ordinabat
1285 1808 1362 1872 loeis

262 1892 451 1977 opportunis
472 1893 646 1978 episcopos,
665 1901 699 1958 et
720 1915 759 1958 ea
780 1917 850 1980 quae
868 1894 972 1957 minus
994 1895 1136 1979 perlecta
1156 1893 1288 1977 reperit,
1309 1893 1362 1957 his

263 1999 389 2062 quoque
404 1978 590 2061 juvantibus
611 1979 802 2064 corrigebat.
848 1980 887 2043 In
906 1980 1019 2066 quibus
1040 1986 1073 2043 et
1088 1979 1217 2043 Oeadda
1239 1979 1361 2062 episco-

260 2085 338 2160 pum
357 2085 430 2126 curn
449 2070 598 2148 argueret
619 2087 683 2126 non
703 2065 800 2129 fuisse
822 2065 884 2129 rite
902 2072 1141 2138 consecratum
1164 2064 1362 2148 respondens

261 2169 328 2232 ipse
343 2170 420 2212 voce
434 2148 628 2213 humillima:
652 2151 691 2213 Si
704 2171 759 2228 ene,
776 2150 889 2235 inquit,
904 2152 982 2214 nosti
1001 2151 1202 2236 episcopatum
1221 2171 1280 2213 non
1300 2151 1400 2229 sitnm

259 2235 427 2318 aermnae,
442 2233 565 2298 libenter
585 2234 624 2298 ob
645 2236 739 2318 officio
758 2237 896 2300 docens
939 2237 1031 2321 nippe
1048 2237 1102 2321 qni
1120 2257 1212 2320 neque
1231 2257 1276 2298 me
1290 2257 1359 2298 nm·

259 2339 349 2404 qnonn
368 2319 421 2382 na
441 2341 499 2383 esse
519 2321 645 2406 <imnum
666 2320 867 2396 eminentem
888 2259 940 2386 sed
959 2321 1129 2386 obedientie
1148 2343 1241 2385 coneo
1255 2321 1362 2404 jnssne

258 2404 359 2468 subire
371 2405 433 2482 too,
448 2407 586 2490 pronois
599 2407 744 2491 indiynna
758 2409 899 2472 comensi.
944 2408 992 2471 At
1012 2407 1063 2470 ille
1083 2407 1214 2470 audiens
1234 2407 1361 2470 humili-

260 2496 362 2554 tatem
375 2491 588 2577 responsionis
603 2493 682 2578 ejus‚
694 2492 786 2571 dixit,
798 2515 863 2556 non
877 2515 949 2556 eum
964 2492 1182 2578 episcopatum
1196 2492 1361 2556 dimittere

260 2578 394 2653 debere;
420 2579 475 2641 sed
498 2578 565 2664 ipse
587 2578 822 2643 ordinationem
843 2580 911 2663 ejus
933 2580 1036 2643 denuo
1055 2578 1212 2643 catholiea
1232 2578 1361 2643 ratione

260 2664 500 2728 consummavit.
546 2665 596 2729 Eo
619 2671 728 2729 autem
750 2672 895 2750 ternpore
918 2687 981 2749 quo
1003 2665 1151 2729 defuneto
1169 2664 1401 2742 Deusdedit,3o

259 2748 512 2814 Doruvernensis
541 2750 681 2814 eeclesiae
711 2750 878 2836 episcopus
902 2751 1113 2834 quaerebatur,
1138 2750 1358 2828 ordinabatur,

259 2834 458 2912 mittebatur,
479 2835 636 2913 Viliridus
659 2857 784 2934 quoque
806 2838 845 2900 de
867 2835 1029 2901 Brittania
1052 2835 1188 2899 Galliam
1210 2835 1360 2899 ordinan-

259 2919 319 2982 dus
342 2926 391 2982 est
419 2920 553 2984 missus:
588 2927 621 2984 et
647 2942 798 3006 quomam
826 2927 903 2985 ante
928 2921 1131 2984 Theodorum
1159 2919 1264 2997 rediit,
1289 2920 1359 3004 ipse

258 3004 357 3068 etiam
380 3004 413 3066 in
439 3005 555 3069 Cantia
579 3007 782 3090 presbyteros
808 3014 841 3071 et
867 3006 1027 3082 diaconos,
1052 3006 1228 3090 usquedum
1254 3004 1358 3068 archi-

257 3089 423 3173 episcopus
446 3090 489 3153 ad
515 3091 622 3154 sedem
650 3113 741 3155 suam
765 3091 954 3175 perveniret,
979 3089 1159 3155 ordinabat.
1212 3090 1262 3153 At
1286 3090 1356 3174 ipse

294 3278 332 3312 10.
347 3265 519 3327 Greeomque]
539 3265 602 3314 Vide
613 3268 724 3329 Append.
736 3268 769 3315 N.
779 3283 818 3316 xv.
835 3268 859 3315 S.
895 3266 979 3314 Voluit
990 3267 1095 3315 scribere
1107 3266 1156 3315 xiv.
1169 3266 1209 3313 ubi
1222 3266 1251 3313 de
1264 3266 1358 3313 Scholia

258 3328 374 3389 disputat.
386 3330 461 3377 Nom.
472 3346 512 3377 xv.
524 3338 562 3379 est
572 3332 602 3379 de
613 3331 738 3394 reliquiisz
754 3332 820 3394 qood
832 3333 862 3379 ad
874 3346 924 3379 rem
938 3346 986 3378 non
999 3330 1067 3379 facit.

295 3393 332 3439 18.
344 3394 432 3455 supro]
451 3393 476 3441 ii.
490 3393 528 3443 16.
537 3409 576 3445 20.
587 3396 623 3443 iii.
633 3410 672 3458 ²5·
691 3398 716 3444 S.

294 3471 332 3520 19.
344 3458 432 3519 AEddi]
453 3459 501 3507 Hic
512 3468 551 3509 est
561 3468 646 3509 auctor
657 3461 720 3509 vita
732 3458 840 3517 vilfari,
853 3460 932 3508 editos
943 3458 1008 3507 inter
1019 3459 1106 3521 Script.
1120 3458 1193 3519 Angl.
1205 3474 1220 3505 a
1233 3457 1295 3505 Gale
1306 3474 1330 3505 v.
1340 3458 1358 3505 i.

258 3536 336 3583 1³·40·

294 3601 332 3649 19.
345 3587 464 3650 Wls‘rido]
487 3589 604 3637 Vilfridus
616 3605 631 3636 a
642 3588 724 3637 Gallia
740 3602 851 3635 reversus
865 3587 908 3650 (A.
917 3590 949 3636 D.
963 3586 1035 3648 666),
1047 3602 1102 3635 curn
1115 3586 1238 3634 ceaddam
1250 3586 1358 3647 episcopi

259 3651 421 3700 Eboracensis
432 3668 531 3702 monere
542 3654 685 3716 fungentem
700 3652 828 3713 comperit,
841 3654 871 3700 ad
887 3652 1061 3701 monasterium
1074 3652 1180 3712 Ripense
1192 3651 1321 3707 concessit,
1333 3656 1359 3699 et

259 3716 294 3763 ibi
311 3724 361 3765 tres
376 3732 454 3765 annos
470 3719 575 3778 resedit;
596 3718 640 3766 sed
659 3718 753 3764 interea
770 3732 786 3764 a
803 3717 900 3766 Vuliere
919 3730 975 3779 rege
992 3716 1140 3764 Marciorum
1159 3716 1277 3762 invitatus
1294 3730 1358 3777 saepe

259 3780 407 3842 episcopalia
418 3783 502 3829 munia
513 3784 578 3830 inter
590 3783 687 3830 Merces
697 3782 766 3828 obiit.
791 3782 824 3829 Et
837 3798 852 3829 a
862 3796 918 3843 rege
931 3782 1051 3843 Egbercto
1062 3782 1088 3828 in
1101 3780 1214 3829 (lantiam
1228 3780 1359 3828 arcessitus

260 3854 362 3894 vacante
370 3847 426 3893 sede
432 3846 614 3895 Dorobernensi
624 3846 778 3909 presbyteros
789 3852 813 3893 et
821 3848 937 3895 diaconos
946 3846 1083 3901 ordinavit3
1095 3845 1152 3892 inde
1161 3852 1273 3892 cantores
1283 3845 1359 3892 AEddi

259 3915 285 3956 et
296 3910 387 3966 AEona,
399 3926 456 3957 cnm
467 3914 629 3959 cementariis
644 3913 770 3973 omnaque
781 3925 845 3971 pene
861 3913 924 3957 ortis
939 3912 1087 3965 ministerio,
1099 3924 1179 3957 secum
1192 3911 1218 3956 in
1230 3910 1358 3969 regionem

259 3988 330 4021 suam
342 3976 445 4033 reduxit,
457 3992 513 4023 cum
524 3979 615 4036 regulo
627 3976 767 4030 Benedicti,
779 3983 804 4022 et
818 3977 933 4022 instituto
949 3976 1106 4022 eeclesiarum
1124 3974 1270 4041 melioravit.
1294 3973 1356 4022 Edd.

260 4036 311 4085 vn.
321 4039 392 4086 Vilfr.
402 4052 440 4098 ιφ
463 4039 535 4087 Coni.
547 4040 655 4098 Higden.
666 4039 777 4102 Polychr.
812 4066 814 4070 ·

292 4116 332 4163 ²4·
342 4119 392 4151 non
398 4105 480 4167 fuisse
490 4105 549 4165 nite]
573 4105 630 4152 Duo
647 4103 673 4151 in
691 4104 795 4151 Ceaddae
805 4103 960 4151 ordinatione
970 4103 1113 4151 Theodorus
1129 4100 1219 4150 erroris
1231 4102 1357 4163 arguebat.
1534 4114 1535 4135 ³

260 4167 379 4225 Primum,
397 4170 462 4230 quod
479 4169 607 4216 ordinatos
623 4175 662 4216 est
679 4169 709 4215 ad
728 4169 809 4215 sedern
827 4182 880 4229 quse
897 4168 994 4216 Vilfridi
1010 4167 1129 4215 electione
1143 4166 1195 4227 jam
1213 4167 1285 4228 plena
1302 4167 1358 4215 fuit.

261 4230 410 4290 Secundum,
421 4234 487 4294 quod
498 4233 524 4280 in
535 4233 691 4281 ordinatione
702 4232 763 4293 ejus,
775 4232 882 4294 episcopi
894 4232 919 4279 in
933 4232 990 4280 Vini
1008 4232 1147 4279 societatem
1166 4246 1210 4292 pro
1222 4231 1359 4279 ministerio

260 4295 392 4405 egsumpti,
411 4311 443 4343 ex
460 4297 492 4345 iis
509 4304 580 4345 erant
596 4298 640 4360 qui
657 4295 819 4345 Brittanicum
837 4297 931 4358 pascha
948 4310 1041 4344 morem
1061 4296 1232 4358 sequebantur,
1251 4295 1307 4344 vide
1321 4295 1359 4343 iii.

260 4371 273 4405 2
292 4391 299 4405 .
321 4360 347 4406 S.

292 4436 330 4484 34.
345 4424 410 4485 Ipse]
431 4424 580 4473 'lbeodorus
615 4425 682 4473 Male
699 4426 734 4472 ait
747 4424 875 4487 Higdenus
886 4424 997 4488 Polychr.
1009 4426 1109 4473 Puttam
1127 4425 1267 4474 ordinatum
1282 4424 1358 4473 fuisse
