3100 5125
255 334 398 400 EPIST.
421 334 487 400 AD
510 334 820 401 EGGBEROTUM
842 332 1135 399 ANTISTITEM.
1191 332 1260 415 Ι333

161 492 266 573 cepto,
282 508 341 552 nec
362 488 499 574 seipsum
519 511 541 553 a
561 488 652 552 malis
673 487 798 552 actibus
820 489 901 551 bene
919 486 1060 562 vivendo,
1076 506 1134 549 nec
1154 483 1259 548 subdi-

160 578 230 637 tam
252 572 312 637 sibi
332 574 456 658 plebem
475 573 670 659 castigando,
687 574 736 637 vel
756 573 956 637 admonendo
975 571 1133 656 corrigere
1148 577 1258 634 curat:

119 658 238 743 soquid
257 658 330 722 huic
344 660 490 724 veniente
505 659 652 736 Domino,
672 659 751 723 hora
771 681 835 743 qua
853 680 918 723 non
940 663 1057 742 sperat,
1072 662 1259 720 eventurum

160 744 214 821 sit,
235 744 417 830 evangelica
438 744 605 809 manifeste
628 744 789 809 sententia
811 744 961 820 declarat,
985 764 1048 827 qua
1074 740 1191 805 dieitur
1215 740 1258 805 ad

159 828 303 894 inutilem
325 852 467 894 servum:
491 830 604 913 Efficite
617 829 651 893 ia
665 828 799 895 tenebrae
813 830 979 905 retentores,
995 827 1040 893 ibt·
1052 828 1113 893 erit
1125 828 1216 911 fletam
1230 835 1258 899 a

158 915 273 979 stridor
287 914 429 995 dentium
1349 919 1352 925 '

204 1018 234 1063 2.
256 1000 347 1064 Ante
366 1000 472 1063 omnia
494 1022 570 1063 sane
589 1007 654 1064 tuae
674 1005 794 1063 sanctae
813 998 1002 1084 paternitati
1020 998 1146 1074 suadeo,
1163 1003 1200 1062 ut
1214 999 1257 1061 ab

161 1085 272 1149 otiosis
288 1092 327 1151 ,te
349 1085 664 1160 confabulationibus,
680 1084 975 1160 obtrectationibus,
992 1083 1177 1166 caeterisque
1198 1081 1256 1145 lin-

118 1193 151 1244 35
160 1192 231 1255 guae
246 1170 408 1235 indomitae
424 1170 579 1256 contagiis
594 1170 768 1254 pontificali
784 1170 940 1255 dignitate
954 1190 1119 1232 coerceas:
1144 1167 1256 1231 divinis

160 1263 269 1320 autem
284 1256 414 1340 eloquiis
428 1279 466 1320 ac
481 1255 741 1319 meditationibus
761 1255 990 1339 scripturarum
1008 1253 1147 1339 linguam
1162 1253 1257 1315 simul

160 1348 195 1406 ct
208 1348 349 1405 montem
368 1363 511 1425 occupes,
527 1346 561 1404 et
581 1340 719 1404 maxime
740 1339 881 1425 legendis
899 1339 987 1403 beati
1007 1338 1099 1403 Pauli
1118 1338 1256 1423 apostoli

159 1426 300 1513 epistolis
321 1427 365 1491 ad
384 1428 587 1491 Timotheum
609 1432 644 1489 et
666 1426 784 1502 Titum,
808 1426 863 1489 sed
885 1433 919 1488 et
940 1424 1042 1489 verbis
1065 1423 1255 1488 sanctissimi

158 1534 251 1661 Eppae
267 1513 413 1598 Gregorii
421 1512 597 1661 Vmblmralii
609 1510 676 1576 vita
690 1511 784 1660 simul}
802 1518 835 1575 et
854 1509 1118 1659 lpitiisErectorium
1137 1509 1201 1659 silli
1220 1510 1254 1572 in

203 1619 240 1660 ro
367 1622 395 1663 ae
450 1620 522 1662 ao
620 1618 733 1660 scum
785 1618 903 1659 omens
957 1616 1151 1660 vaneum
1201 1618 1254 1659 um

158 1599 465 1760 eufimdlffleruit,
492 1690 530 1746 ut
552 1682 596 1746 sit
621 1703 724 1745 sermo
747 1687 822 1745 tuus
852 1703 976 1765 semper
998 1618 1162 1765 eripientiae
1188 1682 1253 1745 sale

115 1785 149 1831 40
157 1768 313 1846 conditus,
328 1768 517 1834 eminentior
531 1767 652 1853 vulgari
671 1767 840 1843 locutione,
856 1790 894 1831 ac
917 1766 1023 1829 divino
1042 1766 1164 1829 auditui
1186 1766 1252 1851 dig-

156 1853 229 1917 nior
242 1855 409 1919 elucescat.
454 1854 543 1917 Sicut
558 1853 641 1917 enim
655 1852 804 1915 indecens
819 1858 877 1927 est,
894 1852 920 1914 si
935 1874 1011 1915 vasa
1024 1851 1134 1915 altaris
1149 1873 1252 1915 sacro

157 1946 271 2003 sancta
299 1940 480 2026 vulgaribus
509 1960 648 2024 unquam
677 1936 785 2000 usibus
814 1960 853 2002 ac
877 1938 989 2002 vilibus
1014 1937 1253 2035 propbaneutur
1358 1986 1362 1993 .

158 2024 277 2102 officiis,
293 2025 341 2089 ita
354 2046 535 2112 perversum
550 2022 635 2087 omni
650 2023 745 2085 modo
764 2045 802 2087 ac
820 2023 969 2086 miserum
984 2029 1042 2099 est,
1059 2023 1085 2085 si
1100 2021 1195 2105 isqui
1210 2023 1252 2085 ad

70 2112 143 2193 306
160 2112 373 2175 consecranda
400 2111 434 2173 in
462 2110 556 2174 altari
585 2108 744 2171 dominica
772 2115 970 2172 sacramenta
998 2107 1164 2171 ordinatus
1193 2115 1251 2183 est,

158 2216 241 2258 nune
263 2197 389 2281 quidem
411 2196 530 2259 eisdem
551 2193 752 2259 conficiendis
772 2194 979 2258 sacramentis
993 2192 1131 2255 Domino
1153 2193 1251 2255 famu·

156 2281 279 2345 laturus
293 2282 433 2358 assistat,
449 2303 533 2345 nunc
554 2302 698 2366 egressus
718 2278 881 2343 ecclesiam
900 2280 969 2364 ipso
984 2300 1039 2342 ore
1053 2278 1251 2361 eeisdemque

155 2366 302 2431 manibus
323 2367 437 2451 quibus
456 2366 550 2451 paulo
570 2373 645 2430 ante
666 2386 756 2428 sacra
775 2372 979 2441 tractaverat,
995 2370 1125 2448 repente
1140 2362 1251 2427 frivola

155 2452 242 2535 loqui
256 2454 305 2516 vel
319 2475 414 2538 agere
429 2452 601 2515 Dominum
615 2450 789 2513 offensurus
804 2450 942 2534 incipiat.

130 2553 145 2602 ⁵
199 2537 255 2601 Ad
276 2538 515 2603 custodiendam
536 2559 611 2601 vero
631 2535 747 2620 linguae
769 2536 817 2600 vcl
839 2536 942 2621 operis
964 2533 1161 2611 munditiam,
1177 2555 1250 2598 cum

127 2689 130 2692 ,
154 2623 290 2688 lectione
306 2625 419 2700 diviua,
436 2625 534 2688 etiam
555 2621 691 2686 societas
713 2644 821 2685 eorum
841 2621 895 2705 qui
911 2620 1038 2686 Christo
1052 2619 1138 2682 fideli
1157 2620 1249 2682 devo-

153 2708 242 2772 tione
262 2710 464 2786 famulantur,
480 2709 650 2794 plurimum
668 2707 770 2792 juvat.
816 2707 866 2770 Ut
885 2707 912 2770 si
933 2705 1059 2791 quando
1074 2706 1122 2768 vel
1142 2704 1249 2790 lingua

152 2793 305 2872 lascivire,
331 2795 380 2859 vel
409 2794 552 2880 operatio
582 2815 680 2878 prava
704 2791 782 2855 mihi
812 2794 982 2878 subrepere
1004 2788 1146 2874 coeperit,
1173 2812 1249 2852 mox

153 2879 310 2943 sociorum
328 2881 468 2943 fidelium
489 2902 585 2943 manu
607 2901 646 2941 ne
668 2879 781 2942 cadere
799 2879 921 2942 valeam
943 2882 1110 2941 sustenter.
1156 2875 1249 2954 Quod
1337 2929 1339 2934 .

153 2986 226 3028 cum
247 2966 392 3030 omuibus
412 2966 473 3029 Dei
494 2963 620 3028 famulis
641 2963 770 3026 sibimet
791 2964 839 3028 ita
859 2963 1038 3047 prospicere
1061 2959 1248 3023 futillimum
1361 2993 1364 3000 ·

153 3050 205 3128 sit,
230 3063 350 3136 quanto
375 3051 476 3136 magis
501 3050 545 3112 illi
570 3049 682 3134 gradui
708 3049 762 3133 qui
791 3071 855 3112 non
883 3048 998 3112 suimet
1027 3047 1248 3110 tantummodo

113 3155 262 3200 weuram
282 3159 386 3222 agere,
412 3138 468 3199 sed
489 3135 586 3199 etiam
608 3157 685 3219 erga
706 3134 904 3198 commissam
924 3133 984 3197 sibi
1010 3131 1172 3196 ecelesiam
1194 3129 1267 3194 ne-'

153 3241 239 3286 cesse
254 3222 352 3287 habet
366 3221 507 3286 studium
522 3220 634 3284 salutis
651 3220 852 3304 impendere;
873 3220 967 3304 juxte
982 3218 1069 3282 illum
1084 3217 1138 3301 qui
1153 3217 1244 3294 dixit,

145 3317 265 3390 prater
277 3330 313 3370 ea
327 3330 394 3392 qua
408 3308 586 3370 retribueres
598 3315 668 3368 aaut
686 3306 834 3368 iactantia
851 3327 918 3368 mee
932 3305 1122 3389 quetidiana,
1136 3302 1204 3366 solli
1226 3303 1233 3317 ⁶

151 3392 223 3455 tude
237 3393 368 3456 omnium
382 3393 582 3456 amasiorum.
614 3391 688 3469 Quis
701 3391 887 3474 infirmatur,
903 3399 931 3454 et
944 3413 993 3476 epo
1007 3410 1066 3452 aaa
1080 3388 1244 3473 infimos?

155 3477 229 3555 Quis
249 3478 486 3554 soacdalizotur,
509 3485 538 3540 et
562 3498 612 3560 epo
633 3497 691 3538 aea
716 3479 815 3540 uror?
860 3476 952 3555 Quod
974 3496 1037 3537 non
1058 3473 1105 3536 ita
1123 3473 1244 3557 loquor,

153 3562 244 3645 quasi
259 3569 292 3626 te
306 3563 399 3626 aliter
412 3563 517 3626 facere
532 3562 638 3638 sciam,
654 3561 710 3624 'sed
729 3562 805 3645 quia
827 3561 866 3624 de
886 3561 1075 3644 quibusdam
1088 3557 1245 3643 episcopis

113 3647 238 3714 ¹⁵fama
252 3650 414 3732 vulgatum
433 3654 492 3722 est,
513 3647 596 3730 quod
618 3645 678 3730 ipsi
700 3645 747 3710 ita
768 3646 896 3709 Christo
918 3644 1066 3721 serviant,
1086 3649 1122 3707 ut
1144 3643 1245 3706 nullos

151 3753 259 3796 secum
280 3733 411 3817 alicujus
433 3731 592 3816 religionis
611 3738 669 3794 aut
688 3731 892 3795 continentiae
907 3729 990 3793 viros
1008 3730 1165 3792 habeant:
1190 3728 1247 3790 scd

151 3818 259 3902 potius
273 3819 342 3883 illos
357 3818 410 3902 qui
425 3817 511 3893 risui,
524 3817 613 3902 jocis,
628 3816 751 3891 fabulis,
768 3814 1082 3880 commessationibus
1099 3820 1132 3876 et
1147 3811 1246 3876 ebrie-

151 3904 283 3978 tatibus,
299 3904 485 3986 caeterisque
499 3903 573 3966 vitae
588 3900 794 3965 &remissioris
812 3900 964 3964 illecebris
979 3899 1195 3984 hsubigantur,
1213 3905 1246 3963 et

151 3989 206 4072 qui
220 3989 321 4074 magis
335 3989 476 4074 quotidie
491 3994 634 4052 ventrem
653 3987 797 4070 dapibus,
814 4007 910 4070 quam
931 3991 1070 4048 mentem
1085 3983 1246 4048 sacrifieiis

151 4074 332 4138 ooelestibus
354 4077 509 4159 ipascant.
555 4073 641 4152 Quos
658 4079 716 4136 tua
733 4079 845 4135 sancta
865 4069 1060 4135 auctoritate
1082 4069 1108 4133 si
1130 4068 1268 4132 alieubi·

150 4161 305 4245 repereris
320 4160 412 4224 velim
426 4158 574 4244 corrigas,
590 4179 781 4242 moneasque
803 4157 871 4220 illos
893 4155 974 4220 tales
996 4177 1060 4219 suae
1082 4176 1245 4218 conversa

150 4311 292 4435 ¹1,ngqu
299 4310 328 4358 V.
395 4311 573 4358 ‘amasionum
585 4310 614 4356 V.
694 4310 898 4382 trembstoribus
910 4309 939 4381 V
969 4371 971 4376 Ι
1006 4304 1204 4370 subjugantur
1215 4307 1245 4356 V.

279 4519 320 4565 31.
334 4502 439 4568 Ejie'ite]
460 4507 532 4554 Matr.
542 4521 598 4553 xxv.
609 4521 647 4568 3o
760 4520 797 4553 11.
806 4507 910 4568 preter]
935 4505 1016 4555 scor.
1030 4505 1062 4553 xi.
1074 4505 1114 4554 28.
