3100 5125
81 1051 184 1130 Cesdder

82 1130 208 1166 successio.

87 2252 158 2299 Pueri
170 2263 223 2298 mo·

87 2315 185 2364 ribundi

86 2382 229 2443 baptismus.

238 287 302 352 158
572 289 809 356 HISTORIAE
831 289 1009 357 EOOLES.
1285 288 1362 353 III.
1380 306 1432 368 24.

238 439 487 517 administraret,
503 447 536 505 et
550 438 644 525 hujus
659 462 785 526 quoque
798 441 984 507 monosterii
1003 442 1136 507 statutis
1150 441 1349 527 ⁶propositis

240 547 350 590 curam
364 532 499 611 gereret,
515 548 590 590 essu
610 527 746 612 contigit
767 533 805 592 ut
825 528 869 592 sd
889 529 993 612 ipsum
1012 527 1243 592 monesterium
1256 534 1347 592 tem-

239 633 317 698 pore
331 611 538 680 mortalitatis
552 612 730 690 adveniens,
740 619 848 678 tectus
862 613 980 678 ibidem
990 612 1178 678 infirmitate
1187 613 1346 698 corporis,

242 696 364 760 obiret:
389 697 442 781 qui
456 696 559 781 primo
574 698 700 782 quidem
714 698 791 762 loris
808 700 951 784 sepultus
970 705 1040 774 est3
1064 706 1209 784 temporo
1229 706 1347 763 sutem

242 782 443 868 procedente,
467 783 501 846 in
524 783 651 848 soodem
676 785 870 850 monasterio
895 785 1027 849 ecclesie
1051 792 1102 848 est
1130 785 1163 848 in
1188 785 1346 848 honorem
1357 800 1393 852 35

243 869 348 932 bectae
364 867 424 931 Dei
460 869 600 933 enitricis
615 870 655 932 de
668 869 773 955 lepide
788 871 883 948 facts,
895 878 930 934 et
944 871 977 934 in
990 871 1045 935 ills
1057 891 1173 955 corpus
1187 870 1285 955 ipsius
1300 870 1348 934 ad

244 955 410 1018 dextoram
455 955 534 1018 teris
548 954 754 1019 reconditum.

274 1039 373 1103 Dedit
387 1047 495 1104 autem
509 1041 674 1125 episcopus
688 1040 862 1126 regendum
876 1047 950 1126 post
964 1063 999 1105 se
1012 1041 1239 1106 monesterium
1249 1041 1349 1104 fratri

245 1146 302 1189 suo
318 1124 456 1202 Oeodds,
472 1125 526 1210 qui
541 1132 654 1210 postes
668 1127 833 1226 episcopus
844 1126 949 1191 factus
963 1134 1022 1204 est,
1037 1127 1123 1190 utin
1137 1126 1349 1210 sequentibus

244 1210 392 1274 dicemus.
428 1211 573 1290 Quctuor
587 1211 741 1296 siquidem
755 1213 789 1274 hs
804 1234 883 1296 quos
899 1211 1044 1290 diximus,
1058 1211 1202 1298 germani
1216 1211 1348 1290 fratres,

244 1295 333 1360 (ledd
349 1302 384 1359 et
405 1295 561 1380 scynibill
582 1304 616 1360 et
639 1297 736 1362 Oaelin
758 1304 793 1360 et
812 1297 951 1374 Oeoddu,
972 1298 1058 1382 quod
1077 1318 1153 1361 raro
1173 1297 1345 1375 invenitur,

244 1403 353 1445 omnes
369 1381 549 1446 sacerdotes
564 1382 693 1445 Domini
707 1383 795 1446 fuere
814 1381 968 1466 praecluri,
984 1390 1018 1446 et
1033 1384 1097 1446 duo
1117 1404 1157 1446 ex
1176 1381 1223 1445 eis
1244 1383 1346 1446 etism
1353 1401 1393 1446 40

244 1467 357 1530 summi
381 1467 550 1532 sacerdotii
575 1468 677 1552 gradu
702 1467 803 1532 functi
827 1475 913 1532 sunt.
957 1470 1038 1534 (lum
1060 1490 1137 1553 ergo
1161 1467 1348 1552 episcopum

245 1552 428 1617 defunctum
462 1575 500 1616 sc
537 1553 696 1636 sepultum
733 1552 767 1616 in
806 1553 968 1637 provincia
1006 1553 1349 1637 Nordsnhymbrorum

244 1637 416 1701 haudirent
441 1638 558 1702 iratres
582 1637 635 1722 qni
661 1638 695 1701 in
716 1640 911 1703 monasterio
928 1641 997 1723 ejus
1015 1645 1110 1703 eraut
1130 1639 1164 1701 in
1183 1639 1349 1722 provincis

247 1722 456 1786 Orientalium
480 1724 650 1801 Saxonum,
674 1731 829 1788 venerunt
850 1724 903 1789 illo
926 1725 966 1788 de
987 1746 1045 1788 suo
1070 1723 1264 1788 monasterio
1288 1724 1348 1787 ho-

245 1809 346 1872 mines
371 1807 497 1873 circiter
520 1809 661 1894 triginta,
686 1809 848 1894 cupientes
873 1810 917 1874 cd
941 1832 1056 1895 corpus
1079 1810 1128 1872 sui
1150 1809 1262 1895 petris,
1286 1816 1348 1873 cut

247 1893 350 1958 vivere
373 1893 400 1956 si
426 1894 470 1956 sic
494 1894 566 1958 Deo
591 1895 740 1978 placeret,
764 1903 823 1963 aut
847 1895 1019 1960 morientes
1044 1895 1089 1959 ibi
1114 1894 1258 1980 sepeliri:
1291 1894 1348 1978 qui
1356 1915 1391 1966 45

247 1979 383 2042 libenter
406 2001 427 2042 s
449 1979 512 2042 suis
533 1979 687 2044 fratribus
714 1988 749 2046 ct
776 1981 1042 2046 commilitonibus
1065 2003 1154 2044 susce
1177 1981 1213 2057 ti,
1237 2001 1349 2044 omnes

248 2064 365 2128 ibidem
381 2065 620 2148 superveniente
634 2064 776 2150 praeietae
792 2066 981 2150 pestilentiae
1001 2067 1090 2130 clade
1104 2004 1246 2130 deliincti
1261 2072 1349 2143 sunt,

250 2157 383 2234 excepto
410 2171 473 2212 uno
494 2151 634 2234 puerulo,
658 2173 751 2234 quom
775 2152 972 2215 cretionibus
996 2151 1099 2236 patris
1123 2151 1172 2214 sui
1198 2173 1219 2216 s.
1243 2156 1350 2214 morte
1369 2170 1434 2234 129

249 2241 378 2299 constat
399 2256 467 2298 esso
490 2242 658 2300 servatum.
703 2237 788 2300 Nem
809 2250 881 2300 cu'm
901 2237 1003 2302 multo
1022 2244 1097 2322 post
1116 2237 1185 2300 baec
1203 2243 1351 2320 tempore

250 2320 380 2398 viveret,
397 2327 431 2384 et
446 2320 609 2405 scripturis
624 2321 764 2406 legendis
779 2343 909 2406 operum
924 2324 1026 2400 deret,
1041 2323 1173 2387 tandem
1188 2321 1299 2386 didicit
1314 2343 1351 2385 se

251 2428 335 2490 aque
349 2405 551 2490 bsptismatis
565 2429 630 2470 non
645 2428 713 2470 esse
727 2415 959 2492 regeneratum,
975 2414 1010 2472 et
1028 2431 1104 2472 mox
1120 2409 1209 2472 fonte
1231 2405 1351 2471 lavacri

250 2491 398 2556 salutaris
419 2491 556 2567 oblutus,
580 2492 677 2556 etiem
697 2494 901 2577 postmodum
925 2495 969 2558 ad
994 2494 1137 2558 ordinem
1158 2491 1351 2577 presbyterii

250 2584 415 2663 promotus
437 2584 496 2655 est,
516 2578 685 2663 multisque
707 2578 740 2642 in
762 2580 892 2644 ecclesia
912 2580 999 2644 utilis
1014 2580 1095 2644 fuit:
1119 2579 1240 2662 dequo
1259 2578 1374 2647 dubi-⁵

250 2664 385 2728 tendum
411 2684 475 2727 non
501 2663 696 2740 crediderim,
721 2663 809 2749 quin'
823 2664 1111 2740 intercessionibus,
1137 2672 1175 2728 ut
1198 2664 1274 2741 dixi,
1300 2663 1352 2726 sui

249 2750 361 2833 patris,
377 2750 419 2813 cd
434 2749 523 2833 cujus
538 2772 652 2834 corpus
667 2750 844 2813 dilectionis
860 2751 958 2835 ipsius
972 2752 1079 2837 gistis
1093 2757 1233 2826 venerat,
1249 2749 1294 2813 sit
1307 2750 1350 2813 ab

245 2834 385 2898 articulo
414 2835 526 2899 mortis
556 2842 709 2913 retentus,
734 2844 772 2899 ut
801 2843 835 2900 et
864 2836 933 2923 ipse
961 2838 1005 2901 sic
1034 2843 1171 2901 mortem
1200 2834 1353 2899 evaderet

125 2968 127 2972 .
249 2926 414 2997 esternam,
430 2926 464 2983 et
483 2920 553 2983 cliis
568 2942 693 3006 quoque
708 2921 860 2986 fratribus
875 2922 1085 2988 ministerium
1098 2922 1174 2986 vitae
1186 2942 1224 2985 ec
1238 2920 1352 2985 salutis

251 3003 393 3067 docendo
407 3004 580 3069 exhiberet.

668 3146 775 3213 CAP.
799 3146 937 3211 XXIV.

255 3267 293 3325 Ut
305 3268 449 3343 provincia
463 3267 642 3334 Merriomm,
657 3271 745 3325 occiso
763 3288 827 3344 repe
840 3269 943 3334 Penda,
956 3269 1042 3344 fidem
1061 3268 1167 3325 Christi
1184 3266 1351 3341 sueoeperlt:
1364 3290 1398 3325 ιο

292 3356 319 3405 et
331 3348 416 3405 Osuiu
426 3368 478 3423 pro
489 3350 586 3423 adepta
599 3350 724 3413 obtorta,
734 3351 920 3424 possessiones
933 3358 960 3405 et
973 3350 1116 3406 territoria
1129 3350 1165 3405 cd
1175 3347 1353 3404 construenda

292 3430 457 3485 monasteria
471 3430 583 3486 dederit.

97 3544 167 3591 A.D.
179 3540 236 3603 ⁶55·
319 3539 380 3603 H1s
395 3540 591 3625 temporibus
605 3562 663 3604 rex
679 3540 779 3604 Osuiu
794 3562 865 3604 oum
880 3540 1011 3604 acerbas
1026 3545 1124 3624 atque
1137 3536 1354 3601 intolerabiles

91 3608 169 3657 Osulu
180 3621 200 3653 r.

89 3672 233 3719 bellumcon

90 3735 245 3785 trcPendsm.

235 3630 419 3711 ‘peteretur
436 3624 628 3711 irruptiones
648 3625 812 3709 saepedioti
831 3624 915 3711 regis
932 3624 1128 3722 Merciorum
1142 3624 1197 3708 qui
1218 3623 1355 3686 fratrem

255 3803 264 3825 ⁸
270 3797 410 3857 praeposite
422 3794 451 3842 V.
550 3794 562 3833 f
571 3795 597 3841 in
608 3794 756 3841 monasterio
767 3792 798 3841 V.
896 3802 908 3839 t
923 3792 1016 3841 Cenitil
1026 3791 1056 3840 V.
1159 3791 1172 3825 ἱ
1184 3793 1313 3840 audissent
1321 3790 1353 3841 V.

288 3955 326 4002 32.
334 3942 476 4004 propositis]
492 3942 530 3989 lte
541 3941 613 3989 MSS.
625 3947 684 3988 vett.
698 3954 748 3987 uon
760 3940 830 4001 quasi
842 3945 935 3987 statute
945 3938 1106 3999 proposuerit,
1116 3938 1230 3997 sedqcod
1241 3936 1356 3985 statuerit

254 4007 403 4069 praepositos,
414 4007 479 4055 unde
495 4007 587 4055 Ssxcn.
598 4005 741 4067 Parsphrus.
753 4006 835 4066 vertit,
852 4004 961 4066 posuisse
977 4002 1047 4050 illum
1065 4002 1217 4063 propositum
1233 4008 1259 4049 et
1274 4002 1355 4049 elder·

253 4084 366 4117 mannos.
380 4071 403 4118 S.

286 4147 326 4194 34.
338 4135 425 4195 obiret]
441 4135 508 4183 cedd
524 4140 635 4182 mortuus
650 4140 688 4181 est
704 4140 758 4193 post
769 4135 800 4181 A.
809 4133 839 4181 D.
853 4130 917 4193 6642
934 4147 990 4179 nam
1004 4146 1034 4178 eo
1046 4144 1112 4177 enno
1123 4130 1218 4194 synodo
1229 4131 1356 4178 Stresnes-

243 4197 323 4246 'balch
336 4199 462 4257 iutertnit3
479 4200 544 4247 unde
555 4213 679 4259 regressus
691 4198 717 4245 iu
732 4198 882 4259 provinciam
901 4212 970 4245 sucin
987 4196 1022 4243 ibi
1039 4195 1148 4260 instituit
1162 4196 1357 4243 observatiorem

255 4264 368 4310 cattollm'
380 4266 489 4325 pasche,
501 4264 574 4322 infre,
586 4261 625 4311 26.
660 4263 727 4324 Ergo
744 4270 828 4323 postes
844 4262 911 4309 eliud
927 4261 974 4308 iter
988 4260 1019 4307 sd
1031 4259 1187 4322 Laestingueu
1198 4276 1253 4308 eum
1269 4259 1357 4309 fecisse

254 4340 353 4374 necesse
364 4339 442 4375 estse
453 4336 562 4389 tempore
573 4341 621 4388 quc
633 4342 647 4374 s
659 4333 726 4387 peste
738 4335 864 4388 correptus
873 4332 919 4374 cst.
1011 4352 1015 4357 -

287 4388 327 4450 3⁶·
340 4392 505 4453 reconditum]
523 4390 644 4441 Memcn's
655 4390 708 4451 ejas
719 4390 855 4439 celebretur
865 4389 970 4452 septimo
981 4388 1021 4437 die
1032 4388 1153 4437 denunti.
1165 4390 1190 4437 S.
