3100 5125
1536 149 1542 354 l

591 339 829 406 nummus
851 338 1029 406 scotus,
1176 294 1179 300 ’
1306 339 1372 404 1v.
1397 358 1445 404 12.
1541 383 1542 420 .

695 566 805 635 OAP.
829 567 913 632 XII.

261 680 300 738 Ut
318 681 499 756 episcopatum
516 677 727 736 occidentalium
740 679 877 736 Senonum
892 699 947 756 pro
962 679 1110 737 Leutlers'o
1122 680 1233 744 Haesdi,
1252 680 1360 755 episco-
1369 697 1405 732 20

292 769 388 836 patum
402 760 552 835 Hrosensis
571 761 690 816 ecclesie
705 780 760 835 pro
773 761 860 817 Puttn
876 761 1021 827 Cuiclselm,
1036 769 1062 816 et
1077 779 1132 836 pro
1147 762 1206 837 ipso
1223 761 1362 836 Gefnsund

297 842 450 916 detepuit:
471 841 557 916 etqui
571 847 634 897 tuns
646 839 1052 921 Nordunlsymbrosumsuerint
1065 842 1190 917 episcopi.

96 947 213 1009 segnes
301 935 448 1015 Qunnrus
463 934 717 999 Occidentalium
739 934 902 999 Saxonum
924 933 1060 999 antistes
1077 933 1267 998 Leutherius
1285 935 1357 998 fuit

95 1013 219 1072 ‘ll’·⁰⁶⁰·
259 1019 422 1104 Siquidem
443 1021 564 1106 primus
586 1020 723 1099 Birinus‚
746 1021 902 1084 secundus
924 1019 1138 1106 Agilberotus,
1161 1019 1277 1084 tertius
1303 1043 1359 1084 ex-

95 1077 247 1204 {ffbffl
258 1105 345 1171 stitit
360 1106 446 1170 Vini.
491 1107 633 1190 Oumque
654 1113 800 1170 mortuus
822 1112 906 1170 osset
921 1106 1100 1184 Ooinvnlnh,
1117 1128 1181 1190 quo
1199 1113 1358 1191 regnante
1367 1131 1400 1181 25

99 1219 246 1286 [s.1).676.]
258 1191 341 1256 idem
367 1191 556 1256 Leutberius
579 1192 744 1276 episcopus
766 1192 871 1256 iectus
897 1198 955 1269 est,
980 1198 1170 1276 aeceperunt
1196 1192 1358 1292 subreguli

257 1298 390 1363 regnum
410 1278 525 1364 gentis,
547 1285 580 1342 et
601 1278 736 1342 divisum
757 1279 843 1341 inter
865 1299 899 1341 se
921 1283 1094 1341 tenuerunt
1114 1277 1205 1341 annis
1229 1277 1360 1342 circiter

99 1363 385 1434 [sustulissem
408 1364 545 1449 ipsisque
567 1364 774 1450 regnantibus
797 1363 962 1428 defunctus
981 1370 1030 1427 est
1045 1363 1104 1440 ille,
1121 1362 1358 1448 stepisoopstu

257 1448 386 1513 iunctus
401 1457 451 1514 est
466 1449 584 1514 Haeddi
602 1471 662 1535 pro
676 1471 733 1514 eo:
756 1450 984 1514 heonseerstus
1005 1471 1025 1512 o
1040 1449 1208 1534 Theodoro
1229 1448 1263 1512 in
1283 1449 1358 1514 eivi-

256 1540 326 1599 tate
351 1534 527 1600 Lundoniu.
573 1535 670 1621 Cujus
695 1557 713 1598 e
735 1534 896 1621 isooputus
924 1542 1068 1620 tempore
1097 1533 1228 1599 devietis
1256 1542 1359 1622 etque

256 1620 372 1685 emotis
392 1622 576 1707 subregulis,
592 1559 752 1686 Oaedmlln
774 1620 914 1707 suscepit
935 1621 1119 1707 imperium:
1144 1628 1177 1686 et
1192 1640 1263 1684 eum
1278 1620 1357 1684 duo-

256 1706 316 1770 bus
338 1707 430 1770 annis
452 1708 513 1771 hoc
535 1706 699 1783 tenuisset,
722 1708 854 1772 tandem
877 1707 1004 1792 superni
1026 1706 1116 1792 regni
1138 1728 1247 1770 amore
1270 1727 1401 1778 com-30

256 1797 393 1876 punctus
406 1793 545 1878 reliquit,
560 1793 672 1857 eodem
684 1793 790 1856 adhue
804 1794 939 1878 praesule
953 1792 1116 1857 ecclesium
1132 1793 1354 1877 gubernente;

256 1899 295 1942 oo
312 1877 448 1943 Romam
468 1879 587 1957 abiens,
606 1879 649 1943 ibi
671 1877 771 1943 vitem
791 1878 903 1957 finivit,
919 1884 955 1943 ut
977 1879 1011 1942 in
1032 1877 1237 1963 sequentibus
1258 1879 1357 1943 letius

257 1963 424 2027 dicendum
438 1971 499 2029 est.

93 2051 236 2118 A.1).⁶76.
300 2050 398 2112 Anno
413 2055 522 2114 autem
537 2048 711 2129 Dominioae
733 2049 961 2115 insufflationis
982 2049 1210 2114 sexcentesimo
1228 2055 1357 2134 septuer

96 2146 207 2194 AEdilrsd
218 2161 236 2194 r.
255 2134 375 2220 gesimo
390 2142 491 2213 sexto,
507 2157 579 2198 oum
594 2135 745 2199 AEdilred
762 2158 820 2200 rex
837 2136 1039 2213 Meroiorum,
1054 2135 1194 2200 adducto
1215 2135 1357 2221 maligno

95 2210 174 2259 Mers.
256 2219 407 2297 exercitu,
430 2221 578 2285 (lentiam
599 2228 751 2299 vastaret,
773 2229 809 2286 et
833 2222 981 2287 ecclesius
1004 2243 1041 2286 eo
1067 2221 1261 2285 monasteris
1286 2222 1398 2300 sines5

256 2310 400 2389 respectu
415 2306 547 2391 pietatis
561 2307 609 2371 vel
624 2307 719 2372 divini
738 2308 875 2372 itimoris
888 2308 1035 2384 foedsret,
1052 2307 1213 2372 civitatem
1227 2329 1356 2392 quoque

376 2433 380 2438 ’
549 2431 731 2482 'consensius
741 2440 776 2482 est
788 2434 818 2482 V.
910 2434 1020 2482 tumoris
1031 2434 1061 2480 V.

289 2539 329 2588 ⁹3·
340 2525 467 2591 Quartus]
492 2527 615 2591 Tempore
631 2544 684 2593 epp.
697 2531 756 2581 Oce.
769 2531 826 2581 Sex.
838 2546 914 2595 usque
931 2532 962 2581 sd
977 2531 1135 2581 Leuffierium
1148 2546 1169 2581 u.
1182 2529 1238 2594 67ο.
1251 2529 1307 2579 ride
1318 2528 1355 2579 iii.

258 2603 280 2655 7.
314 2592 355 2640 ilii
366 2593 485 2641 successit
494 2594 534 2641 hic
546 2596 633 2643 Hrsddi
644 2612 666 2644 a.
675 2595 733 2658 676.
750 2599 777 2645 S.

289 2668 328 2719 25.
339 2658 477 2721 subreguli]
507 2659 640 2709 Coinrnlch
657 2661 710 2709 sine
726 2662 794 2722 prole
810 2661 919 2711 extincto
936 2661 1002 2710 circs
1013 2677 1035 2709 s.
1047 2659 1103 2723 674,
1119 2660 1235 2709 suecessit
1253 2660 1277 2708 in
1298 2674 1357 2721 pro-

255 2722 344 2771 vincius
354 2722 565 2771 administratione
576 2739 638 2773 uxor
649 2725 774 2789 Sesburgu
791 2742 833 2788 per
850 2742 926 2775 unum
944 2742 1046 2786 snnnm,
1059 2740 1103 2773 nec
1114 2725 1188 2775 cessit
1201 2724 1314 2787 imperio,
1326 2732 1356 2773 ut

254 2786 296 2834 W.
304 2787 391 2835 Maiin.
400 2789 444 2846 eit,
453 2788 500 2835 nisi
509 2791 561 2836 visa
570 2789 730 2843 instituente,¹
752 2792 787 2839 M.
797 2792 899 2840 Westsn.
910 2805 966 2841 vero
978 2792 1072 2849 scribit,
1082 2790 1272 2851 indignantibus
1280 2792 1356 2849 regni

255 2852 415 2912 mumulus
426 2859 450 2900 et
462 2853 602 2900 nolentibus
613 2855 658 2901 sub
669 2870 727 2903 sexu
735 2856 854 2903 foemineo
865 2856 971 2903 militare
989 2871 1003 2902 s
1019 2869 1095 2917 regno
1105 2855 1240 2915 expulsum.
1274 2856 1357 2915 Atque

254 2915 312 2963 huic
325 2917 422 2978 quidem
440 2917 535 2964 notioni
552 2918 620 2967 iuvet
635 2920 705 2981 regni
722 2920 748 2967 in
768 2920 911 2982 subregulos
928 2920 1076 2969 distributio.
1109 2919 1253 2967 Notandum
1271 2926 1356 2965 tumen

254 2981 320 3041 quod
330 2981 415 3029 eodem
431 2987 541 3043 tempore
551 2997 600 3043 quo
616 2983 652 3031 iili
669 2999 784 3047 regnum
802 2986 966 3047 perhibentur,
984 2999 1068 3047 regum
1086 2985 1187 3032 uomina
1198 2982 1313 3031 AEscuini
1329 2990 1357 3031 et

256 3043 376 3093 Kcnmini
387 3045 496 3093 Annales
507 3048 539 3095 sd
550 3048 700 3096 eunonium
715 3049 829 3110 implent,
841 3052 899 3097 dum
913 3050 1004 3098 nuliius
1015 3064 1028 3097 e
1038 3048 1174 3111 subregulis
1185 3048 1277 3096 mentio
1289 3046 1356 3095 suctu

255 3116 300 3156 est.
334 3109 390 3156 siis
402 3117 483 3157 sotem
494 3110 553 3158 Orc.
566 3111 623 3160 Sur.
635 3115 720 3175 regins
733 3114 781 3162 fuit
792 3129 811 3163 r.
823 3115 996 3163 Esrconbercti
1007 3129 1071 3162 uxor
1081 3114 1116 3162 iii.
1129 3114 1153 3161 8.
1164 3113 1198 3161 iv.
1210 3128 1232 3177 9.
1249 3112 1274 3160 S.
1308 3112 1356 3159 Pn-

254 3186 309 3219 rnm
322 3180 407 3221 exucta
417 3179 456 3221 est
466 3175 516 3222 brec
526 3176 557 3223 de
567 3191 643 3238 reguo
654 3178 848 3227 Occidentaliurn
861 3180 985 3227 Saxonum
1001 3180 1126 3227 nnmtioe
1143 3184 1169 3225 et
1179 3178 1274 3227 videtur
1286 3176 1356 3224 Beda

255 3251 334 3297 peuce
353 3244 449 3285 tuntum
468 3239 499 3287 de
516 3240 621 3289 turbatis
637 3242 688 3291 illis
706 3244 857 3305 temporibus
876 3244 933 3292 inde
951 3243 1080 3304 accepisse.
1116 3243 1240 3291 Lacunam
1258 3242 1357 3303 supplet

256 3300 346 3350 chron.
358 3304 415 3350 Snx.
447 3302 516 3351 Obiit
526 3304 663 3356 Cenwullus
673 3307 829 3371 (Coinvulch)
842 3310 871 3357 A.
881 3309 912 3356 D.
924 3307 971 3369 672
983 3327 989 3355 ι
1009 3317 1145 3370 postquem
1159 3322 1221 3357 uxor
1231 3306 1283 3367 ejus
1296 3308 1356 3355 Sex-

255 3366 333 3427 bnrgs
349 3367 478 3429 imperium
490 3371 597 3430 suscepit
613 3385 689 3432 usqne
705 3372 735 3419 nd
747 3372 811 3435 674:
829 3380 880 3421 turn
899 3373 1015 3421 successit
1024 3372 1064 3421 vei
1081 3373 1213 3420 secundum
1226 3372 1355 3419 Alisedum

255 3428 375 3493 (Florent.
387 3430 501 3496 Genesi.)
513 3434 613 3492 Genius,
627 3436 666 3483 vel
683 3438 816 3484 secundum
832 3438 921 3486 Chron.
935 3439 992 3485 Sur.
1006 3438 1144 3485 AEscwinus
1162 3437 1226 3485 itlius
1242 3436 1355 3491 ecstasi,

254 3509 304 3556 qm
315 3503 413 3545 mortim
423 3500 454 3545 Α.
462 3498 494 3545 D.
503 3495 551 3559 676
561 3501 678 3549 successit
689 3502 830 3549 centwiuns
842 3502 907 3551 filius
915 3502 1039 3565 Cynegilsi
1052 3502 1127 3549 irater
1138 3500 1264 3549 Cenwsili.
1298 3502 1356 3549 Hoc

254 3560 380 3624 mucio,
389 3561 454 3610 sicut
464 3562 540 3610 trudit
549 3563 688 3613 Florentius
703 3565 840 3628 (Genesi),
852 3567 982 3615 Caedwulls
993 3566 1057 3615 filius
1069 3565 1202 3628 Cenbyrbti
1215 3564 1356 3625 n.1).685,

255 3638 332 3687 regno
350 3640 400 3674 non
419 3626 472 3674 sine
493 3628 627 3676 certamine
644 3631 737 3691 potitus
756 3638 801 3678 est.
836 3632 929 3679 Eadem
952 3632 1002 3679 iere
1018 3631 1109 3679 hubent
1126 3629 1281 3688 Ethelwerd„
1299 3629 1357 3677 Gn.

256 3688 396 3747 Mulmesb.,
411 3691 497 3739 Mettis
513 3692 626 3749 Westm.,
638 3692 787 3758 du-Conf.
802 3694 969 3758 Lsppenberg.
983 3695 998 3743 i.
1011 3710 1034 3757 p.
1049 3708 1103 3757 ²54·
1116 3694 1223 3755 'sborpe

289 3765 328 3817 27.
340 3755 474 3818 defunctus
488 3762 526 3804 est
539 3757 590 3818 ills]
612 3758 736 3807 Leutherii
753 3761 846 3809 obitum
865 3761 896 3808 ad
908 3760 936 3808 Α.
946 3762 978 3809 D.
991 3759 1040 3820 676
1056 3760 1131 3809 refert
1147 3760 1238 3809 Chron.
1256 3759 1315 3807 Ssx.
1330 3764 1358 3807 et

255 3818 320 3868 Flos.
332 3819 388 3883 vig.
403 3819 455 3882 (qni
465 3822 530 3869 bunc
543 3822 628 3871 Hteddi
641 3824 761 3871 Huddum
771 3827 861 3889 voest.)
872 3825 942 3873 Obiit
955 3825 1043 3873 Haeddi
1055 3826 1085 3873 A.
1096 3826 1127 3873 D.
1140 3835 1194 3887 705.
1205 3824 1270 3871 infru
1280 3824 1356 3872 v.18.

255 3891 281 3932 et
296 3883 484 3946 distinguendus
495 3892 533 3934 cst
546 3885 576 3933 ub
593 3886 640 3935 elio
655 3887 699 3935 illo
712 3889 806 3937 Haedds
817 3890 861 3950 qui
872 3889 1033 3951 Legecestriae
1044 3888 1171 3950 episcopus
1182 3888 1230 3936 fuit
1238 3888 1269 3935 ab
1280 3887 1309 3936 Α.
1320 3888 1363 3937 Ι).“

255 3946 311 4059 631.
346 3948 401 4061 ἕὶἀ.
415 3950 479 3998 Flos.
492 3950 547 4012 Vig.
559 3966 583 4013 p.
595 3950 650 4000 686.
664 3953 720 4001 Gui.
732 3954 820 4001 Mulrn.
836 3954 903 4002 Gest.
916 3954 990 4002 Pont.
1001 3952 1034 4003 ir.
1046 3968 1070 4015 p.
1085 3954 1140 4002 288.
1153 3960 1179 4001 et
1189 3952 1269 4001 Smitb
1280 3952 1354 4011 inirs,

255 4027 270 4060 n
297 4026 344 4061 v.s
364 4047 371 4061 .

287 4090 326 4139 55.
339 4078 418 4139 sesto]
435 4078 530 4127 Feiellit
546 4079 586 4128 bie
598 4080 730 4130 Duronium
747 4083 823 4131 editio
835 4082 900 4144 Opp.
910 4082 983 4131 Bedae
994 4082 1156 4141 coloniensis,
1167 4081 1209 4144 qui
1223 4081 1278 4129 ioco
1290 4081 1355 4129 sexti

254 4142 386 4203 septimum
396 4143 466 4205 legit,
479 4152 565 4192 conus
576 4146 647 4194 MSS.
658 4155 684 4195 et
694 4148 814 4195 editiones
828 4148 949 4195 meliores.
984 4148 1089 4195 Causam
1102 4146 1237 4195 invasionis
1248 4146 1356 4195 reddunt

254 4206 385 4267 scriptores
395 4207 541 4256 insolentem
553 4210 676 4271 quondum
688 4212 799 4260 Hlourii
811 4228 830 4259 r.
842 4210 937 4260 Cuntiae
955 4212 1147 4273 responsionem,
1159 4218 1208 4273 qus
1225 4217 1307 4258 sutem
1323 4210 1355 4259 de

255 4284 283 4318 re
291 4272 366 4320 tuerit
376 4286 428 4319 non
440 4273 550 4322 truditur.
569 4275 594 4321 S.

286 4346 327 4397 35.
339 4338 393 4384 sine
402 4343 515 4399 respectu
521 4340 636 4402 pietatis]
665 4338 752 4387 Nihilo
765 4347 849 4389 tumen
866 4342 949 4388 minus
962 4338 1070 4388 AEdilred
1083 4340 1192 4389 Sanetus
1204 4354 1218 4387 n
1229 4337 1355 4387 Florentio

254 4399 357 4462 aliisque
367 4408 474 4449 uocauit.
509 4402 620 4451 AEdilred
632 4404 707 4452 buter
718 4404 880 4453 fnitVulieri.
913 4406 1024 4466 Regnum
1043 4405 1149 4467 suscepit
1160 4407 1189 4452 Α.
1199 4405 1230 4452 D.
1243 4404 1299 4465 675.
1312 4405 1355 4451 de-

254 4464 339 4513 iuncto
346 4463 457 4526 vulfero,
468 4467 600 4515 mnndum
610 4468 701 4516 Chron.
710 4468 767 4518 Ssx.
780 4470 844 4517 Flor.
854 4469 909 4531 ing.
917 4470 962 4517 &e
974 4468 1043 4532 (Gul.
1055 4471 1167 4518 Malmes.
1179 4468 1215 4518 sit
1225 4468 1355 4517 Vulierum

253 4528 344 4579 obiisse
355 4529 455 4577 biennio
466 4531 553 4587 serius,
562 4531 656 4581 scilicet
666 4547 732 4580 snno
744 4534 813 4595 regni
825 4534 862 4583 sui
875 4534 970 4583 decimo
982 4533 1070 4597 nouo).
1104 4534 1201 4583 luteres
1216 4548 1273 4596 pers
1287 4533 1354 4583 ocei-
