3100 5125
496 331 660 398 GENTIS
683 333 954 399 ANGLORUM.
1214 335 1293 396 125<

210 480 261 545 'In
275 489 403 548 tantum
424 491 533 548 autem
548 485 614 550 vita
631 485 711 548 illius
731 509 752 548 a
770 487 871 550 nostri
885 485 1038 570 temporis
1056 484 1192 570 segnitia
1214 485 1380 550 ἀίε-ειιιᾱῑι

138 569 280 645 ntehac,
296 576 333 634 ut
349 593 457 635 omnes
472 571 526 655 qui
541 593 613 634 cum
627 593 665 634 eo
680 571 877 648 incedebant,
894 571 958 634 sive
972 570 1109 647 adtonsi,
1125 592 1181 634 seu
1195 569 1275 648 laici,

178 654 325 718 meditari
340 658 512 732 deberent;
536 659 642 734 idest,
658 664 716 720 aut
729 657 870 742 legendis
886 657 1068 741 Scripturis,
1079 663 1137 720 ant
1148 656 1277 741 psalmis

177 739 352 804 §daenes
368 764 497 826 operam
511 746 597 808 dare.
636 743 709 805 Hoc
725 751 795 806 erat
809 742 1028 826 quotidianum
1042 764 1121 826 opus
1136 742 1227 818 illius,
1243 749 1277 806 et

178 825 319 889 omnium
336 827 390 911 qui
409 850 481 890 cum
503 852 540 893 eo
559 833 674 904 terant,
698 828 886 912 ubicumque
907 829 1048 891 locorum
1068 828 1275 891 devenissent.

179 910 226 974 Et
240 911 267 973 si
281 912 364 976 sorte
379 914 543 992 evenisset,
560 915 645 998 quod
659 921 768 977 tamen
782 935 856 977 raro
871 913 983 990 evenit,
999 920 1037 976 ut
1050 914 1093 976 ad
1106 913 1190 999 regis
1204 935 1277 977 con·
1296 976 1300 982 ,

179 995 295 1059 vivium
304 1006 479 1076 vocaretur,
492 1001 635 1066 intrabat
650 1021 721 1062 cum
736 1021 800 1061 nno
815 999 935 1075 clerico,
947 1005 1005 1062 aut
1019 999 1157 1071 duobus;
1174 1005 1208 1062 et
1222 999 1278 1062 ubi

140 1108 168 1157 15
179 1082 341 1165 paululum
364 1084 573 1160 reficiebatur,
601 1085 814 1148 uadceleravit
838 1085 925 1148 ocius
948 1085 990 1148 ad
1015 1085 1183 1169 legendum
1205 1105 1277 1147 cum

180 1167 253 1245 suis,
270 1169 334 1234 sive
348 1171 391 1234 ad
405 1172 560 1234 orandum
579 1172 695 1256 egredi.
741 1169 839 1254 Cujus
853 1169 1004 1254 exemplis
1020 1169 1182 1234 informati
1197 1177 1277 1234 tem-

178 1275 255 1337 pore
277 1253 331 1318 illo
352 1255 489 1342 religiosi
507 1257 622 1341 quique
637 1257 695 1318 viri
716 1278 754 1319 ac
769 1255 902 1331 leminae,
923 1255 1183 1319 consuetudinem
1196 1256 1276 1320 fece-

178 1347 255 1402 runt
277 1363 335 1424 per
359 1348 466 1406 totum
490 1364 617 1418 annum,
644 1347 779 1425 excepta
801 1341 984 1404 remissione
1009 1341 1276 1426 quinquagesimae

178 1425 343 1509 paschalis,
360 1435 498 1512 xquarta
517 1434 552 1491 et
573 1434 664 1491 sexta
679 1427 805 1491 sabbati
816 1427 970 1512 jejunium
984 1428 1027 1489 ad
1041 1449 1158 1490 nonam
1175 1447 1275 1511 usque

178 1509 290 1573 horam
316 1514 483 1596 protelare.
528 1513 699 1596 Nunquam
721 1512 871 1576 divitibus
901 1511 1028 1576 honoris
1057 1513 1121 1576 sive
1150 1512 1275 1576 timoris

177 1595 294 1680 gratia,
319 1599 345 1660 si
369 1621 433 1682 qua
456 1599 668 1683 deliquissent,
695 1598 872 1672 reticebat3
905 1600 961 1661 sed
988 1619 1103 1682 aspera
1131 1597 1199 1661 illos
1227 1597 1275 1660 in·

138 1681 323 1746 resectione
352 1685 542 1770 corrigebat.
596 1684 722 1749 Nullam
750 1683 935 1768 potentibus
963 1683 1070 1747 saeculi
1098 1683 1273 1768 pecunmm,

178 1775 315 1852 excepta
326 1771 521 1834 solummodo
537 1791 610 1834 esca
625 1770 651 1832 si
667 1792 745 1854 quos
760 1769 898 1854 hospitio
912 1769 1112 1854 suscepisset,
1125 1791 1273 1853 umquam

88 1864 115 1951 ‘x
178 1852 255 1916 dare
271 1855 403 1931 solebat,
419 1858 475 1919 sed
493 1878 531 1920 ea
551 1855 657 1940 potius
672 1877 741 1939 quae
757 1854 818 1918 sibi
832 1878 852 1918 a
868 1855 1019 1918 divitibus
1033 1854 1166 1918 donaria
1180 1877 1275 1938 pecu-

117 1972 124 2009 ι,
178 1938 303 2004 niarum
322 1941 549 2026 largiebantur,
565 1941 617 2004 vel
637 1942 669 2004 in
688 1963 763 2004 usus
785 1962 969 2025 pauperum,
990 1947 1028 2003 ut
1049 1939 1194 2016 diximus,
1214 1940 1275 2002 dis-

127 2072 131 2117 ¹
177 2026 342 2110 pergebat,
367 2027 416 2091 vel
441 2028 483 2090 ad
506 2027 757 2111 redemptionem
783 2047 892 2088 eorum
923 2026 977 2108 qui
1006 2025 1123 2109 injuste
1148 2026 1276 2090 fuerant

129 2130 132 2181 ε
178 2111 308 2190 venditi,
328 2112 542 2197 dispensabat.
587 2111 731 2196 Denique
751 2111 869 2174 multos
883 2133 962 2195 quos
977 2111 1080 2196 pretio
1095 2111 1172 2174 dato
1186 2111 1276 2175 rede-

128 2184 132 2209 '
177 2203 290 2274 merat,
306 2200 488 2284 redemptos
510 2197 712 2284 postmodum
734 2217 808 2260 suos
826 2196 997 2281 discipulos
1015 2196 1100 2272 fecit,
1119 2203 1217 2280 atque
1232 2197 1276 2260 ad

115 2304 170 2370 ¹²5
178 2283 409 2348 sacerdotalem
437 2306 536 2368 usque
573 2283 708 2370 gradum
743 2281 914 2346 erudiendo
947 2289 1044 2366 atque
1079 2281 1277 2346 instituendo

112 2416 117 2424 ‚
179 2369 333 2434 revexit.

177 2391 198 2453 p
222 2454 347 2519 Ferunt
361 2462 469 2519 autem
483 2453 558 2538 quia
572 2475 644 2517 cum
659 2453 703 2517 de
713 2452 877 2538 provincia
892 2454 1076 2517 Scottorum
1086 2475 1142 2517 rex
1155 2453 1416 2527 Osualdpmm

177 2541 372 2625 postulasset
395 2540 582 2618 antistitem,
607 2538 662 2623 qui
686 2539 746 2603 sibi
776 2561 903 2624 suaeque
932 2538 1021 2625 genti
1045 2540 1175 2603 verbum
1199 2539 1274 2604 fidei
1283 2555 1331 2589 ⁵⁰¹·

177 2626 383 2702 ministraret,
406 2627 520 2691 missus
541 2624 638 2689 fuerit
659 2624 762 2710 primo
785 2625 866 2688 alius
888 2625 1073 2688 austerioris
1096 2624 1194 2688 animi
1215 2624 1273 2703 vir,

178 2712 321 2797 quicum
340 2713 522 2797 aliquandiu
540 2711 629 2797 genti
644 2712 823 2809 Anglorum
844 2710 1021 2795 praedicans
1043 2708 1123 2773 nihil
1142 2710 1274 2795 profice-

177 2804 237 2876 ret,
253 2821 312 2863 nec
327 2799 462 2862 libenter
476 2822 496 2863 a
509 2798 626 2882 populo
641 2797 815 2873 audiretur,
827 2796 958 2860 redierit
971 2794 1119 2880 patriam,
1131 2802 1230 2879 atque
1240 2796 1274 2859 in

136 2889 336 2956 3oeonventu
353 2883 512 2947 seniorum
530 2882 776 2967 retulerit,·quia
796 2882 840 2945 nil
859 2882 1008 2966 prodesse
1023 2881 1166 2945 docendo
1184 2881 1274 2980 genti

177 2970 331 3053 adquam
344 2969 458 3033 missus
472 2975 552 3045 erat,
568 2968 733 3053 potuisset,
749 2990 788 3031 eo
803 2968 888 3051 quod
903 2972 1009 3030 essent
1027 2966 1171 3030 homines
1184 2968 1273 3031 rudo

175 3054 316 3133 mabiles,
340 3062 373 3118 et
395 3056 483 3118 durae
505 3077 543 3118 ao
564 3054 709 3119 barbarae
727 3052 854 3117 mentis.
899 3053 948 3116 At
967 3052 1025 3129 illi,
1036 3058 1073 3115 ut
1094 3053 1274 3136 perhibent,

176 3147 354 3205 tractatum
376 3162 527 3225 magnum
550 3140 583 3202 in
607 3138 740 3205 concilio
765 3138 841 3223 quid
862 3145 947 3203 esset
968 3138 1137 3223 agendum,
1157 3139 1275 3203 habere

177 3233 369 3311 coeperrmt3
404 3226 621 3289 desiderantes
647 3224 775 3310 quidem
804 3224 893 3309 genti
923 3246 1018 3308 quarn
1047 3225 1273 3308 rpetebantur,

176 3312 272 3375 saluti
298 3334 375 3391 esse,
401 3312 457 3375 sed
479 3312 518 3375 de
541 3332 605 3373 non
626 3318 757 3395 recepto
776 3332 871 3393 quem
890 3310 1042 3373 miserant
1063 3310 1275 3394 praedicatore

133 3417 167 3469 3⁵
177 3397 330 3461 dolentes.
376 3397 466 3461 Tunc
481 3396 529 3461 ait
543 3396 665 3472 AEdan,
681 3418 756 3459 nam
771 3402 805 3459 et
820 3396 888 3480 ipse
903 3395 1037 3459 concilio
1052 3394 1216 3472 intererat,
1232 3395 1275 3459 ad

177 3504 250 3547 eum
265 3484 304 3547 de
319 3504 381 3567 quo
396 3484 553 3568 agebatur
568 3482 785 3545 sacerdotem:
818 3481 950 3544 Vadatur
967 3481 1052 3557 mitt,
1065 3482 1180 3563 frater,
1201 3482 1275 3565 quic

210 3648 342 3696 tacendis
352 3648 382 3695 V.
467 3648 686 3711 ternatsrctram
698 3648 791 3695 C.L.G.
832 3637 836 3644 ’
883 3646 1139 3695 caementatum
1231 3654 1275 3691 xa

176 3719 269 3777 quarta
281 3714 311 3761 G.
411 3714 551 3775 rpetetant
561 3716 667 3761 salutem
679 3712 709 3759 V.

211 3873 249 3907 ιο.
266 3860 407 3922 emptoris]
428 3859 485 3905 Non
497 3859 627 3907 defuerunt
643 3858 685 3906 alii
702 3858 769 3916 libri,
787 3858 807 3905 si
825 3858 857 3905 H.
871 3856 974 3905 Boethio
985 3856 1054 3913 fides,
1065 3853 1152 3916 quibus
1163 3852 1276 3912 legendis

175 3938 273 3985 operam
286 3924 380 3971 darent.
414 3925 503 3970 Arcam
516 3924 581 3972 enirn
597 3923 666 3970 libris
681 3923 796 3970 refertam
808 3923 939 3983 Fergnsius
951 3936 970 3969 r.
984 3936 999 3967 a
1012 3921 1090 3968 Roma
1101 3920 1195 3978 direpta
1205 3918 1275 3964 detu·

176 3989 213 4047 lit,
226 3995 252 4036 et
269 3988 294 4034 in
312 3987 432 4035 Hebrides
450 4002 531 4034 secum
549 3989 711 4048 deportatam,
728 3988 753 4033 in
772 3987 834 4034 lona
849 3987 931 4033 insula
946 3986 1044 4044 locavit,
1062 3983 1135 4033 simul
1151 3996 1206 4029 curn
1224 3984 1286 4028 aaa·

177 4054 256 4114 gentis
275 4052 372 4113 egregie
391 4053 465 4113 gestis
484 4052 509 4098 in
529 4053 623 4100 codices
643 4052 752 4099 redactis.
788 4051 856 4097 Hinc
873 4051 947 4111 longa
965 4048 1104 4110 expectatio
1122 4048 1152 4103 de
1172 4046 1274 4108 perditis

175 4116 206 4165 T.
220 4117 284 4165 Livii
298 4116 444 4164 Decadibus.
478 4118 559 4176 Atque
575 4117 612 4163 his
623 4117 694 4163 fidem
707 4115 773 4163 dedit
791 4117 884 4163 Hector
900 4128 949 4161 non
967 4113 1075 4175 generali
1086 4119 1183 4168 tautum
1195 4125 1274 4157 asser-

176 4182 254 4240 tione,
267 4182 308 4230 sed
321 4178 442 4242 personali
454 4180 595 4228 testimonio
609 4195 707 4228 suorum
724 4180 801 4240 ipsius
814 4180 950 4233 oculorum,
963 4178 1050 4239 quibus
1062 4177 1167 4243 aliqum
1179 4176 1275 4222 charta-

174 4260 231 4294 rum
244 4254 336 4307 partem
348 4246 420 4305 vidit,
431 4260 562 4307 earumque
573 4245 758 4306 descriptionem
772 4244 885 4303 confecit,
897 4242 1087 4291 circumstantiis
1098 4242 1160 4306 κάη
1169 4239 1286 4294 minutis·

53 4343 79 4387 q*
90 4336 101 4363 ›,
175 4310 332 4372 explicatam,
344 4315 373 4357 ut
385 4310 431 4357 nisi
443 4324 561 4357 concussa
573 4309 679 4357 auctoris
691 4309 821 4369 probitate,
834 4308 981 4355 narrationis
993 4308 1118 4355 veritatem
1133 4304 1273 4370 iqbcbinm

26 4374 36 4393 ⁸
68 4357 138 4447 ,b
175 4375 424 4436 revocarepucuum
437 4375 476 4421 su.
500 4373 761 4421 venenosarum.
774 4374 801 4421 s.

41 4438 54 4515 ’ἶ
176 4438 422 4569 *tttttttttl
433 4436 936 4564 ltlzttttgtttt?baldat?
949 4435 1089 4563 gaqum,
1101 4436 1143 4484 ¹³¹³·
1156 4434 1190 4482 ὴ·
1209 4433 1235 4480 ⁵·
