3100 5125
1237 332 1279 395 48

799 486 909 560 '‘im”
929 497 1009 539 m
1031 476 1142 543 m
1163 490 1278 563 imma

677 562 719 624 'ni
736 562 833 625 contri
851 582 931 625 anun
945 562 1057 625 maran
1075 564 1169 640 tertio,
1183 563 1281 629 iudic-

603 796 710 860 OAP.
734 796 854 859 XXV.

181 897 219 953 Ut
231 899 339 954 venienti
351 898 519 955 Brittaniam
536 901 713 974 Aayantinua,
730 904 822 975 primo
839 902 867 956 in
885 902 974 957 incula
996 904 1105 967 Tanain,
1126 904 1186 978 rcyi
1207 904 1277 960 Can·

219 980 367 1033 tuariarmn
382 980 566 1052 predicarem
587 989 613 1037 et
626 981 668 1039 aie
681 978 791 1055 accepta
805 982 839 1037 ab
852 1000 882 1037 co
902 981 1019 1045 licentia.
1037 982 1159 1039 Cantium
1175 986 1277 1057 pradi-

136 1080 167 1127 ²⁵
219 1066 329 1113 amarae
344 1059 498 1115 intraverit.

221 1150 403 1213 Ronomruc
420 1173 496 1237 ergo
516 1152 757 1217 confirmatione
771 1153 859 1217 beati
874 1152 976 1236 patrie
991 1154 1137 1238 Gregorii
1152 1154 1278 1240 Augus·
1295 1167 1323 1216 A.
1333 1170 1364 1217 D.
1375 1182 1431 1231 ⁵⁹7·

177 1234 265 1300 tinus
286 1256 358 1298 cum
379 1235 505 1300 famulis
527 1236 647 1301 Ohn'nti
669 1238 724 1321 qui
746 1245 841 1301 eraut
861 1259 933 1301 cum
955 1259 1001 1314 co,
1025 1238 1121 1302 rediit
1143 1240 1176 1303 in
1198 1262 1277 1324 opus
1286 1234 1419 1345 3¹3⁰ssstst

176 1319 273 1396 uerbi,
296 1321 503 1405 pervenitque
525 1321 730 1386 Brittaniam.
774 1322 857 1387 Erat
879 1344 918 1386 eo
937 1329 1081 1407 tompore
1101 1346 1158 1387 rex
1176 1326 1277 1389 AEdil·
1317 1306 1412 1347 *⁰⁰⁸⁰*

176 1405 305 1468 berctus
334 1406 367 1467 in
397 1406 513 1471 Guntia
540 1406 789 1491 potentissimus,
820 1408 874 1491 qui
904 1408 948 1471 ad
976 1408 1146 1471 confinium
1178 1431 1216 1473 ue
1237 1433 1277 1475 uo

178 1489 367 1553 mHumbrae
381 1490 519 1555 fluminis
538 1491 669 1555 maximi
690 1513 752 1575 quo
772 1492 939 1557 meridiani
957 1500 991 1557 et
1013 1433 1276 1576 septentriomiiee

133 1573 356 1659 30Anglorum
377 1576 485 1675 populi
507 1576 709 1652 dirimuntur,
730 1577 810 1639 fines
832 1576 956 1661 imperii
976 1578 1169 1641 tetenderat.
1215 1579 1276 1645 Est

175 1666 286 1723 autem
314 1660 358 1724 ad
385 1662 571 1725 orientalem
601 1661 724 1725 Guntia
753 1661 880 1747 plagam
911 1661 1053 1727 Tanatoe
1081 1662 1184 1726 insuia
1213 1684 1276 1727 non

175 1744 310 1821 modica,
321 1744 357 1808 id
365 1752 424 1823 ent,
436 1745 664 1831 magnitudinis
675 1748 771 1831 juxta
781 1746 1041 1811 consuetudinem
1054 1747 1276 1813 aestimationis
1336 1790 1339 1794 -

177 1828 363 1913 Angiorum‚
379 1829 571 1895 familiarum
590 1838 821 1907 sexcentarum,
838 1853 933 1915 quam
952 1854 973 1897 a
994 1830 1171 1896 continenti
1188 1838 1276 1899 terra

175 1914 312 1978 secernit
333 1914 446 1980 fluvius
476 1916 652 1993 Vantaama,
675 1915 730 2000 qui
752 1923 803 1981 eet
827 1915 1007 1981 latitudinis
1029 1915 1156 1983 circiter
1175 1916 1275 1981 trium

175 1997 360 2076 stadiorum,
390 2007 424 2064 et
453 2002 576 2064 duobue
604 2007 734 2065 tuntum
761 2001 796 2064 in
824 2000 902 2067 locis
931 2008 982 2065 eet
1017 2001 1272 2067 transmeabilis:

175 2090 347 2167 utrumqne
368 2084 453 2148 euim
474 2092 573 2170 caput
593 2086 758 2169 protendit
779 2086 813 2148 in
835 2107 932 2149 mare.
979 2086 1017 2147 In
1039 2086 1099 2149 hac
1121 2107 1198 2171 ergo
1219 2088 1274 2153 ad·

132 2192 165 2242 ³5
174 2167 286 2251 plicuit
300 2191 409 2233 cervus
423 2170 553 2233 Domini
569 2170 779 2255 Augmtinue,
795 2177 831 2234 ot
847 2170 923 2233 socii
938 2171 1006 2254 ejus
1021 2169 1089 2246 viri,
1107 2172 1273 2249 atterunt,

174 2252 274 2316 ferme
299 2254 521 2339 quadraginta.
566 2257 772 2339 Acceperunt
801 2262 918 2330 autem,
945 2254 1148 2338 praecipiente
1178 2257 1275 2321 beato

173 2338 439 2500 iiiiii}
453 2340 896 2489 &intimarit
935 2346 1029 2488 Ἤ
1042 2339 1274 2489 θὲἶῗῖἑιῖῗιὲᾚ

173 2508 255 2571 ferre
281 2508 445 2592 optimum,
471 2510 525 2595 qui
553 2508 614 2574 eibi
643 2508 952 2595 obtemperantibus,
977 2515 1100 2574 aeterna
1127 2508 1161 2571 in
1190 2510 1274 2574 coelia

172 2593 299 2677 gaudia,
320 2600 392 2658 etr
452 2617 509 2658 um
529 2595 597 2659 eine
613 2596 676 2660 fine
698 2618 771 2660 cum
791 2596 861 2658 Deo
879 2594 949 2659 vivo
969 2601 1004 2658 ct
1024 2615 1099 2658 vero
1121 2595 1272 2672 futurum,

173 2677 242 2741 eine
263 2679 326 2742 ulia
348 2680 416 2741 ndu
437 2679 537 2743 ietate
558 2681 771 2764 promitteret.
815 2680 877 2760 Qui
899 2680 967 2744 haec
988 2678 1129 2754 audiens,
1145 2701 1273 2744 manere

130 2761 243 2831 willon
258 2763 292 2826 in
311 2785 350 2826 ea
364 2785 460 2848 quam
476 2764 623 2829 adierant
645 2765 756 2842 maula,
772 2772 807 2829 et
828 2765 873 2828 eie
892 2763 1069 2828 necessaria
1088 2762 1271 2840 ministrari,

174 2847 275 2911 donoc
289 2847 411 2912 videret
425 2849 501 2934 quid
515 2849 561 2912 ein
574 2850 702 2928 iaceret,
715 2849 820 2934 jussit.
866 2849 950 2914 Nam
967 2855 1000 2912 et
1016 2855 1113 2912 antea
1128 2848 1213 2912 fama
1230 2850 1273 2913 nd

122 2937 160 2994 61
173 2952 247 2995 eum
265 2931 455 2997 Christianae
475 2934 636 3018 religionis
656 2941 854 3019 pervenerat,
876 2939 989 3018 utpote
1010 2932 1064 3016 qui
1084 2940 1118 2996 et
1140 2953 1271 2997 uxorem

173 3016 315 3081 habebat
340 3018 555 3082 Christianam
579 3020 618 3082 de
647 3026 743 3104 geute
770 3019 967 3082 Francorum
995 3017 1092 3102 regia,
1120 3018 1272 3081 vocabulo

173 3100 330 3177 ⁰Bercta3
366 3125 461 3188 quam
490 3125 529 3167 ea
557 3104 738 3168 conditione
767 3127 789 3167 a
818 3103 1003 3188 parentibus
1029 3109 1204 3186 acceperat,
1234 3109 1271 3182 ut

171 3185 269 3249 ritum
284 3186 359 3250 fidei
373 3209 411 3252 ac
424 3187 585 3273 religionis
600 3210 664 3252 euae
680 3211 752 3252 cum
766 3189 913 3273 episcopo
928 3209 1022 3271 quem
1042 3187 1070 3249 ei
1091 3187 1270 3269 adjutorem

235 3365 259 3394 m
270 3356 378 3404 Honori
389 3355 421 3404 V.
557 3368 572 3396 n
583 3357 736 3404 Matiane
746 3356 775 3402 V.
903 3366 917 3394 0
929 3357 1027 3402 nomine
1038 3357 1159 3403 Beretum
1172 3353 1202 3401 V.

205 3517 242 3567 η.
251 3510 414 3570 pervenitque
425 3508 595 3570 Brittaniam]
612 3509 640 3556 Α.
649 3509 682 3556 D.
695 3520 749 3571 597.
767 3509 802 3555 ait
819 3509 885 3556 Beda
900 3509 925 3555 in
943 3507 1057 3568 Epitome
1075 3507 1132 3553 infr.
1148 3509 1213 3555 adr.
1227 3523 1268 3568 ²4·

171 3569 257 3630 itaque
268 3570 487 3632 Augustianorum
499 3573 571 3622 sociis
582 3573 633 3620 cuia
644 3573 747 3620 hiemem
760 3573 818 3620 anni
828 3571 879 3636 ‘596
890 3572 916 3618 in
929 3572 1010 3619 Gallia
1022 3577 1131 3633 egerunt.

204 3633 242 3681 28.
255 3649 281 3680 ec
293 3641 399 3698 ternpore
410 3636 466 3697 rer]
483 3639 582 3684 Annum
595 3637 662 3698 regui
675 3637 712 3684 cui
725 3652 801 3697 egeus
813 3636 961 3684 tricesimum
973 3635 1102 3695 septimum
1115 3635 1187 3695 juxta
1198 3633 1269 3682 Beda

169 3699 377 3758 computationem
393 3701 450 3748 intr.
462 3701 487 3746 ii.
500 3716 522 3762 5.
548 3700 649 3748 initium
666 3701 734 3762 regni
751 3701 804 3760 ejus
822 3701 851 3747 ad
865 3704 893 3747 Α.
902 3700 935 3748 D.
947 3699 995 3762 560
1013 3700 1082 3760 ponit
1097 3699 1185 3746 chron.
1199 3699 1267 3752 Sex„

170 3761 260 3809 Manu.
272 3763 385 3818 Weatm„
397 3763 496 3824 aliique,
509 3765 540 3814 ud
551 3762 596 3825 561
612 3764 675 3812 Flor.
687 3763 752 3827 Vig„
764 3765 895 3826 Sigebert„
908 3764 1026 3812 Hermon.
1037 3763 1171 3818 Continet,
1183 3761 1229 3808 &a

202 3838 242 3884 32.
248 3826 422 3888 familiarum]
438 3827 558 3875 Hidarum
571 3829 622 3876 eive
632 3837 822 3878 carrucatarum.
840 3827 923 3876 Portio
931 3835 1001 3876 terrra
1011 3834 1048 3874 est
1059 3835 1156 3873 centum
1169 3825 1267 3873 circiter

170 3903 281 3936 acrarum
293 3889 364 3950 cujus
376 3890 471 3938 cultura
481 3893 581 3939 familiae
593 3891 685 3940 alenda
696 3891 809 3940 sufficiat.
824 3893 849 3939 S.

204 3951 242 4012 36.
255 3955 412 4016 interpreter]
430 3955 557 4016 Nonquia
575 3956 669 4018 utrique
686 3956 774 4017 populo
792 3956 856 4004 idem
874 3969 953 4002 nermo
965 3954 1028 4001 fuit:
1046 3967 1102 4000 num
1117 3953 1266 3999 Francorum

168 4017 278 4078 linguam
292 4017 377 4079 Angiis
387 4018 537 4080 incognitam
550 4021 624 4067 fuisse
636 4020 671 4066 nit
683 4019 749 4067 Beda
761 4020 834 4075 inira,
845 4019 870 4065 in
881 4019 944 4066 Hiet.
956 4018 1041 4066 Abbat.
1052 4029 1091 4076 15.
1109 4015 1156 4062 Sed
1168 4021 1266 4076 pmpter

168 4081 273 4128 muitum
285 4082 395 4141 gentium
407 4083 590 4141 commercium,
601 4091 627 4130 et
641 4086 772 4144 pracsertim
790 4083 880 4142 regina
895 4081 990 4130 Berthm
1006 4081 1110 4140 nuptias,
1123 4079 1190 4126 fuere
1200 4079 1266 4126 inter

169 4144 275 4191 Francos
286 4145 326 4193 vel
337 4145 411 4206 Angli
423 4147 461 4194 rel
473 4147 517 4206 qui
527 4147 656 4208 Angiicam
675 4148 784 4208 linguam
794 4146 936 4193 didicerant.
970 4145 1060 4191 Nescio
1076 4150 1157 4190 minen
1174 4157 1204 4189 an
1223 4155 1265 4202 per

169 4207 213 4255 hoa
224 4208 367 4268 interpretes
378 4209 445 4257 Beda
451 4211 578 4271 designare
587 4211 647 4258 velit
659 4210 714 4257 ilios
722 4212 817 4272 aliqum
824 4210 978 4270 presbyteros
986 4222 1048 4269 quos
1057 4206 1195 4268 Augustino
1204 4219 1265 4267 praa-

168 4271 233 4332 cepit
250 4272 381 4332 Gregorius
397 4280 426 4321 ut
440 4289 522 4321 rerum
538 4289 551 4320 e
567 4276 646 4321 vidae
662 4275 770 4333 duceret,
789 4274 814 4320 in
831 4288 880 4333 qua
897 4287 923 4320 rc
941 4273 1088 4319 Francorum
1105 4270 1178 4317 etiam
1198 4283 1267 4330 regen

167 4333 347 4385 'i'neodoricnm
359 4345 384 4386 et
394 4337 600 4395 T'hwdebertnm,
610 4338 707 4384 Berthrc
722 4336 839 4398 patareiia
850 4336 922 4397 filios,
934 4337 1030 4398 rogarit
1042 4341 1069 4381 nt
1080 4349 1106 4381 sc
1119 4334 1228 4381 iuventa·
1239 4340 1266 4381 et

168 4399 291 4457 adjutores
302 4402 443 4460 prmberent.
465 4402 520 4449 Vid.
534 4401 611 4462 Epist.
623 4401 655 4448 vi.
669 4399 708 4463 58.

203 4478 223 4510 ι.
237 4464 342 4524 Bercta]
359 4465 414 4512 Fuit
424 4465 573 4514 Charibemti
581 4466 729 4513 Francorum
742 4464 806 4525 regia
817 4464 876 4524 filia,
888 4472 913 4512 ct
924 4462 1042 4512 clotharii
1053 4461 1125 4523 primi
1138 4460 1224 4522 neptia.
1237 4459 1263 4506 S.

689 4529 744 4589 ot
