3100 5125
198 348 671 415 UUIBEMUTHENSIUM
695 350 753 413 ΕΤ
777 352 1137 417 eYaUUENSIUM.
1182 358 1242 419 321

64 505 134 586 296
150 503 227 566 bato
255 524 294 567 ao
322 504 508 588 presbytero
540 503 706 580 Oeolfrido,
739 504 933 569 Benedictus
969 507 1114 569 consultu
1150 507 1246 570 immo

150 588 250 653 etiam
267 586 357 672 jussu
379 588 505 674 praefati
528 585 672 674 Bcgfridi
692 589 786 674 regis,
801 590 1028 655 monasterium
1046 591 1133 655 beati
1153 592 1245 655 Pauli

150 674 287 758 apostoli
301 675 490 752 construxit,
503 697 542 738 ea
556 676 715 738 duntaxat
729 675 863 752 ratione,
879 682 916 740 ut
934 699 997 739 una
1011 676 1176 761 utriusque
1186 677 1246 740 loci

151 781 216 908 pix
238 761 995 910 ect303103qffiqbpsptttippam
1007 768 1247 911 ttttffltt

128 866 269 1013 sipirialta
274 894 339 993 nori
359 936 467 1014 potest
489 930 590 1006 avelli,
613 867 710 1014 edbrit
733 869 874 1015 ebrpdiis
894 932 961 994 sine
974 870 1048 1031 “pm
1068 870 1151 996 ulriou
1162 870 1248 996 iivit·

151 1016 262 1099 nequit
277 1016 424 1093 oblivisci,
440 1016 487 1079 ita
501 1017 604 1079 nullus
620 1017 706 1079 ¹haec
720 1016 914 1080 monasteria
932 1040 1107 1100 prrmorum
1121 1024 1247 1101 aposto-
1348 1093 1351 1099 ¹

151 1100 255 1164 lorum
277 1102 420 1165 fraterna
442 1101 595 1165 societate
613 1102 801 1186 rconjunaa
823 1102 930 1186 aliquo
951 1104 993 1165 ab
1016 1102 1148 1166 invicem
1168 1109 1247 1166 tem-

151 1192 260 1271 ptaret
274 1185 455 1250 disturbare
470 1194 596 1251 conatu.
641 1186 818 1250 Oeolfridus
837 1194 945 1251 autem
965 1188 1026 1264 hic,
1043 1209 1138 1271 quem
1151 1189 1248 1251 abba

151 1278 219 1335 tem
233 1271 401 1336 constituit
411 1271 612 1348 Benedictus,
624 1294 645 1335 a
655 1272 766 1354 primis
781 1271 921 1337 instituti
934 1273 1119 1336 monasterii
1134 1272 1249 1356 prioris

152 1356 291 1419 exordiis
312 1357 442 1441 adjutor
461 1356 506 1419 illi
526 1378 585 1440 per
605 1356 712 1421 omnia
733 1358 968 1421 strenuissimus
983 1359 1105 1435 aderat,
1125 1364 1158 1421 et
1178 1379 1249 1420 cum

152 1463 191 1523 eo
219 1448 362 1525 tempore
392 1464 533 1527 congruo
556 1442 692 1506 Romam
721 1442 861 1505 discendi
890 1442 1067 1507 necessaria
1096 1442 1189 1507 simul
1217 1450 1250 1506 et

114 1526 308 1591 ¹0adorandi
332 1528 438 1611 gratia
462 1528 597 1592 adierat.
650 1528 720 1606 Quo
743 1535 888 1612 tempore
911 1528 1008 1592 etiam
1029 1531 1249 1613 presbyterum

153 1612 400 1676 ²Basteruinum
424 1613 463 1675 de
492 1612 684 1677 monasterio
709 1614 797 1677 beati
821 1613 911 1677 Petri
941 1613 1058 1698 eligens
1087 1615 1248 1690 abbatem,
1258 1632 1404 1684 Easterutni.

153 1696 256 1762 eidem
274 1698 469 1762 monasterio
487 1698 618 1784 regendi
636 1698 709 1782 jure
725 1698 888 1783 praefocit:
912 1704 949 1762 ut
968 1720 1062 1783 quem
1082 1699 1165 1762 solus
1185 1720 1249 1761 non

152 1789 282 1867 poterat
295 1782 446 1857 laborem,
462 1784 548 1848 socia
566 1782 759 1847 dilectissimi
780 1783 1001 1848 commilitonis
1015 1784 1133 1848 vi1tute
1151 1784 1249 1847 levius

152 1868 260 1931 ferret.
305 1868 371 1931 Neo
385 1871 427 1932 ab
442 1890 477 1932 re
490 1868 638 1932 videatur
651 1868 799 1951 cuiquam
814 1870 893 1931 duos
908 1891 1005 1931 unum
1019 1868 1249 1932 monasterium

153 1952 246 2017 simul
272 1952 420 2018 habuisse
442 1955 586 2019 abbates.
633 1954 725 2017 Fecit
747 1955 808 2017 hoc
830 1954 978 2037 frequens
1000 1954 1082 2018 illins
1104 1975 1163 2038 pro
1185 1976 1251 2016 mo-

153 2038 286 2103 nasterii
314 2038 454 2103 utilitate
485 2038 648 2124 profectio,
673 2041 784 2101 creber
809 2046 899 2103 trans
925 2061 1077 2102 oceanum
1107 2060 1251 2124 egressus

115 2137 144 2185 ¹5
154 2123 355 2209 incertusque
369 2146 540 2209 regressus.
585 2124 669 2187 Nam
688 2130 722 2187 et
741 2122 959 2187 beatissimum
974 2124 1108 2188 Petrum
1123 2130 1250 2208 aposto-

153 2209 219 2272 lum
234 2210 344 2273 Itomae
359 2210 525 2294 pontifices
544 2211 604 2273 sub
627 2231 661 2273 se
681 2211 760 2273 duos
782 2232 839 2294 per
859 2210 1001 2273 ordinem
1020 2210 1062 2273 ad
1080 2209 1252 2294 regendam

154 2294 331 2361 Ecclesiam
345 2294 548 2358 constituisse
568 2317 665 2359 causa
682 2295 824 2358 instante
844 2294 1021 2359 necessaria
1040 2295 1174 2358 tradunt
1188 2293 1251 2357 his-

153 2379 255 2444 torice.
293 2380 338 2446 Et
352 2379 420 2464 ipse
436 2402 570 2466 magnus
585 2382 685 2444 abbas
700 2379 901 2458 Benedictus,
918 2380 1002 2443 sicut
1016 2381 1056 2441 de
1071 2379 1123 2442 illo
1137 2381 1252 2443 beatus

153 2487 240 2550 papa
268 2465 440 2550 Gregorius
474 2466 594 2541 scribit,
625 2465 791 2529 duodecim
824 2466 957 2529 abbates
986 2465 1050 2527 suis
1065 2464 1250 2549 discipulis,

154 2557 251 2636 prout
271 2551 349 2616 utile
370 2551 535 2636 judicavit,
560 2552 627 2615 sine
651 2550 820 2615 charitatis
845 2550 1046 2627 detrimento,
1071 2550 1167 2613 immo
1193 2572 1253 2636 pro

154 2643 327 2722 augmento
342 2637 509 2702 charitatis
523 2637 674 2722 praefecit.

113 2743 147 2778 το
201 2740 232 2802 7.
254 2721 399 2806 Suscepit
413 2722 512 2808 igitur
524 2728 719 2787 memoratus
730 2721 778 2785 vir
793 2743 901 2785 curam
915 2721 1099 2785 monasterii
1111 2721 1250 2806 regendi,
1260 2731 1289 2779 Α.
1298 2732 1330 2778 D.
1341 2729 1396 2778 682.

154 2828 240 2870 nono
254 2830 295 2871 ex
310 2829 373 2892 quo
386 2807 555 2872 fundatum
574 2815 623 2872 est
643 2828 737 2871 anne.
783 2807 964 2871 Permansit
983 2807 1016 2869 in
1039 2828 1076 2870 eo
1096 2807 1252 2889 usquead

154 2892 277 2956 obitum
291 2914 383 2956 suum
397 2893 489 2957 annis
503 2899 651 2978 quatuor,
666 2892 715 2956 vir
728 2892 851 2970 nobilis,
867 2893 924 2955 sed
938 2891 1062 2977 insigne
1076 2891 1252 2954 nobilitatis

153 2999 218 3040 non
239 2979 280 3042 ad
299 2979 464 3062 jactantiae
490 2979 664 3054 materiem,
687 2984 725 3041 ut
749 2977 886 3060 quidam,
910 2978 1155 3061 despectumque
1176 2976 1251 3039 alio-

155 3085 235 3141 rum,
261 3064 317 3127 sed
341 3064 385 3128 ad
409 3064 571 3149 majorem,
592 3070 630 3127 ut
654 3063 716 3126 Dei
743 3085 867 3126 servum
894 3063 994 3139 decet,
1019 3061 1116 3125 animi
1143 3061 1254 3124 nobilis

155 3154 258 3213 tatem
276 3155 473 3213 convertens.
523 3149 683 3212 Patruelis
702 3149 818 3234 quippe
838 3153 908 3211 erat
931 3147 1058 3211 abbatis
1082 3147 1130 3210 sui
1153 3147 1254 3210 Bene·
1316 3152 1320 3162 ‘

114 3251 145 3303 25
156 3233 243 3312 dicti,
264 3236 320 3299 sed
342 3236 508 3298 amborum
530 3241 624 3298 tanta
643 3233 759 3296 mentis
779 3233 967 3318 ingenuitas,
989 3233 1063 3296 talis
1084 3233 1251 3295 mundanae

155 3319 362 3405 ingenuitatis
376 3319 438 3382 fuit
452 3341 511 3404 pro
531 3319 628 3382 nihilo
648 3326 860 3402 contemptus,
876 3325 913 3382 ut
933 3340 1035 3403 neque
1055 3317 1115 3381 iste
1129 3339 1252 3380 monas-

154 3404 273 3468 terium
291 3404 461 3490 ingressus,
482 3405 619 3488 aliquem
643 3404 702 3467 sibi
721 3425 788 3488 prae
809 3403 923 3467 ceteris
947 3405 988 3466 ob
1007 3403 1158 3466 intuitum
1180 3424 1252 3465 con·

156 3567 302 3678 θυῖον.
386 3568 496 3613 xauusn
507 3566 659 3612 monasteria
670 3564 699 3610 V.
795 3564 953 3611 ycoaviacta
961 3563 990 3609 V.
1076 3560 1254 3609 onsteanint

175 3636 221 3679 tu
239 3630 304 3690 ique.

190 3791 212 3825 1.
224 3777 246 3824 i.
259 3777 347 3839 Paula]
367 3776 547 3825 Monastcrium
564 3777 610 3824 hoc
621 3790 661 3823 an.
673 3773 729 3823 682.
742 3771 866 3820 inchoavit
881 3770 1037 3831 Benedictus,
1050 3770 1188 3818 ceolfridus
1199 3784 1253 3830 per-

155 3842 215 3890 fecit
231 3857 270 3889 an.
284 3841 347 3902 6843
367 3842 392 3888 id
408 3842 473 3902 quod
489 3848 593 3889 testatur
609 3848 680 3887 vetus
698 3837 826 3897 inscriptio
845 3836 931 3897 parieti
950 3835 1058 3883 ecclesia
1077 3835 1199 3895 quondam
1215 3834 1253 3880 in·

156 3907 252 3966 sculpta
268 3907 332 3954 hunc
348 3908 374 3952 in
391 3907 509 3953 modumz
527 3905 661 3954 Dediccfio
672 3903 807 3950 ecclesiane.
821 3900 900 3948 Pauli
910 3899 952 3947 viii
966 3900 1063 3946 kalend.
1078 3899 1149 3954 Maii,
1166 3913 1208 3945 aa.
1220 3913 1253 3945 xv

155 3964 280 4032 Ecgfridi
290 3973 368 4030 regis,
385 3969 502 4031 Ceolsra'di
512 3970 608 4016 abacto
618 3967 726 4028 ejasdern
742 3966 847 4013 ecclesie
859 3965 914 4012 Deo
926 3970 1028 4011 auctore
1044 3964 1175 4010 conditoris
1186 3977 1252 4009 cano

145 4035 188 4081 ir.
204 4036 229 4081 S.
263 4034 327 4082 Flor.
339 4034 395 4095 Vig.
408 4033 437 4081 A.
445 4034 479 4081 D.
491 4033 546 4081 682.
583 4033 630 4080 Sed
641 4032 731 4080 mirum
748 4037 786 4079 est
796 4029 895 4076 Baedam
908 4043 997 4076 nomen
1010 4027 1047 4076 sui
1059 4027 1209 4086 monasterii,
1223 4027 1252 4073 lu

156 4099 274 4161 Gyrvom,
283 4100 362 4147 silere.
397 4098 469 4145 Geni.
481 4113 505 4145 v.
516 4111 555 4146 21.

189 4175 228 4223 15.
244 4164 289 4209 cub
304 4178 330 4210 se
347 4162 416 4223 duos]
436 4163 533 4222 Nempe
548 4161 638 4208 Linum
653 4166 679 4207 et
695 4160 806 4219 cletum„
819 4157 870 4205 sire
886 4159 1043 4212 Anacletum,
1060 4169 1122 4216 quos
1139 4154 1253 4201 nonnulli

155 4227 310 4274 crediderunt
326 4227 401 4274 fuisse
417 4226 543 4286 episcopos
559 4227 646 4274 Roma
662 4231 719 4271 ante
736 4224 888 4271 Clementem
906 4222 1003 4268 vivente
1021 4221 1109 4276 Petro;
1130 4233 1185 4266 cum
1198 4219 1252 4265 Cie-

154 4305 226 4338 meus
238 4297 323 4352 postea
333 4291 398 4338 Petri
411 4305 536 4338 successor
547 4290 629 4336 fucrit.
662 4288 754 4349 Opinio
766 4287 814 4334 fuit
826 4287 876 4333 haec
888 4285 981 4341 Rufini,
992 4286 1056 4332 unde
1067 4285 1169 4331 fortasse
1181 4283 1253 4328 Beda

154 4355 243 4403 hausit.
261 4356 314 4402 Vid.
326 4356 431 4403 Pearson
444 4355 483 4402 De
493 4355 561 4402 Serio
572 4354 645 4402 Rom.
656 4352 738 4414 Episc.
747 4352 773 4398 ii.
782 4365 806 4410 3.
818 4365 841 4398 2.
874 4349 983 4397 Eandem
996 4364 1047 4396 rem
1060 4354 1148 4396 tractat
1159 4360 1252 4408 quoquc

155 4419 266 4467 Clericus
278 4419 344 4468 Hist.
356 4418 424 4467 Ecci.
436 4419 453 4466 i·
466 4433 506 4465 au.
517 4419 595 4466 lxviii.
605 4431 628 4478 5.
1063 4450 1066 4456 ,

188 4498 228 4532 ιο.
239 4483 314 4545 acac]
335 4484 437 4532 Videtur
453 4498 506 4531 esse
516 4485 546 4531 A.
556 4485 588 4532 l).
601 4482 657 4543 682,
675 4495 741 4528 nouo
758 4480 788 4527 ab
805 4478 877 4527 initio
894 4477 1054 4526 fundationis.
1088 4476 1160 4526 Cous.
1173 4489 1252 4538 supra,

155 4565 181 4610 4,
192 4555 218 4600 et
227 4549 301 4608 infra,
318 4547 359 4598 16„

200 4635 297 4675 anns.
695 4632 714 4669 r
728 4615 743 4670 t
