3100 5125
483 367 647 432 GENTIS
669 366 940 433 ANGLORUM.
1193 372 1254 434 151

160 524 320 588 nalterum
333 527 476 604 fratrem,
492 527 646 591 vocabulo
668 528 833 606 Ultanum,
850 529 903 614 qni
923 531 962 593 de
983 529 1167 594 monasterii
1186 552 1257 615 pro

158 611 290 675 batione
309 611 469 690 diuturna,
488 613 531 676 ad
549 613 766 678 heremiticam
784 622 992 700 ⁰pcrvenerat
1005 615 1115 679 vitam.
1161 615 1257 679 Hunc

160 715 237 781 ergo
252 697 336 761 solus
350 710 471 782 petens,
487 719 606 762 annum
620 705 726 763 totum
741 721 813 763 cum
827 721 865 763 eo
882 700 915 762 in
930 701 1125 765 continentia
1139 708 1173 764 et
1187 723 1257 765 cra-

159 781 311 856 tionibus,
328 782 360 845 in
377 781 570 868 quotidianis
584 806 735 848 manuum
748 785 828 850 vixit
842 785 1012 849 laboribus.

119 887 149 936 15
206 867 290 931 Dein
304 870 469 933 turbatam
491 868 667 932 incursione
689 870 853 954 gentilium
873 870 1068 954 provinciam
1086 871 1203 949 videns,
1223 879 1419 938 etlncaniam.

160 953 362 1018 monasteriis
386 975 510 1038 quoque
530 954 703 1038 periculum
726 955 889 1019 imminere
910 956 1095 1041 praevidens,
1119 958 1257 1021 dimissis

160 1037 308 1108 ordinate
322 1039 477 1116 omnibus,
493 1040 564 1104 navi
586 1039 652 1104 avit
667 1041 813 1119 Galliam,
826 1041 932 1125 ibique
942 1064 1048 1127 aroge
1060 1043 1257 1106 Francorum

160 1123 336 1202 PHloduiQ
349 1125 397 1189 vel
407 1124 543 1208 patricio
559 1062 761 1190 {rennualdo
776 1127 948 1191 honorifice
962 1136 1137 1213 susceptus,
1149 1152 1257 1193 mona

160 1209 295 1272 sterium
309 1209 489 1274 construxit
508 1209 541 1272 in
558 1210 627 1274 loco
643 1211 812 1276 Latiniaco
831 1212 1004 1291 nominato,
1020 1236 1057 1277 ae
1074 1237 1138 1278 non
1156 1215 1256 1279 multo
1266 1228 1377 1276 latinia·

118 1318 151 1352 20
160 1301 236 1378 post
263 1294 450 1359 infirmitate
479 1302 653 1380 correptus,
683 1298 768 1360 diem
798 1298 911 1363 clausit
945 1299 1099 1362 ultimum.
1158 1301 1328 1386 cujusce·

160 1401 276 1464 corpus
301 1381 385 1444 idem
411 1381 654 1444 ‘tErcunualdus
682 1382 835 1467 patricius
863 1383 1031 1469 accipiens,
1057 1386 1193 1450 servavit
1222 1387 1255 1449 in

160 1465 287 1549 porticu
310 1466 449 1550 quadam
470 1467 617 1544 ecclesiae,
641 1489 737 1552 qnam
758 1468 791 1530 in
805 1468 879 1533 villa
900 1493 966 1546 sua,
987 1469 1038 1533 cui
1057 1493 1172 1535 nomen
1190 1478 1255 1536 ¹est

161 1551 314 1628 Perrcua,
340 1551 485 1627 iaciebat,
511 1553 610 1616 donec
639 1552 708 1637 ipsa
739 1554 870 1618 ecclesia
898 1556 1109 1620 dedicaretur.
1163 1557 1255 1636 Quod
1263 1565 1377 1613 Patrona.

159 1637 254 1714 sdum
268 1644 343 1720 post
357 1636 424 1700 dies
439 1637 551 1722 viginti
567 1645 704 1723 tseptem
717 1647 802 1702 esset
821 1640 950 1718 factum,
966 1648 1000 1705 et
1019 1664 1133 1726 corpus
1151 1641 1256 1726 ipsum

159 1721 201 1784 de
229 1722 354 1805 porticu
379 1723 531 1799 ablatum,
558 1736 677 1808 uprope
700 1725 802 1788 altare
827 1733 911 1790 essct
939 1728 1182 1803 recondendum,
1209 1728 1254 1790 in-

160 1815 291 1870 ventum
305 1814 355 1871 est
369 1806 417 1871 ita
431 1807 591 1886 Vinlesum,
607 1831 645 1872 ac
659 1807 686 1872 si
701 1811 813 1873 eadem
827 1811 907 1874 hora
921 1812 961 1875 de
983 1813 1043 1876 hac
1062 1813 1130 1876 luce
1144 1813 1256 1877 fuisset

118 1915 149 1963 25
160 1915 315 1978 egressus.
360 1893 425 1957 Sed
445 1899 478 1957 et
497 1901 571 1978 post
588 1916 688 1958 annos
703 1903 850 1980 quatuor,
866 1905 1051 1962 constructa
1067 1899 1257 1962 domuncula

161 1977 294 2042 cultiore
308 1979 450 2063 receptui
465 1980 604 2063 corporis
624 1981 772 2065 ejusdem,
788 1982 831 2044 ad
851 1982 1004 2047 orientem
1023 1983 1135 2048 altaris
1152 1985 1258 2047 adhue

116 2087 119 2092 ·
160 2063 230 2128 sine
244 2065 368 2128 macula
382 2063 595 2148 corruptionis
609 2065 781 2144 inventum,
797 2067 915 2131 ibidem
933 2068 1030 2154 digno
1049 2091 1121 2132 cnm
1138 2071 1258 2133 honore

159 2149 353 2213 translatum
376 2157 445 2226 est;
479 2150 532 2213 ubi
558 2151 672 2214 merita
698 2151 780 2215 illius
803 2153 910 2216 multis
933 2175 1017 2238 saepe
1038 2162 1165 2219 constat
1188 2156 1257 2220 Deo

160 2242 315 2319 operante
330 2235 479 2300 claruisse
494 2235 674 2300 virtutibus.
720 2237 802 2300 Haec
824 2239 885 2301 ¹de
907 2239 1047 2323 corporis
1067 2242 1134 2325 ejus
1155 2242 1257 2304 incor-

159 2320 308 2404 ruptione
329 2319 470 2384 breviter
490 2321 664 2407 attigimus,
689 2330 727 2386 nt
751 2330 874 2406 quanta
894 2333 979 2388 esset
1000 2325 1059 2388 viri
1081 2327 1257 2390 sublimitas

116 2405 338 2490 &legentibus
353 2407 445 2470 notin
465 2407 640 2471 sexisteret.
686 2407 763 2488 Quae
788 2416 903 2473 cuncta
920 2410 953 2473 in
969 2411 1073 2475 libello
1089 2414 1156 2496 ejus
1173 2413 1256 2474 suffi-

160 2490 304 2569 cientius,
317 2493 394 2556 ysed
405 2497 438 2555 et
452 2492 493 2556 de
503 2492 573 2555 aliis
585 2492 849 2558 commilitonibus
860 2494 968 2581 ipsius,
981 2497 1130 2583 zquisque
1143 2497 1257 2584 legerit

158 2577 305 2642 inveniet.

191 2752 207 2780 1³
221 2740 423 2803 tatuitsratrem
434 2740 464 2788 V.
563 2744 573 2765 ⁰
580 2744 724 2803 perveniret
735 2742 764 2789 V.
873 2754 888 2791 Ρ
903 2743 1033 2791 &lodoveo
1046 2743 1075 2790 V.
1180 2733 1256 2790 ‹inr-

158 2806 297 2852 ctenatdus
307 2804 337 2851 V.
436 2812 514 2853 terat
526 2805 555 2853 V.
658 2816 737 2854 scum
750 2808 779 2853 V.
884 2809 950 2854 trea-
960 2807 990 2854 V.
1089 2816 1106 2846 u
1114 2814 1216 2868 propter
1228 2808 1258 2855 V.

158 2880 175 2909 v
186 2872 290 2917 ttloesum
301 2869 337 2917 St
350 2870 379 2917 G.
517 2880 532 2908 ¹
544 2872 609 2918 Hoec
619 2877 644 2918 et
655 2872 685 2918 de
696 2872 836 2928 arionitas,
848 2873 914 2919 etde
925 2872 955 2918 V.
1086 2874 1157 2920 racd
1165 2887 1215 2919 om.
1228 2872 1258 2919 V.

158 2943 173 2972 2
184 2935 293 2997 quisquis
304 2934 366 2982 V.G,

193 3086 231 3134 19.
244 3074 418 3135 Latiniacum]
429 3074 510 3136 Vulgo
520 3074 617 3138 Lagoy,
626 3076 651 3121 in
663 3090 725 3136 pago
736 3074 833 3135 Briegio
842 3075 957 3134 positum,
965 3076 995 3122 ad
1005 3075 1083 3135 ripam
1093 3076 1118 3122 fl.
1128 3076 1257 3137 Matronae,

158 3154 202 3185 sex
219 3154 291 3199 supra
307 3138 431 3189 Lutetiam
450 3139 593 3187 Parisiorum
613 3140 748 3187 miliaribus
759 3140 870 3188 Gallicis.
903 3141 1081 3188 Monasterium
1098 3141 1132 3187 ibi
1148 3142 1258 3188 consoni

157 3210 268 3261 emptum
285 3209 322 3250 est
340 3203 504 3250 Erchincaldo
521 3204 604 3263 palatii
623 3204 735 3262 prefecto
752 3205 868 3265 praedium
886 3213 911 3251 et
928 3204 1034 3251 subsidia
1049 3206 1198 3259 conferente,
1213 3206 1258 3252 sub

157 3268 296 3327 principatu
307 3268 439 3315 chlodovei
451 3282 472 3314 r.
488 3268 620 3329 Dagcberti
634 3268 687 3326 filii,
699 3284 720 3315 a.
730 3270 795 3316 circa
803 3266 859 3328 644,
870 3276 1036 3329 rectoremque
1045 3270 1130 3316 habuit
1141 3269 1159 3316 F
1161 3285 1257 3316 urseum

158 3332 189 3379 ad
202 3346 293 3378 annum
305 3331 362 3379 ritae
372 3332 447 3392 ipsius
459 3347 606 3393 supremum,
616 3347 664 3392 quo
675 3334 777 3381 Fnrsens
790 3333 921 3379 substituto
933 3334 1058 3380 Emiliano
1070 3350 1111 3381 seu
1127 3334 1258 3379 Enriuiano

157 3396 306 3443 Brittaniam
319 3404 440 3456 repetens,
452 3396 477 3443 tn
491 3397 631 3443 Porticensi
643 3397 697 3444 vico
709 3397 824 3445 Macariis
834 3398 901 3445 dicto
910 3405 1015 3445 mortem
1027 3398 1096 3446 obiit.
1108 3400 1132 3445 S.
1161 3399 1256 3446 Mabill.

158 3460 212 3507 xiii.
224 3459 263 3508 26.
277 3475 300 3520 p.
311 3458 366 3521 388.
379 3468 404 3508 et
415 3460 465 3508 xiv.
481 3476 501 3508 1.
514 3475 536 3507 a.
549 3476 571 3521 p.
582 3476 638 3525 409,
650 3475 705 3519 4¹0-

191 3539 231 3573 ao.
243 3526 308 3571 diem
320 3526 420 3587 clausit]
436 3525 507 3573 Circa
519 3540 610 3572 annum
623 3525 679 3586 650.
697 3526 722 3573 S.

192 3602 231 3635 22.
244 3588 373 3649 Perrcna]
392 3590 471 3636 Hodie
483 3589 600 3636 Perenne
615 3598 721 3637 castrum
733 3589 784 3637 sire
797 3589 916 3635 Palatium
929 3590 1037 3651 antiquis
1048 3592 1079 3637 ad
1092 3591 1218 3637 Suminam
1231 3592 1256 3639 fl.

160 3652 279 3713 distingui
291 3652 363 3701 debet
375 3668 388 3699 a
399 3653 506 3701 Perrcua
518 3653 574 3700 viiia
585 3668 656 3714 super
664 3655 757 3701 ‘Savum
768 3654 792 3699 fl.
806 3653 846 3699 nbi
859 3668 924 3700 nunc
935 3662 1041 3702 castmm
1053 3656 1258 3714 Cameracesium,

157 3725 183 3764 et
195 3717 293 3764 abbatia
305 3732 324 3764 s.
338 3718 441 3765 Andree
451 3719 503 3765 ord.
516 3733 535 3765 s.
549 3718 638 3765 Beued.
651 3718 675 3765 S.
709 3718 805 3765 Mabili.
818 3733 841 3777 p.
850 3718 907 3779 388,
920 3720 965 3765 &a

192 3795 232 3843 ²3·
243 3782 334 3841 viginti
344 3782 449 3843 septem]
462 3782 543 3829 Variae
554 3782 668 3843 leguntur
681 3783 764 3830 Fursei
776 3783 937 3840 celebritates,
949 3798 1052 3843 quarum
1068 3800 1153 3840 unam,
1165 3784 1258 3831 scilicet

158 3846 319 3905 sepulturam,
332 3847 399 3893 Beda
410 3846 528 3893 incertam
541 3847 673 3894 reddidisse
685 3846 820 3904 incusatur,
828 3845 869 3892 ille
880 3847 945 3893 enim
958 3848 1018 3895 dicit
1028 3850 1147 3909 sepultum
1160 3856 1215 3909 post
1226 3859 1256 3910 27

158 3910 210 3957 dies
222 3925 236 3956 a
248 3908 368 3969 positione
380 3910 486 3969 corporis
497 3911 523 3956 in
536 3911 665 3971 porticam,
678 3926 733 3959 cum
746 3911 947 3972 anonymusvita
958 3912 1010 3972 ejus
1021 3920 1105 3959 auctor
1116 3928 1148 3974 30
1157 3922 1256 3961 asserat.

158 3975 207 4021 Sed
220 3974 267 4021 utri
282 3970 362 4035 potius
373 3975 519 4022 credendam
532 3990 581 4021 non
594 3976 656 4022 tanti
669 3982 706 4023 est
717 3975 847 4035 ambigere.
859 3976 883 4020 S.

189 4038 231 4085 28.
244 4040 350 4100 corporis
361 4039 422 4100 ejus]
439 4039 556 4100 Reliquim
567 4055 586 4085 s.
599 4040 682 4087 Fnrsei
691 4040 849 4086 adservantur
859 4039 970 4086 Perronae
981 4039 1007 4085 in
1018 4040 1118 4087 ecclesia
1129 4041 1258 4102 collegiata

159 4103 256 4151 nemini
267 4103 321 4165 ejus
331 4104 422 4163 dicata,
432 4111 560 4165 prseteros
571 4104 658 4165 capitis
669 4104 733 4165 quod
746 4102 867 4151 Latiniaci
879 4104 987 4164 ponitur.
1004 4105 1030 4151 S.
1059 4105 1154 4152 Mahiti.
1168 4122 1190 4165 p.
1200 4122 1256 4164 4¹0·
