3100 5125
284 313 348 376 los
606 311 838 378 merosum
861 312 1037 379 aconas.
1190 319 1195 327 ’
1313 311 1466 395 11.17-

283 466 385 528 solum
398 465 431 526 in
446 485 553 565 pugne
567 471 644 528 ante
657 464 744 530 illum
759 465 873 529 vexilla
885 471 1098 550 gestarentur,
1114 463 1170 526 sed
1185 467 1219 527 et
1236 469 1384 548 tempore

283 550 370 634 pacis
385 556 582 634 equitantem
596 550 681 613 inter
697 551 843 615 civitates
858 549 923 614 sive
938 551 1027 614 villas
1041 556 1100 614 aut
1113 548 1292 632 provincias
1307 570 1384 612 suas

283 657 356 698 eum
370 635 530 712 ministris,
546 657 671 719 semper
683 637 871 702 antecedere
887 635 1016 720 signifer
1033 641 1234 698 consuesset:
1259 655 1384 698 necnon

283 728 318 786 et
331 721 497 785 irroedente
512 722 564 785 illo
579 721 713 785 ubilibet
731 745 789 806 per
808 722 938 806 plateas,
956 720 1033 784 illud
1052 741 1151 806 genus
1166 721 1279 797 vexilli,
1296 720 1385 804 quod

283 806 419 957 anlrjani
445 807 567 892 Profert,
592 807 690 894 Angli
713 830 788 871 vero
809 807 971 892 appellant
996 808 1088 889 Toofi
1113 811 1190 869 ante
1212 828 1285 870 eum
1306 805 1383 869 ferri

283 913 348 957 soe
369 899 415 959 at.

706 1011 814 1076 GAP.
837 1009 956 1074 XVII.

315 1123 353 1180 Ut
367 1124 450 1180 aidem
463 1123 497 1180 ab
511 1124 635 1180 Honorio
645 1142 720 1200 papa
734 1125 935 1181 exhortatorios
948 1125 1043 1180 literas
1057 1125 1199 1200 acceperit,
1215 1125 1260 1200 qni
1273 1125 1355 1181 etiam

649 1207 764 1263 Paulino
777 1205 894 1282 pallium
904 1205 1017 1261 miserit.

124 1308 277 1359 Honoriust.
329 1305 399 1386 Quo
413 1312 557 1389 tempore
575 1307 781 1390 praesulatum
803 1306 886 1370 sedis
908 1306 1090 1391 apostolieae
1109 1305 1271 1370 Honorius
1287 1303 1383 1368 Boni-

165 1389 235 1434 ¹'⁸¹'³·
284 1390 357 1454 faoii
381 1413 541 1454 suecessor
566 1393 715 1468 habebat,
740 1391 793 1476 qui
817 1392 871 1455 ubi
894 1399 1022 1476 gentem
1045 1392 1406 1476 Nordanhymbrorums

285 1499 357 1542 oum
386 1499 444 1540 suo
473 1499 547 1562 rege
576 1477 618 1540 od
646 1477 743 1541 fidem
772 1477 1060 1561 confessionemque
1090 1477 1219 1554 christi,
1247 1477 1383 1541 Paulino

284 1561 520 1647 evangelizante
543 1584 727 1628 conversam
756 1563 971 1641 essedidicit,
996 1563 1085 1627 misit
1113 1563 1216 1626 eidem
1246 1563 1382 1626 Paulino

284 1647 533 1797 litmattt
547 1647 958 1806 ittiiffttllit
980 1648 1383 1818 itiitttttitttt

285 1827 409 1908 perant,
438 1819 608 1902 persistere
638 1841 762 1904 semper
790 1841 828 1882 ao
857 1820 1009 1904 proficere
1039 1825 1196 1885 curarent.
1242 1819 1385 1898 Quarum

284 1904 429 1968 videlicet
443 1903 608 1968 literarum
622 1904 683 1968 iste
697 1912 748 1969 est
762 1905 860 1968 ordo:

126 1993 272 2056 [AD-⁶34]
327 1990 458 2054 Domino
481 1989 719 2054 ermileotissiooo
743 2000 832 2075 atque
852 1989 1124 2074 precellentissimo
1143 1989 1215 2072 Jibio
1240 1989 1385 2055 AErteiroo
1397 2011 1427 2045 10

285 2075 350 2159 roei
372 2074 550 2158 Artemonem,
577 2075 732 2138 Honorias
754 2076 907 2160 episcopos
933 2097 1035 2138 serens
1062 2096 1215 2138 serrorum
1236 2075 1309 2151 Dei,
1335 2097 1385 2138 so·

285 2160 385 2223 intem.
429 2161 484 2222 Ito
501 2160 742 2224 Otrrstr‘ooe'tots's
756 2171 860 2224 oostrce
878 2161 1037 2246 intepritas
1054 2161 1137 2224 circo
1155 2161 1205 2224 soi
1222 2161 1386 2224 conditoris

285 2244 406 2320 cottam,
420 2244 501 2325 fidei
517 2255 558 2308 est
576 2245 687 2309 ardore
707 2268 853 2323 semensa,
869 2257 903 2310 at
920 2246 1001 2330 lorope
1021 2246 1135 2330 boteqsoe
1149 2246 1341 2330 resplendeat,
1357 2255 1385 2309 et

286 2329 321 2391 iro
342 2331 424 2392 ononi
449 2331 559 2393 mendo
581 2331 779 2407 adnunciata,
807 2332 898 2396 oestro‘
921 2331 1018 2416 opem
1039 2331 1249 2416 multipoiioo‘ter
1270 2332 1385 2414 referat

277 2417 427 2497 fructuos.
474 2417 528 2479 sto
549 2417 627 2478 enim
652 2439 702 2479 oos
724 2439 804 2502 reyes
832 2439 890 2480 esse
917 2417 1095 2502 oopoosce'tis,
1120 2417 1194 2479 dono
1218 2419 1329 2501 Reperio
1357 2425 1386 2480 et

288 2503 457 2566 Creatorem
481 2511 609 2565 marceo
631 2502 792 2567 orthodooo
811 2501 1033 2586 predicatione
1055 2501 1158 2580 edocti,
1181 2503 1281 2566 Deum
1303 2520 1424 2571 oeoe15

285 2588 383 2651 condo
398 2588 528 2664 creditis,
544 2588 638 2673 eique,
653 2589 733 2673 qood
750 2588 885 2652 lamone
904 2589 982 2652 naht
1003 2588 1142 2665 mentitio,
1158 2588 1264 2651 meotis
1278 2598 1384 2661 oestrae

285 2674 433 2738 noemam
457 2674 635 2737 demetam
661 2674 819 2737 oosoior'tis.
867 2674 950 2753 Quid
972 2674 1052 2738 enim
1076 2675 1142 2737 Deo
1171 2682 1268 2738 nostro
1296 2672 1387 2737 atad

416 2835 427 2857 ²
442 2826 478 2874 Ut
488 2826 622 2876 AEdninus
634 2826 664 2873 V.
936 2826 1098 2891 *occeperat
1111 2833 1213 2875 cururet
1224 2826 1253 2873 V.

317 2969 359 3015 33.
374 2956 481 3019 rosam]
502 2958 578 3004 Muta
594 2960 668 3017 signu
685 2965 753 3017 ssent,
765 2960 874 3020 Aquila,
886 2961 1024 3015 Dracones,
1039 2958 1143 3015 Vestite,
1156 2957 1287 3015 Flnmuloe,
1302 2957 1385 3019 Tisse,

286 3021 386 3069 Pinna.
411 3022 535 3081 Vegetius,
556 3022 598 3068 lib.
615 3022 651 3068 iii.
670 3037 723 3083 cap.
740 3037 762 3084 5.
799 3023 882 3070 Genus
898 3022 982 3070 vexilli
999 3022 1062 3081 apud
1080 3022 1206 3069 Romanos
1222 3036 1252 3068 ex
1270 3022 1385 3070 confertis

285 3085 424 3145 plumarum
447 3085 533 3146 globis.
569 3086 611 3133 Sic
629 3087 693 3146 apud
713 3095 835 3135 nostrates
854 3088 927 3135 etiam
949 3087 979 3133 sd
998 3098 1108 3147 tempora
1126 3086 1241 3134 Richardi
1260 3100 1283 3134 2.
1301 3087 1384 3134 charta

286 3149 397 3197 Gervasii
416 3150 446 3196 de
465 3149 559 3197 Cliftou
580 3149 666 3206 militis
687 3152 800 3199 concedit
818 3159 844 3199 et
860 3153 989 3199 confirmat
1006 3150 1112 3210 Roberto
1129 3151 1159 3199 de
1176 3152 1321 3199 Bcvercotes
1337 3166 1386 3197 une

196 3242 199 3247 -
287 3210 363 3275 Tbffe
373 3215 404 3261 de
409 3216 502 3275 ptume.
518 3214 585 3273 [Vid.
598 3214 638 3260 Do
650 3214 734 3275 Gange
745 3218 771 3262 in
785 3216 818 3276 v.]
856 3216 963 3277 Quidam
975 3215 1064 3262 Tufam
1082 3228 1126 3275 per
1137 3229 1231 3262 crucem
1246 3226 1272 3263 et
1286 3216 1385 3277 globum

286 3278 436 3389 deperibugt
453 3285 478 3325 et
494 3292 590 3325 crucem
608 3278 634 3325 iu
652 3279 764 3327 Cantium
784 3287 932 3341 reportatam
949 3279 1028 3339 eapite
1039 3293 1080 3338 πο,
1094 3278 1196 3326 AEduini
1207 3278 1297 3327 Tufam
1309 3280 1384 3327 fnisse

286 3357 318 3388 vo
330 3350 382 3390 unt.
415 3375 422 3388 .

319 3418 343 3467 5.
354 3409 398 3467 qui
408 3407 460 3468 ubo]
482 3407 541 3454 Haec
558 3407 660 3468 epistola
677 3409 707 3456 nd
719 3408 860 3457 AEdwinum
878 3408 970 3455 nullam
986 3407 1103 3468 temporis
1121 3414 1205 3455 notam
1221 3407 1295 3455 babet
1311 3422 1384 3467 appo·

216 3498 218 3500 -
286 3470 368 3530 sitam,
380 3471 422 3518 sed
433 3486 462 3518 er
473 3470 567 3532 adjecta
578 3472 681 3532 epistola
690 3472 777 3532 capitis
789 3473 912 3533 sequentis
924 3468 954 3519 sd
968 3472 1103 3520 Honorium
1117 3472 1189 3520 Cant.
1202 3478 1270 3532 petet
1283 3471 1386 3531 scriptas

286 3535 361 3583 fuisse
373 3535 457 3583 ambas
468 3550 534 3582 anno
545 3535 601 3596 634,
613 3537 671 3584 licet
681 3537 810 3583 AEdvvinus
822 3544 881 3585 tunc
894 3543 1003 3584 mortuus
1014 3544 1088 3594 esset;
1106 3538 1148 3583 sed
1160 3536 1212 3597 ejus
1222 3536 1306 3583 obitus
1318 3550 1386 3597 pspss

287 3614 360 3647 aures
371 3600 478 3648 nondum
492 3600 613 3662 attigerat
636 3601 709 3663 Quod
721 3609 803 3649 autem
816 3608 853 3648 tot
864 3600 923 3648 anni
934 3600 1072 3649 effluxerint
1083 3615 1098 3647 a
1109 3600 1267 3648 conversione
1279 3600 1385 3647 AEdwini

287 3678 353 3711 anno
365 3662 422 3725 627,
435 3667 552 3724 usquead
564 3664 616 3725 ejus
634 3665 747 3713 notitiem
765 3680 833 3726 papae
845 3666 1025 3722 transmissam,
1037 3665 1076 3711 vel
1093 3664 1179 3711 saltem
1197 3664 1228 3712 sd
1244 3679 1312 3725 pspae
1330 3678 1384 3711 cnm

287 3729 368 3789 palliis
379 3743 532 3789 responsum,
544 3730 569 3776 id
581 3730 656 3777 tribui
673 3736 762 3791 potest,
774 3729 812 3777 vel
825 3730 901 3777 tardis
912 3729 967 3777 fidei
985 3730 1010 3775 in
1027 3744 1118 3789 magna
1133 3734 1201 3787 parte
1213 3728 1385 3790 Nordanbym·

286 3794 357 3841 brsni
369 3794 437 3855 regni
449 3794 617 3856 progressibus
626 3795 656 3841 de
667 3809 716 3855 quo
727 3794 784 3842 vide
794 3794 820 3840 ii.
832 3807 870 3853 ιι,
886 3808 921 3853 ¹3·
933 3802 959 3842 et
969 3793 1006 3841 iii.
1017 3807 1030 3840 2
1040 3807 1047 3849 ;
1066 3793 1103 3841 vel
1114 3792 1250 3841 difficultati
1262 3799 1341 3840 enstss
1356 3793 1386 3840 de

287 3867 373 3905 mutus
390 3859 572 3906 consecratione
589 3859 843 3919 metropolitanorum,
857 3873 910 3918 quae
928 3871 1021 3905 morsm
1039 3858 1064 3904 in
1082 3858 1128 3904 hoc
1145 3856 1269 3917 negotium
1286 3856 1387 3917 injicere

287 3930 401 3983 possentr
420 3923 479 3984 quin
501 3938 548 3970 nec
567 3936 665 3970 necesse
685 3922 732 3970 fuit
750 3922 824 3982 pallia
843 3922 983 3969 immediate
1000 3938 1014 3969 a
1031 3921 1214 3969 corrsecrstione
1231 3921 1313 3981 mitti;
1336 3920 1387 3967 imo

287 4002 366 4049 neque
374 3988 424 4035 ulla
429 3987 562 4035 Laurentio
569 3988 606 4034 vel
617 3986 713 4035 Mellito
718 3987 785 4035 Justi
794 3986 958 4035 decessoribus
967 3986 1041 4048 pallia
1048 3986 1122 4034 missa
1129 3986 1154 4033 iu
1166 3986 1233 4033 Beds
1241 3985 1352 4046 legimns.
1361 3986 1386 4033 S.

287 4052 345 4099 Non
357 4059 455 4099 conant
465 4051 565 4099 AEdvini
577 4053 762 4099 conversionem
775 4051 887 4098 Honorio
899 4066 948 4097 non
960 4050 1003 4099 diu
1014 4050 1137 4111 cognitam
1150 4050 1225 4098 fuisse
1242 4057 1299 4097 ante
1310 4050 1386 4110 scrip·

288 4124 338 4163 tam
347 4116 545 4176 bancepistolsm
555 4133 562 4163 ι
579 4115 658 4163 immo
663 4117 738 4163 verba
746 4115 799 4171 illa,
811 4115 851 4163 Ita
861 4116 1060 4164 Christianitatis
1068 4121 1156 4162 oestroe
1163 4116 1297 4174 integritas
1304 4113 1388 4175 sfidei

288 4187 325 4227 est
335 4182 425 4227 ardore
434 4195 561 4234 morosa,
570 4186 600 4226 ut
610 4182 684 4240 longe
694 4184 792 4241 lateque
802 4181 963 4241 resplendeat,
973 4186 998 4226 et
1009 4181 1035 4226 in
1046 4181 1112 4225 omni
1120 4179 1211 4226 mundo
1220 4180 1387 4235 annunciem,

289 4246 346 4300 δια,
358 4244 465 4292 innuunt
476 4244 544 4290 illam
553 4243 698 4305 jamdudum
711 4244 856 4291 celebratam
870 4244 953 4291 fuisse.
989 4242 1075 4290 Multae
1087 4250 1167 4289 tamen
1180 4257 1260 4289 cansre
1275 4256 1328 4290 esse
1344 4256 1387 4302 po·

290 4315 388 4356 tuerant
399 4324 442 4355 cur
454 4308 556 4355 antebac
568 4323 630 4369 papa
643 4322 719 4369 neque
731 4308 848 4368 epistolas
860 4322 936 4367 neque
948 4307 1022 4367 pallia
1034 4307 1130 4355 mittere
1141 4307 1221 4354 vellet.
1245 4306 1348 4354 Videtur
1358 4320 1390 4354 ex

291 4374 336 4420 bac
346 4379 372 4419 et
383 4372 493 4433 sequenti
505 4372 607 4431 epistola
618 4387 647 4419 en
658 4388 711 4433 qore
722 4386 788 4418 nunc
800 4371 960 4419 mittebantur
972 4373 1046 4418 missa
1060 4378 1216 4433 essesogatu
1232 4368 1297 4431 regis
1312 4380 1338 4420 et
1351 4384 1390 4435 sr-

291 4435 447 4499 chiepiscopi,
459 4449 504 4486 nec
515 4435 567 4483 sine
579 4436 682 4485 aliorum
694 4437 791 4484 favente
802 4435 943 4483 testimonio
954 4437 984 4484 de
996 4436 1060 4499 regis
1072 4435 1126 4485 fide.
