<?xml version="1.0" encoding="UTF-8"?>
<!DOCTYPE html PUBLIC "-//W3C//DTD XHTML 1.0 Transitional//EN"
    "http://www.w3.org/TR/xhtml1/DTD/xhtml1-transitional.dtd">
<html xmlns="http://www.w3.org/1999/xhtml" xml:lang="en" lang="en">
 <head>
  <title>
</title>
<meta http-equiv="Content-Type" content="text/html;charset=utf-8" />
  <meta name='ocr-system' content='tesseract 3.04.00' />
  <meta name='ocr-capabilities' content='ocr_page ocr_carea ocr_par ocr_line ocrx_word'/>
</head>
<body>
  <div class='ocr_page' id='page_1' title='image "./historiaecclesi00hussgoog_0360.png"; bbox 0 0 3100 5125; ppageno 0'>
   <div class='ocr_carea' id='block_1_1' title="bbox 365 327 1275 409">
    <p class='ocr_par' dir='ltr' id='par_1_1' title="bbox 365 298 1275 409">
     <span class='ocr_line' id='line_1_1' title="bbox 365 327 1275 409; baseline 0.011 -12"><span class='ocrx_word' id='word_1_1' title='bbox 365 334 430 397; x_wconf 85' lang='lat' dir='ltr'><strong>AD</strong></span> <span class='ocrx_word' id='word_1_2' title='bbox 454 327 762 399; x_wconf 79' lang='lat' dir='ltr'><strong>EOGBEROTUM</strong></span> <span class='ocrx_word' id='word_1_3' title='bbox 787 333 1082 402; x_wconf 83' lang='lat' dir='ltr'><strong>ANTISTITEM.</strong></span> <span class='ocrx_word' id='word_1_4' title='bbox 1213 344 1275 409; x_wconf 72' lang='lat' dir='ltr'><strong>all</strong></span> 
     </span>
    </p>
   </div>
   <div class='ocr_carea' id='block_1_2' title="bbox 91 484 1429 4251">
    <p class='ocr_par' dir='ltr' id='par_1_2' title="bbox 136 484 1280 2279">
     <span class='ocr_line' id='line_1_2' title="bbox 179 484 1279 635; baseline 0.012 -89"><span class='ocrx_word' id='word_1_5' title='bbox 179 484 368 635; x_wconf 56' lang='lat' dir='ltr'><strong>ffiipse</strong></span> <span class='ocrx_word' id='word_1_6' title='bbox 382 491 461 549; x_wconf 87' lang='lat' dir='ltr'><strong>tuno</strong></span> <span class='ocrx_word' id='word_1_7' title='bbox 475 504 584 548; x_wconf 90' lang='lat' dir='ltr'><strong>eorum</strong></span> <span class='ocrx_word' id='word_1_8' title='bbox 598 506 729 549; x_wconf 89' lang='lat' dir='ltr'><strong>numero</strong></span> <span class='ocrx_word' id='word_1_9' title='bbox 743 487 895 551; x_wconf 85' lang='lat' dir='ltr'><strong>merearis</strong></span> <span class='ocrx_word' id='word_1_10' title='bbox 908 484 1032 566; x_wconf 77' lang='lat' dir='ltr'><strong>ascribi,</strong></span> <span class='ocrx_word' id='word_1_11' title='bbox 1048 490 1088 573; x_wconf 85' lang='lat' dir='ltr'><strong>de</strong></span> <span class='ocrx_word' id='word_1_12' title='bbox 1103 492 1217 575; x_wconf 92' lang='lat' dir='ltr'><strong>quibus</strong></span> <span class='ocrx_word' id='word_1_13' title='bbox 1231 494 1279 559; x_wconf 91' lang='lat' dir='ltr'><strong>ait</strong></span> 
     </span>
     <span class='ocr_line' id='line_1_3' title="bbox 250 570 1279 662; baseline 0.011 -30"><span class='ocrx_word' id='word_1_14' title='bbox 250 570 257 584; x_wconf 84' lang='lat'><strong><em>‘</em></strong></span> <span class='ocrx_word' id='word_1_15' title='bbox 304 594 313 632; x_wconf 90' lang='lat'>:</span> <span class='ocrx_word' id='word_1_16' title='bbox 339 571 493 635; x_wconf 70' lang='lat' dir='ltr'><strong>litaimss</strong></span> <span class='ocrx_word' id='word_1_17' title='bbox 514 571 575 633; x_wconf 78' lang='lat' dir='ltr'><strong>ortt</strong></span> <span class='ocrx_word' id='word_1_18' title='bbox 596 571 692 634; x_wconf 65' lang='lat' dir='ltr'><strong>rimor</strong></span> <span class='ocrx_word' id='word_1_19' title='bbox 714 572 808 646; x_wconf 69' lang='lat' dir='ltr'><strong>miae,</strong></span> <span class='ocrx_word' id='word_1_20' title='bbox 831 582 858 636; x_wconf 76' lang='lat' dir='ltr'><strong>as</strong></span> <span class='ocrx_word' id='word_1_21' title='bbox 873 574 1027 657; x_wconf 65' lang='lat' dir='ltr'><strong>perosas</strong></span> <span class='ocrx_word' id='word_1_22' title='bbox 1047 574 1147 641; x_wconf 70' lang='lat' dir='ltr'><strong>dina</strong></span> <span class='ocrx_word' id='word_1_23' title='bbox 1165 588 1279 662; x_wconf 66' lang='lat' dir='ltr'><strong>postem</strong></span> 
     </span>
     <span class='ocr_line' id='line_1_4' title="bbox 140 655 1278 759; baseline 0.007 -40"><span class='ocrx_word' id='word_1_24' title='bbox 140 656 386 739; x_wconf 57' lang='lat' dir='ltr'><strong>assummum.</strong></span> <span class='ocrx_word' id='word_1_25' title='bbox 434 655 495 719; x_wconf 84' lang='lat' dir='ltr'><strong>Tui</strong></span> <span class='ocrx_word' id='word_1_26' title='bbox 511 676 648 739; x_wconf 83' lang='lat' dir='ltr'><strong>namque</strong></span> <span class='ocrx_word' id='word_1_27' title='bbox 662 663 712 721; x_wconf 91' lang='lat' dir='ltr'><strong>est</strong></span> <span class='ocrx_word' id='word_1_28' title='bbox 725 656 819 720; x_wconf 86' lang='lat' dir='ltr'><strong>offioii</strong></span> <span class='ocrx_word' id='word_1_29' title='bbox 834 658 1073 743; x_wconf 85' lang='lat' dir='ltr'><strong>diligentissime</strong></span> <span class='ocrx_word' id='word_1_30' title='bbox 1087 662 1278 759; x_wconf 78' lang='lat' dir='ltr'>prospicere,</span> 
     </span>
     <span class='ocr_line' id='line_1_5' title="bbox 180 740 1279 831; baseline 0.008 -26"><span class='ocrx_word' id='word_1_31' title='bbox 180 741 259 825; x_wconf 90' lang='lat' dir='ltr'><strong>quid</strong></span> <span class='ocrx_word' id='word_1_32' title='bbox 273 740 306 803; x_wconf 91' lang='lat' dir='ltr'><strong>iu</strong></span> <span class='ocrx_word' id='word_1_33' title='bbox 320 741 452 826; x_wconf 78' lang='lat' dir='ltr'><strong>singulis</strong></span> <span class='ocrx_word' id='word_1_34' title='bbox 466 740 669 806; x_wconf 89' lang='lat' dir='ltr'><strong>monasteriis</strong></span> <span class='ocrx_word' id='word_1_35' title='bbox 683 748 748 806; x_wconf 85' lang='lat' dir='ltr'><strong>tuae</strong></span> <span class='ocrx_word' id='word_1_36' title='bbox 762 744 921 826; x_wconf 81' lang='lat' dir='ltr'><strong>paroehiae</strong></span> <span class='ocrx_word' id='word_1_37' title='bbox 939 745 1029 822; x_wconf 81' lang='lat' dir='ltr'><strong>resti,</strong></span> <span class='ocrx_word' id='word_1_38' title='bbox 1044 747 1121 831; x_wconf 83' lang='lat' dir='ltr'><strong>qunl</strong></span> <span class='ocrx_word' id='word_1_39' title='bbox 1141 749 1279 831; x_wconf 87' lang='lat' dir='ltr'><strong>perversi</strong></span> 
     </span>
     <span class='ocr_line' id='line_1_6' title="bbox 177 827 1280 916; baseline 0.007 -25"><span class='ocrx_word' id='word_1_40' title='bbox 177 834 329 912; x_wconf 77' lang='lat' dir='ltr'><strong>geratur:</strong></span> <span class='ocrx_word' id='word_1_41' title='bbox 356 848 397 890; x_wconf 90' lang='lat' dir='ltr'><strong>ue</strong></span> <span class='ocrx_word' id='word_1_42' title='bbox 411 827 460 891; x_wconf 87' lang='lat' dir='ltr'><strong>vel</strong></span> <span class='ocrx_word' id='word_1_43' title='bbox 473 827 575 893; x_wconf 84' lang='lat' dir='ltr'><strong>abbas</strong></span> <span class='ocrx_word' id='word_1_44' title='bbox 588 828 770 912; x_wconf 83' lang='lat' dir='ltr'><strong>regularum</strong></span> <span class='ocrx_word' id='word_1_45' title='bbox 790 828 907 895; x_wconf 90' lang='lat' dir='ltr'><strong>insoius</strong></span> <span class='ocrx_word' id='word_1_46' title='bbox 926 836 985 894; x_wconf 90' lang='lat' dir='ltr'><strong>aut</strong></span> <span class='ocrx_word' id='word_1_47' title='bbox 1006 838 1215 916; x_wconf 85' lang='lat' dir='ltr'><strong>oontemptor‚</strong></span> <span class='ocrx_word' id='word_1_48' title='bbox 1231 835 1280 899; x_wconf 90' lang='lat' dir='ltr'><strong>vel</strong></span> 
     </span>
     <span class='ocr_line' id='line_1_7' title="bbox 178 912 1278 1003; baseline 0.008 -27"><span class='ocrx_word' id='word_1_49' title='bbox 178 912 343 977; x_wconf 80' lang='lat' dir='ltr'><strong>abbatissa</strong></span> <span class='ocrx_word' id='word_1_50' title='bbox 364 912 469 977; x_wconf 85' lang='lat' dir='ltr'><strong>minus</strong></span> <span class='ocrx_word' id='word_1_51' title='bbox 490 912 588 997; x_wconf 83' lang='lat' dir='ltr'><strong>digm</strong></span> <span class='ocrx_word' id='word_1_52' title='bbox 605 912 795 977; x_wconf 81' lang='lat' dir='ltr'><strong>samrrlorum</strong></span> <span class='ocrx_word' id='word_1_53' title='bbox 808 912 1035 979; x_wconf 84' lang='lat' dir='ltr'><strong>famularumve</strong></span> <span class='ocrx_word' id='word_1_54' title='bbox 1058 917 1177 983; x_wconf 76' lang='lat' dir='ltr'><strong>Christi</strong></span> <span class='ocrx_word' id='word_1_55' title='bbox 1199 940 1278 1003; x_wconf 86' lang='lat' dir='ltr'><strong>prae-</strong></span> 
     </span>
     <span class='ocr_line' id='line_1_8' title="bbox 178 997 1280 1089; baseline 0.005 -26"><span class='ocrx_word' id='word_1_56' title='bbox 178 1003 318 1084; x_wconf 80' lang='lat' dir='ltr'><strong>ponatur</strong></span> <span class='ocrx_word' id='word_1_57' title='bbox 327 997 477 1072; x_wconf 79' lang='lat' dir='ltr'><strong>examini,</strong></span> <span class='ocrx_word' id='word_1_58' title='bbox 488 1018 547 1063; x_wconf 86' lang='lat' dir='ltr'><strong>neo</strong></span> <span class='ocrx_word' id='word_1_59' title='bbox 559 998 879 1082; x_wconf 79' lang='lat' dir='ltr'><strong>rursum&#39;praevisioni</strong></span> <span class='ocrx_word' id='word_1_60' title='bbox 891 999 1101 1085; x_wconf 70' lang='lat' dir='ltr'><strong>spiritualium</strong></span> <span class='ocrx_word' id='word_1_61' title='bbox 1111 1003 1280 1089; x_wconf 83' lang='lat' dir='ltr'><strong>magistro-</strong></span> 
     </span>
     <span class='ocr_line' id='line_1_9' title="bbox 178 1083 1278 1168; baseline 0.004 -19"><span class='ocrx_word' id='word_1_62' title='bbox 178 1105 250 1149; x_wconf 85' lang='lat' dir='ltr'><strong>rum</strong></span> <span class='ocrx_word' id='word_1_63' title='bbox 272 1083 487 1167; x_wconf 83' lang='lat' dir='ltr'><strong>oontemptrix</strong></span> <span class='ocrx_word' id='word_1_64' title='bbox 512 1089 548 1147; x_wconf 88' lang='lat' dir='ltr'><strong>et</strong></span> <span class='ocrx_word' id='word_1_65' title='bbox 576 1083 810 1168; x_wconf 84' lang='lat' dir='ltr'><strong>indisoipliuata</strong></span> <span class='ocrx_word' id='word_1_66' title='bbox 832 1086 1067 1151; x_wconf 87' lang='lat' dir='ltr'><strong>oontumaoium</strong></span> <span class='ocrx_word' id='word_1_67' title='bbox 1096 1088 1278 1159; x_wconf 85' lang='lat' dir='ltr'><strong>auditorum</strong></span> 
     </span>
     <span class='ocr_line' id='line_1_10' title="bbox 136 1168 1279 1255; baseline 0.004 -20"><span class='ocrx_word' id='word_1_68' title='bbox 136 1170 276 1235; x_wconf 70' lang='lat' dir='ltr'><strong>soturba</strong></span> <span class='ocrx_word' id='word_1_69' title='bbox 296 1168 449 1242; x_wconf 88' lang='lat' dir='ltr'><strong>resultet;</strong></span> <span class='ocrx_word' id='word_1_70' title='bbox 472 1168 609 1234; x_wconf 80' lang='lat' dir='ltr'><strong>maxime</strong></span> <span class='ocrx_word' id='word_1_71' title='bbox 629 1169 713 1253; x_wconf 87' lang='lat' dir='ltr'><strong>quia,</strong></span> <span class='ocrx_word' id='word_1_72' title='bbox 728 1169 814 1234; x_wconf 87' lang='lat' dir='ltr'><strong>siout</strong></span> <span class='ocrx_word' id='word_1_73' title='bbox 835 1170 927 1255; x_wconf 82' lang='lat' dir='ltr'><strong>vulgo</strong></span> <span class='ocrx_word' id='word_1_74' title='bbox 947 1171 1058 1249; x_wconf 83' lang='lat' dir='ltr'><strong>fertur,</strong></span> <span class='ocrx_word' id='word_1_75' title='bbox 1075 1172 1180 1238; x_wconf 84' lang='lat' dir='ltr'><strong>dicere</strong></span> <span class='ocrx_word' id='word_1_76' title='bbox 1200 1175 1279 1241; x_wconf 89' lang='lat' dir='ltr'><strong>estis</strong></span> 
     </span>
     <span class='ocr_line' id='line_1_11' title="bbox 177 1254 1278 1341; baseline 0.007 -24"><span class='ocrx_word' id='word_1_77' title='bbox 177 1254 273 1331; x_wconf 86' lang='lat' dir='ltr'><strong>soliti,</strong></span> <span class='ocrx_word' id='word_1_78' title='bbox 289 1254 374 1339; x_wconf 88' lang='lat' dir='ltr'><strong>quod</strong></span> <span class='ocrx_word' id='word_1_79' title='bbox 397 1276 462 1317; x_wconf 89' lang='lat' dir='ltr'><strong>non</strong></span> <span class='ocrx_word' id='word_1_80' title='bbox 484 1254 527 1319; x_wconf 87' lang='lat' dir='ltr'><strong>ad</strong></span> <span class='ocrx_word' id='word_1_81' title='bbox 548 1276 659 1339; x_wconf 85' lang='lat' dir='ltr'><strong>regum</strong></span> <span class='ocrx_word' id='word_1_82' title='bbox 679 1276 798 1330; x_wconf 76' lang='lat' dir='ltr'><strong>euram,</strong></span> <span class='ocrx_word' id='word_1_83' title='bbox 821 1277 886 1319; x_wconf 90' lang='lat' dir='ltr'><strong>non</strong></span> <span class='ocrx_word' id='word_1_84' title='bbox 907 1256 950 1319; x_wconf 88' lang='lat' dir='ltr'><strong>ad</strong></span> <span class='ocrx_word' id='word_1_85' title='bbox 971 1256 1148 1341; x_wconf 88' lang='lat' dir='ltr'><strong>aliquorum</strong></span> <span class='ocrx_word' id='word_1_86' title='bbox 1172 1261 1278 1325; x_wconf 81' lang='lat' dir='ltr'><strong>saeouli</strong></span> 
     </span>
     <span class='ocr_line' id='line_1_12' title="bbox 178 1339 1278 1439; baseline 0.006 -37"><span class='ocrx_word' id='word_1_87' title='bbox 178 1339 355 1439; x_wconf 75' lang='lat' dir='ltr'><strong>prinoipem</strong></span> <span class='ocrx_word' id='word_1_88' title='bbox 376 1360 514 1416; x_wconf 82' lang='lat' dir='ltr'><strong>eausam,</strong></span> <span class='ocrx_word' id='word_1_89' title='bbox 529 1340 586 1403; x_wconf 83' lang='lat' dir='ltr'><strong>sed</strong></span> <span class='ocrx_word' id='word_1_90' title='bbox 608 1341 651 1405; x_wconf 88' lang='lat' dir='ltr'><strong>ad</strong></span> <span class='ocrx_word' id='word_1_91' title='bbox 672 1346 832 1405; x_wconf 81' lang='lat' dir='ltr'><strong>evestrum</strong></span> <span class='ocrx_word' id='word_1_92' title='bbox 853 1343 1075 1407; x_wconf 84' lang='lat' dir='ltr'><strong>tantummodo</strong></span> <span class='ocrx_word' id='word_1_93' title='bbox 1096 1344 1278 1409; x_wconf 73' lang='lat' dir='ltr'><strong>antistitum</strong></span> 
     </span>
     <span class='ocr_line' id='line_1_13' title="bbox 177 1424 1278 1512; baseline 0.008 -25"><span class='ocrx_word' id='word_1_94' title='bbox 177 1424 412 1509; x_wconf 76' lang='lat' dir='ltr'><strong>inquisitionem</strong></span> <span class='ocrx_word' id='word_1_95' title='bbox 440 1432 538 1509; x_wconf 83' lang='lat' dir='ltr'><strong>atque</strong></span> <span class='ocrx_word' id='word_1_96' title='bbox 566 1446 709 1501; x_wconf 80' lang='lat' dir='ltr'><strong>examen,</strong></span> <span class='ocrx_word' id='word_1_97' title='bbox 739 1426 817 1510; x_wconf 89' lang='lat' dir='ltr'><strong>quid</strong></span> <span class='ocrx_word' id='word_1_98' title='bbox 844 1426 878 1489; x_wconf 93' lang='lat' dir='ltr'><strong>in</strong></span> <span class='ocrx_word' id='word_1_99' title='bbox 910 1426 1041 1512; x_wconf 83' lang='lat' dir='ltr'><strong>singulis</strong></span> <span class='ocrx_word' id='word_1_100' title='bbox 1077 1430 1278 1495; x_wconf 86' lang='lat' dir='ltr'><strong>monasteriis</strong></span> 
     </span>
     <span class='ocr_line' id='line_1_14' title="bbox 177 1510 1278 1601; baseline 0.006 -27"><span class='ocrx_word' id='word_1_101' title='bbox 177 1517 294 1595; x_wconf 79' lang='lat' dir='ltr'><strong>agatur</strong></span> <span class='ocrx_word' id='word_1_102' title='bbox 315 1510 485 1594; x_wconf 75' lang='lat' dir='ltr'><strong>pertineat,</strong></span> <span class='ocrx_word' id='word_1_103' title='bbox 508 1511 568 1574; x_wconf 90' lang='lat' dir='ltr'><strong>nisi</strong></span> <span class='ocrx_word' id='word_1_104' title='bbox 593 1512 677 1575; x_wconf 81' lang='lat' dir='ltr'><strong>forts</strong></span> <span class='ocrx_word' id='word_1_105' title='bbox 698 1510 732 1573; x_wconf 93' lang='lat' dir='ltr'><strong>in</strong></span> <span class='ocrx_word' id='word_1_106' title='bbox 752 1510 954 1575; x_wconf 86' lang='lat' dir='ltr'><strong>monasteriis</strong></span> <span class='ocrx_word' id='word_1_107' title='bbox 979 1512 1112 1596; x_wconf 78' lang='lat' dir='ltr'><strong>quilibet</strong></span> <span class='ocrx_word' id='word_1_108' title='bbox 1135 1514 1167 1580; x_wconf 90' lang='lat' dir='ltr'><strong>iu</strong></span> <span class='ocrx_word' id='word_1_109' title='bbox 1191 1515 1278 1601; x_wconf 88' lang='lat' dir='ltr'><strong>ipsos</strong></span> 
     </span>
     <span class='ocr_line' id='line_1_15' title="bbox 178 1595 1277 1682; baseline 0.007 -23"><span class='ocrx_word' id='word_1_110' title='bbox 178 1595 337 1682; x_wconf 83' lang='lat' dir='ltr'><strong>prinoipes</strong></span> <span class='ocrx_word' id='word_1_111' title='bbox 370 1618 517 1682; x_wconf 82' lang='lat' dir='ltr'><strong>peoeasse</strong></span> <span class='ocrx_word' id='word_1_112' title='bbox 545 1598 779 1681; x_wconf 71' lang='lat' dir='ltr'><strong>comprobetur.</strong></span> <span class='ocrx_word' id='word_1_113' title='bbox 836 1597 905 1674; x_wconf 87' lang='lat' dir='ltr'><strong>Tui,</strong></span> <span class='ocrx_word' id='word_1_114' title='bbox 935 1597 1073 1681; x_wconf 90' lang='lat' dir='ltr'><strong>inquam,</strong></span> <span class='ocrx_word' id='word_1_115' title='bbox 1102 1606 1153 1664; x_wconf 88' lang='lat' dir='ltr'><strong>est</strong></span> <span class='ocrx_word' id='word_1_116' title='bbox 1182 1601 1277 1667; x_wconf 80' lang='lat' dir='ltr'><strong>officii</strong></span> 
     </span>
     <span class='ocr_line' id='line_1_16' title="bbox 137 1681 1277 1771; baseline 0.004 -24"><span class='ocrx_word' id='word_1_117' title='bbox 137 1702 169 1749; x_wconf 80' lang='lat'><strong>45</strong></span> <span class='ocrx_word' id='word_1_118' title='bbox 178 1704 350 1766; x_wconf 78' lang='lat' dir='ltr'><strong>procurare</strong></span> <span class='ocrx_word' id='word_1_119' title='bbox 371 1703 412 1746; x_wconf 90' lang='lat' dir='ltr'><strong>ue</strong></span> <span class='ocrx_word' id='word_1_120' title='bbox 433 1682 466 1767; x_wconf 90' lang='lat' dir='ltr'><strong>in</strong></span> <span class='ocrx_word' id='word_1_121' title='bbox 484 1682 561 1747; x_wconf 86' lang='lat' dir='ltr'><strong>loeis</strong></span> <span class='ocrx_word' id='word_1_122' title='bbox 584 1682 656 1747; x_wconf 93' lang='lat' dir='ltr'><strong>Deo</strong></span> <span class='ocrx_word' id='word_1_123' title='bbox 677 1681 872 1747; x_wconf 85' lang='lat' dir='ltr'><strong>oonseoratis</strong></span> <span class='ocrx_word' id='word_1_124' title='bbox 897 1681 1040 1747; x_wconf 89' lang='lat' dir='ltr'><strong>diabolus</strong></span> <span class='ocrx_word' id='word_1_125' title='bbox 1060 1684 1121 1748; x_wconf 92' lang='lat' dir='ltr'><strong>sibi</strong></span> <span class='ocrx_word' id='word_1_126' title='bbox 1144 1708 1277 1771; x_wconf 81' lang='lat' dir='ltr'><strong>regnum</strong></span> 
     </span>
     <span class='ocr_line' id='line_1_17' title="bbox 179 1767 1276 1867; baseline 0.006 -37"><span class='ocrx_word' id='word_1_127' title='bbox 179 1776 320 1851; x_wconf 71' lang='lat' dir='ltr'><strong>usurpet</strong></span> <span class='ocrx_word' id='word_1_128' title='bbox 336 1789 376 1831; x_wconf 91' lang='lat' dir='ltr'><strong>ne</strong></span> <span class='ocrx_word' id='word_1_129' title='bbox 395 1790 454 1852; x_wconf 89' lang='lat' dir='ltr'><strong>pro</strong></span> <span class='ocrx_word' id='word_1_130' title='bbox 473 1789 552 1851; x_wconf 86' lang='lat' dir='ltr'><strong>paee</strong></span> <span class='ocrx_word' id='word_1_131' title='bbox 571 1767 737 1845; x_wconf 80' lang='lat' dir='ltr'><strong>dissordia,</strong></span> <span class='ocrx_word' id='word_1_132' title='bbox 753 1790 812 1851; x_wconf 87' lang='lat' dir='ltr'><strong>pro</strong></span> <span class='ocrx_word' id='word_1_133' title='bbox 826 1767 948 1850; x_wconf 84' lang='lat' dir='ltr'><strong>pietate</strong></span> <span class='ocrx_word' id='word_1_134' title='bbox 955 1769 1070 1867; x_wconf 79' lang='lat' dir='ltr'><strong>jurgia,</strong></span> <span class='ocrx_word' id='word_1_135' title='bbox 1086 1792 1145 1854; x_wconf 89' lang='lat' dir='ltr'><strong>pro</strong></span> <span class='ocrx_word' id='word_1_136' title='bbox 1160 1772 1276 1837; x_wconf 91' lang='lat' dir='ltr'><strong>sobrie-</strong></span> 
     </span>
     <span class='ocr_line' id='line_1_18' title="bbox 178 1852 1276 1937; baseline 0.005 -20"><span class='ocrx_word' id='word_1_137' title='bbox 178 1859 248 1922; x_wconf 88' lang='lat' dir='ltr'><strong>tate</strong></span> <span class='ocrx_word' id='word_1_138' title='bbox 261 1852 411 1929; x_wconf 82' lang='lat' dir='ltr'><strong>ebrietas,</strong></span> <span class='ocrx_word' id='word_1_139' title='bbox 427 1875 485 1937; x_wconf 89' lang='lat' dir='ltr'><strong>pro</strong></span> <span class='ocrx_word' id='word_1_140' title='bbox 498 1853 656 1917; x_wconf 78' lang='lat' dir='ltr'><strong>charitate</strong></span> <span class='ocrx_word' id='word_1_141' title='bbox 670 1859 705 1917; x_wconf 91' lang='lat' dir='ltr'><strong>et</strong></span> <span class='ocrx_word' id='word_1_142' title='bbox 719 1852 870 1917; x_wconf 81' lang='lat' dir='ltr'><strong>castitate</strong></span> <span class='ocrx_word' id='word_1_143' title='bbox 884 1854 1107 1919; x_wconf 82' lang='lat' dir='ltr'><strong>formeationes</strong></span> <span class='ocrx_word' id='word_1_144' title='bbox 1124 1869 1158 1920; x_wconf 90' lang='lat' dir='ltr'><strong>et</strong></span> <span class='ocrx_word' id='word_1_145' title='bbox 1177 1857 1276 1922; x_wconf 90' lang='lat' dir='ltr'><strong>homi-</strong></span> 
     </span>
     <span class='ocr_line' id='line_1_19' title="bbox 177 1938 1276 2026; baseline 0.005 -25"><span class='ocrx_word' id='word_1_146' title='bbox 177 1938 261 2002; x_wconf 86' lang='lat' dir='ltr'><strong>eidia</strong></span> <span class='ocrx_word' id='word_1_147' title='bbox 275 1939 334 2004; x_wconf 92' lang='lat' dir='ltr'><strong>sibi</strong></span> <span class='ocrx_word' id='word_1_148' title='bbox 348 1940 456 2002; x_wconf 87' lang='lat' dir='ltr'><strong>sedem</strong></span> <span class='ocrx_word' id='word_1_149' title='bbox 470 1938 654 2003; x_wconf 75' lang='lat' dir='ltr'><strong>venditent:</strong></span> <span class='ocrx_word' id='word_1_150' title='bbox 679 1960 737 2002; x_wconf 86' lang='lat' dir='ltr'><strong>neo</strong></span> <span class='ocrx_word' id='word_1_151' title='bbox 751 1939 838 2023; x_wconf 90' lang='lat' dir='ltr'><strong>apud</strong></span> <span class='ocrx_word' id='word_1_152' title='bbox 852 1945 886 2002; x_wconf 90' lang='lat' dir='ltr'><strong>te</strong></span> <span class='ocrx_word' id='word_1_153' title='bbox 900 1939 1100 2005; x_wconf 88' lang='lat' dir='ltr'><strong>inveniantur</strong></span> <span class='ocrx_word' id='word_1_154' title='bbox 1113 1941 1221 2026; x_wconf 88' lang='lat' dir='ltr'><strong>aliqui,</strong></span> <span class='ocrx_word' id='word_1_155' title='bbox 1235 1944 1276 2007; x_wconf 88' lang='lat' dir='ltr'><strong>de</strong></span> 
     </span>
     <span class='ocr_line' id='line_1_20' title="bbox 177 2024 1275 2113; baseline 0.005 -27"><span class='ocrx_word' id='word_1_156' title='bbox 177 2024 292 2107; x_wconf 90' lang='lat' dir='ltr'><strong>quibus</strong></span> <span class='ocrx_word' id='word_1_157' title='bbox 313 2025 428 2088; x_wconf 90' lang='lat' dir='ltr'><strong>merito</strong></span> <span class='ocrx_word' id='word_1_158' title='bbox 450 2032 613 2107; x_wconf 80' lang='lat' dir='ltr'><strong>quaeratur</strong></span> <span class='ocrx_word' id='word_1_159' title='bbox 633 2046 672 2087; x_wconf 87' lang='lat' dir='ltr'><strong>ae</strong></span> <span class='ocrx_word' id='word_1_160' title='bbox 692 2024 827 2101; x_wconf 74' lang='lat' dir='ltr'><strong>dicatur,</strong></span> <span class='ocrx_word' id='word_1_161' title='bbox 844 2024 906 2088; x_wconf 89' lang='lat' dir='ltr'><strong>vidi</strong></span> <span class='ocrx_word' id='word_1_162' title='bbox 926 2024 1039 2111; x_wconf 92' lang='lat' dir='ltr'><strong>impios</strong></span> <span class='ocrx_word' id='word_1_163' title='bbox 1054 2027 1203 2111; x_wconf 88' lang='lat' dir='ltr'><strong>sepultos,</strong></span> <span class='ocrx_word' id='word_1_164' title='bbox 1221 2029 1275 2113; x_wconf 90' lang='lat' dir='ltr'><strong>qui</strong></span> 
     </span>
     <span class='ocr_line' id='line_1_21' title="bbox 177 2109 1274 2187; baseline 0.006 -15"><span class='ocrx_word' id='word_1_165' title='bbox 177 2131 249 2172; x_wconf 89' lang='lat' dir='ltr'><strong>eum</strong></span> <span class='ocrx_word' id='word_1_166' title='bbox 262 2110 455 2183; x_wconf 73' lang='lat' dir='ltr'><strong>adviverent,</strong></span> <span class='ocrx_word' id='word_1_167' title='bbox 471 2110 505 2171; x_wconf 91' lang='lat' dir='ltr'><strong>iu</strong></span> <span class='ocrx_word' id='word_1_168' title='bbox 527 2109 597 2174; x_wconf 88' lang='lat' dir='ltr'><strong>loeo</strong></span> <span class='ocrx_word' id='word_1_169' title='bbox 616 2116 728 2173; x_wconf 89' lang='lat' dir='ltr'><strong>saneto</strong></span> <span class='ocrx_word' id='word_1_170' title='bbox 746 2116 849 2187; x_wconf 87' lang='lat' dir='ltr'><strong>erant,</strong></span> <span class='ocrx_word' id='word_1_171' title='bbox 865 2117 899 2173; x_wconf 88' lang='lat' dir='ltr'><strong>et</strong></span> <span class='ocrx_word' id='word_1_172' title='bbox 918 2110 1132 2175; x_wconf 81' lang='lat' dir='ltr'><strong>laudabantur</strong></span> <span class='ocrx_word' id='word_1_173' title='bbox 1148 2113 1180 2175; x_wconf 90' lang='lat' dir='ltr'><strong>in</strong></span> <span class='ocrx_word' id='word_1_174' title='bbox 1201 2114 1274 2179; x_wconf 86' lang='lat' dir='ltr'><strong>sivi·</strong></span> 
     </span>
     <span class='ocr_line' id='line_1_22' title="bbox 177 2196 703 2279; baseline -0.004 -20"><span class='ocrx_word' id='word_1_175' title='bbox 177 2201 255 2271; x_wconf 82' lang='lat' dir='ltr'><strong>tate,</strong></span> <span class='ocrx_word' id='word_1_176' title='bbox 272 2196 362 2279; x_wconf 85' lang='lat' dir='ltr'><strong>quasi</strong></span> <span class='ocrx_word' id='word_1_177' title='bbox 377 2196 549 2279; x_wconf 80' lang='lat' dir='ltr'><strong>fjustorum</strong></span> <span class='ocrx_word' id='word_1_178' title='bbox 563 2216 703 2278; x_wconf 84' lang='lat' dir='ltr'><strong>operum.</strong></span> 
     </span>
    </p>

    <p class='ocr_par' dir='ltr' id='par_1_3' title="bbox 93 2279 1414 2711">
     <span class='ocr_line' id='line_1_23' title="bbox 93 2279 1411 2366; baseline 0.004 -24"><span class='ocrx_word' id='word_1_179' title='bbox 93 2285 96 2297; x_wconf 78' lang='lat'>&#39;</span> <span class='ocrx_word' id='word_1_180' title='bbox 136 2296 168 2342; x_wconf 80' lang='lat'><strong>50</strong></span> <span class='ocrx_word' id='word_1_181' title='bbox 221 2303 251 2360; x_wconf 82' lang='lat' dir='ltr'><strong>o.</strong></span> <span class='ocrx_word' id='word_1_182' title='bbox 268 2280 389 2345; x_wconf 83' lang='lat' dir='ltr'><strong>Eorum</strong></span> <span class='ocrx_word' id='word_1_183' title='bbox 410 2302 536 2366; x_wconf 89' lang='lat' dir='ltr'><strong>quoqne</strong></span> <span class='ocrx_word' id='word_1_184' title='bbox 557 2279 612 2365; x_wconf 91' lang='lat' dir='ltr'><strong>qui</strong></span> <span class='ocrx_word' id='word_1_185' title='bbox 633 2280 667 2343; x_wconf 90' lang='lat' dir='ltr'><strong>in</strong></span> <span class='ocrx_word' id='word_1_186' title='bbox 688 2280 833 2365; x_wconf 84' lang='lat' dir='ltr'><strong>populari</strong></span> <span class='ocrx_word' id='word_1_187' title='bbox 855 2281 959 2345; x_wconf 86' lang='lat' dir='ltr'><strong>adhue</strong></span> <span class='ocrx_word' id='word_1_188' title='bbox 982 2282 1049 2346; x_wconf 84' lang='lat' dir='ltr'><strong>vita</strong></span> <span class='ocrx_word' id='word_1_189' title='bbox 1070 2283 1411 2366; x_wconf 76' lang='lat' dir='ltr'><strong>eontinenturueopen.</strong></span> 
     </span>
     <span class='ocr_line' id='line_1_24' title="bbox 176 2366 1414 2452; baseline 0.002 -23"><span class='ocrx_word' id='word_1_190' title='bbox 176 2366 333 2431; x_wconf 75' lang='lat' dir='ltr'><strong>solicitam</strong></span> <span class='ocrx_word' id='word_1_191' title='bbox 345 2373 381 2431; x_wconf 88' lang='lat' dir='ltr'><strong>te</strong></span> <span class='ocrx_word' id='word_1_192' title='bbox 401 2388 530 2432; x_wconf 83' lang='lat' dir='ltr'><strong>neeesse</strong></span> <span class='ocrx_word' id='word_1_193' title='bbox 551 2372 601 2429; x_wconf 89' lang='lat' dir='ltr'><strong>est</strong></span> <span class='ocrx_word' id='word_1_194' title='bbox 622 2387 731 2430; x_wconf 87' lang='lat' dir='ltr'><strong>euram</strong></span> <span class='ocrx_word' id='word_1_195' title='bbox 752 2373 925 2450; x_wconf 75' lang='lat' dir='ltr'><strong>gererent</strong></span> <span class='ocrx_word' id='word_1_196' title='bbox 947 2367 1029 2431; x_wconf 87' lang='lat' dir='ltr'><strong>siout</strong></span> <span class='ocrx_word' id='word_1_197' title='bbox 1049 2368 1082 2431; x_wconf 90' lang='lat' dir='ltr'><strong>in</strong></span> <span class='ocrx_word' id='word_1_198' title='bbox 1101 2369 1274 2452; x_wconf 87' lang='lat' dir='ltr'><strong>primordio</strong></span> <span class='ocrx_word' id='word_1_199' title='bbox 1282 2368 1327 2445; x_wconf 57' lang='grc' dir='ltr'><strong>ΙΨ*</strong></span> <span class='ocrx_word' id='word_1_200' title='bbox 1338 2371 1414 2431; x_wconf 74' lang='lat' dir='ltr'><strong>pien-</strong></span> 
     </span>
     <span class='ocr_line' id='line_1_25' title="bbox 176 2440 1321 2536; baseline 0.005 -21"><span class='ocrx_word' id='word_1_201' title='bbox 176 2452 269 2535; x_wconf 92' lang='lat' dir='ltr'><strong>hujus</strong></span> <span class='ocrx_word' id='word_1_202' title='bbox 295 2452 437 2536; x_wconf 82' lang='lat' dir='ltr'><strong>epistolae</strong></span> <span class='ocrx_word' id='word_1_203' title='bbox 462 2450 716 2536; x_wconf 75' lang='lat' dir='ltr'><strong>praemonuimus,</strong></span> <span class='ocrx_word' id='word_1_204' title='bbox 742 2450 933 2515; x_wconf 75' lang='lat' dir='ltr'><strong>sufficientes</strong></span> <span class='ocrx_word' id='word_1_205' title='bbox 959 2452 1005 2516; x_wconf 87' lang='lat' dir='ltr'><strong>eis</strong></span> <span class='ocrx_word' id='word_1_206' title='bbox 1030 2453 1176 2517; x_wconf 86' lang='lat' dir='ltr'><strong>dootores</strong></span> <span class='ocrx_word' id='word_1_207' title='bbox 1198 2440 1321 2521; x_wconf 56' lang='lat' dir='ltr'><strong>vital*</strong></span> 
     </span>
     <span class='ocr_line' id='line_1_26' title="bbox 176 2536 1273 2613; baseline 0.005 -11"><span class='ocrx_word' id='word_1_208' title='bbox 176 2538 325 2603; x_wconf 65' lang='lat' dir='ltr'><strong>mutarn</strong></span> <span class='ocrx_word' id='word_1_209' title='bbox 349 2538 501 2602; x_wconf 88' lang='lat' dir='ltr'><strong>adhibere</strong></span> <span class='ocrx_word' id='word_1_210' title='bbox 524 2537 711 2613; x_wconf 87' lang='lat' dir='ltr'><strong>memineris,</strong></span> <span class='ocrx_word' id='word_1_211' title='bbox 736 2543 771 2601; x_wconf 93' lang='lat' dir='ltr'><strong>et</strong></span> <span class='ocrx_word' id='word_1_212' title='bbox 796 2536 856 2600; x_wconf 90' lang='lat' dir='ltr'><strong>hoo</strong></span> <span class='ocrx_word' id='word_1_213' title='bbox 880 2559 934 2602; x_wconf 89' lang='lat' dir='ltr'><strong>eos</strong></span> <span class='ocrx_word' id='word_1_214' title='bbox 955 2538 1039 2604; x_wconf 86' lang='lat' dir='ltr'><strong>inter</strong></span> <span class='ocrx_word' id='word_1_215' title='bbox 1064 2539 1127 2604; x_wconf 84' lang='lat' dir='ltr'><strong>alia</strong></span> <span class='ocrx_word' id='word_1_216' title='bbox 1152 2540 1273 2607; x_wconf 89' lang='lat' dir='ltr'><strong>disoere</strong></span> 
     </span>
     <span class='ocr_line' id='line_1_27' title="bbox 175 2623 1273 2711; baseline 0.006 -25"><span class='ocrx_word' id='word_1_217' title='bbox 175 2625 284 2701; x_wconf 80' lang='lat' dir='ltr'><strong>fanias,</strong></span> <span class='ocrx_word' id='word_1_218' title='bbox 311 2624 426 2709; x_wconf 90' lang='lat' dir='ltr'><strong>quibus</strong></span> <span class='ocrx_word' id='word_1_219' title='bbox 453 2624 602 2708; x_wconf 76' lang='lat' dir='ltr'><strong>operibus</strong></span> <span class='ocrx_word' id='word_1_220' title='bbox 629 2623 768 2686; x_wconf 79' lang='lat' dir='ltr'><strong>maxime</strong></span> <span class='ocrx_word' id='word_1_221' title='bbox 797 2624 867 2686; x_wconf 92' lang='lat' dir='ltr'><strong>Deo</strong></span> <span class='ocrx_word' id='word_1_222' title='bbox 895 2624 1029 2707; x_wconf 83' lang='lat' dir='ltr'><strong>plaeere,</strong></span> <span class='ocrx_word' id='word_1_223' title='bbox 1050 2648 1076 2689; x_wconf 84' lang='lat' dir='ltr'><strong>a</strong></span> <span class='ocrx_word' id='word_1_224' title='bbox 1100 2625 1213 2711; x_wconf 88' lang='lat' dir='ltr'><strong>quibus</strong></span> <span class='ocrx_word' id='word_1_225' title='bbox 1238 2649 1273 2693; x_wconf 86' lang='lat' dir='ltr'><strong>sa</strong></span> 
     </span>
    </p>

    <p class='ocr_par' dir='ltr' id='par_1_4' title="bbox 91 2708 1391 3230">
     <span class='ocr_line' id='line_1_28' title="bbox 91 2708 1273 2797; baseline 0.008 -31"><span class='ocrx_word' id='word_1_226' title='bbox 91 2725 154 2788; x_wconf 82' lang='lat'><strong>31¹</strong></span> <span class='ocrx_word' id='word_1_227' title='bbox 176 2709 314 2774; x_wconf 85' lang='lat' dir='ltr'><strong>debeant</strong></span> <span class='ocrx_word' id='word_1_228' title='bbox 336 2710 389 2793; x_wconf 93' lang='lat' dir='ltr'><strong>qui</strong></span> <span class='ocrx_word' id='word_1_229' title='bbox 411 2713 484 2774; x_wconf 89' lang='lat' dir='ltr'><strong>Deo</strong></span> <span class='ocrx_word' id='word_1_230' title='bbox 504 2711 630 2793; x_wconf 80' lang='lat' dir='ltr'><strong>plaeere</strong></span> <span class='ocrx_word' id='word_1_231' title='bbox 652 2708 834 2774; x_wconf 89' lang='lat' dir='ltr'><strong>desiderant</strong></span> <span class='ocrx_word' id='word_1_232' title='bbox 855 2709 1016 2779; x_wconf 88' lang='lat' dir='ltr'><strong>abstinere</strong></span> <span class='ocrx_word' id='word_1_233' title='bbox 1036 2711 1185 2795; x_wconf 81' lang='lat' dir='ltr'><strong>poscatis,</strong></span> <span class='ocrx_word' id='word_1_234' title='bbox 1209 2735 1273 2797; x_wconf 81' lang='lat' dir='ltr'><strong>qus</strong></span> 
     </span>
     <span class='ocr_line' id='line_1_29' title="bbox 175 2794 1273 2878; baseline 0.004 -20"><span class='ocrx_word' id='word_1_235' title='bbox 175 2796 280 2858; x_wconf 86' lang='lat' dir='ltr'><strong>eordis</strong></span> <span class='ocrx_word' id='word_1_236' title='bbox 301 2795 485 2859; x_wconf 79' lang='lat' dir='ltr'><strong>sinceritate</strong></span> <span class='ocrx_word' id='word_1_237' title='bbox 506 2795 539 2858; x_wconf 91' lang='lat' dir='ltr'><strong>in</strong></span> <span class='ocrx_word' id='word_1_238' title='bbox 559 2796 665 2858; x_wconf 91' lang='lat' dir='ltr'><strong>Deum</strong></span> <span class='ocrx_word' id='word_1_239' title='bbox 686 2794 904 2878; x_wconf 69' lang='lat' dir='ltr'><strong>madoreque</strong></span> <span class='ocrx_word' id='word_1_240' title='bbox 917 2794 1057 2860; x_wconf 86' lang='lat' dir='ltr'><strong>divinam</strong></span> <span class='ocrx_word' id='word_1_241' title='bbox 1071 2796 1273 2862; x_wconf 85' lang='lat' dir='ltr'><strong>elementiam</strong></span> 
     </span>
     <span class='ocr_line' id='line_1_30' title="bbox 175 2879 1273 2966; baseline 0.005 -23"><span class='ocrx_word' id='word_1_242' title='bbox 175 2881 389 2965; x_wconf 88' lang='lat' dir='ltr'><strong>supplioantes</strong></span> <span class='ocrx_word' id='word_1_243' title='bbox 411 2882 550 2946; x_wconf 84' lang='lat' dir='ltr'><strong>debeant</strong></span> <span class='ocrx_word' id='word_1_244' title='bbox 571 2879 739 2944; x_wconf 88' lang='lat' dir='ltr'><strong>devotione</strong></span> <span class='ocrx_word' id='word_1_245' title='bbox 761 2880 893 2963; x_wconf 66' lang='lat' dir='ltr'><strong>pressari,</strong></span> <span class='ocrx_word' id='word_1_246' title='bbox 912 2902 1007 2964; x_wconf 90' lang='lat' dir='ltr'><strong>quam</strong></span> <span class='ocrx_word' id='word_1_247' title='bbox 1027 2881 1184 2966; x_wconf 80' lang='lat' dir='ltr'><strong>frequenti</strong></span> <span class='ocrx_word' id='word_1_248' title='bbox 1199 2883 1273 2948; x_wconf 87' lang='lat' dir='ltr'><strong>dili-</strong></span> 
     </span>
     <span class='ocr_line' id='line_1_31' title="bbox 174 2966 1274 3052; baseline 0.005 -24"><span class='ocrx_word' id='word_1_249' title='bbox 174 2967 284 3050; x_wconf 85' lang='lat' dir='ltr'><strong>geutia</strong></span> <span class='ocrx_word' id='word_1_250' title='bbox 304 2966 465 3052; x_wconf 81' lang='lat' dir='ltr'><strong>signaoulo</strong></span> <span class='ocrx_word' id='word_1_251' title='bbox 485 2988 519 3030; x_wconf 92' lang='lat' dir='ltr'><strong>se</strong></span> <span class='ocrx_word' id='word_1_252' title='bbox 538 2966 714 3031; x_wconf 80' lang='lat' dir='ltr'><strong>Dominioae</strong></span> <span class='ocrx_word' id='word_1_253' title='bbox 729 2966 831 3028; x_wconf 88' lang='lat' dir='ltr'><strong>oruois</strong></span> <span class='ocrx_word' id='word_1_254' title='bbox 845 2987 964 3050; x_wconf 89' lang='lat' dir='ltr'><strong>suaque</strong></span> <span class='ocrx_word' id='word_1_255' title='bbox 980 2966 1085 3031; x_wconf 89' lang='lat' dir='ltr'><strong>omnia</strong></span> <span class='ocrx_word' id='word_1_256' title='bbox 1106 2967 1274 3034; x_wconf 86' lang='lat' dir='ltr'><strong>adversum</strong></span> 
     </span>
     <span class='ocr_line' id='line_1_32' title="bbox 175 3051 1274 3135; baseline 0.005 -21"><span class='ocrx_word' id='word_1_257' title='bbox 175 3052 343 3116; x_wconf 74' lang='lat' dir='ltr'><strong>continuas</strong></span> <span class='ocrx_word' id='word_1_258' title='bbox 365 3052 599 3118; x_wconf 87' lang='lat' dir='ltr'><strong>immundorum</strong></span> <span class='ocrx_word' id='word_1_259' title='bbox 624 3051 794 3135; x_wconf 84' lang='lat' dir='ltr'><strong>spirituum</strong></span> <span class='ocrx_word' id='word_1_260' title='bbox 817 3051 948 3114; x_wconf 87' lang='lat' dir='ltr'><strong>insidias</strong></span> <span class='ocrx_word' id='word_1_261' title='bbox 977 3069 1103 3115; x_wconf 83' lang='lat' dir='ltr'><strong>neeesse</strong></span> <span class='ocrx_word' id='word_1_262' title='bbox 1133 3053 1274 3120; x_wconf 81' lang='lat' dir='ltr'><strong>habeant</strong></span> 
     </span>
     <span class='ocr_line' id='line_1_33' title="bbox 175 3135 1391 3230; baseline 0.007 -31"><span class='ocrx_word' id='word_1_263' title='bbox 175 3137 305 3216; x_wconf 90' lang='lat' dir='ltr'><strong>munire,</strong></span> <span class='ocrx_word' id='word_1_264' title='bbox 320 3161 417 3223; x_wconf 87' lang='lat' dir='ltr'><strong>quam</strong></span> <span class='ocrx_word' id='word_1_265' title='bbox 437 3139 604 3203; x_wconf 77' lang='lat' dir='ltr'><strong>gsalutaris</strong></span> <span class='ocrx_word' id='word_1_266' title='bbox 625 3138 669 3200; x_wconf 91' lang='lat' dir='ltr'><strong>sit</strong></span> <span class='ocrx_word' id='word_1_267' title='bbox 689 3136 775 3200; x_wconf 90' lang='lat' dir='ltr'><strong>omni</strong></span> <span class='ocrx_word' id='word_1_268' title='bbox 797 3135 1050 3202; x_wconf 75' lang='lat' dir='ltr'><strong>Christianorum</strong></span> <span class='ocrx_word' id='word_1_269' title='bbox 1069 3139 1177 3223; x_wconf 82' lang='lat' dir='ltr'><strong>generi</strong></span> <span class='ocrx_word' id='word_1_270' title='bbox 1196 3162 1273 3224; x_wconf 90' lang='lat' dir='ltr'><strong>quo·</strong></span> <span class='ocrx_word' id='word_1_271' title='bbox 1282 3166 1321 3216; x_wconf 86' lang='lat' dir='ltr'><strong>De</strong></span> <span class='ocrx_word' id='word_1_272' title='bbox 1331 3184 1391 3230; x_wconf 82' lang='lat' dir='ltr'><strong>quo-</strong></span> 
     </span>
    </p>

    <p class='ocr_par' dir='ltr' id='par_1_5' title="bbox 136 3222 1429 4251">
     <span class='ocr_line' id='line_1_34' title="bbox 152 3222 1429 3311; baseline -0.005 -22"><span class='ocrx_word' id='word_1_273' title='bbox 152 3222 298 3289; x_wconf 75' lang='lat' dir='ltr'><strong>stidiana</strong></span> <span class='ocrx_word' id='word_1_274' title='bbox 315 3224 474 3290; x_wconf 89' lang='lat' dir='ltr'><strong>Dominioi</strong></span> <span class='ocrx_word' id='word_1_275' title='bbox 492 3224 633 3308; x_wconf 83' lang='lat' dir='ltr'><strong>eorporis</strong></span> <span class='ocrx_word' id='word_1_276' title='bbox 654 3245 693 3287; x_wconf 82' lang='lat' dir='ltr'><strong>aa</strong></span> <span class='ocrx_word' id='word_1_277' title='bbox 714 3222 875 3308; x_wconf 85' lang='lat' dir='ltr'><strong>sanguinis</strong></span> <span class='ocrx_word' id='word_1_278' title='bbox 895 3223 1065 3307; x_wconf 83' lang='lat' dir='ltr'><strong>pereeptio,</strong></span> <span class='ocrx_word' id='word_1_279' title='bbox 1077 3225 1173 3308; x_wconf 83' lang='lat' dir='ltr'><strong>juxta</strong></span> <span class='ocrx_word' id='word_1_280' title='bbox 1188 3227 1375 3311; x_wconf 66' lang='lat' dir='ltr'><strong>quodtidnua</strong></span> <span class='ocrx_word' id='word_1_281' title='bbox 1386 3250 1429 3283; x_wconf 84' lang='lat' dir='ltr'><strong>eu-</strong></span> 
     </span>
     <span class='ocr_line' id='line_1_35' title="bbox 175 3297 1403 3395; baseline 0.007 -24"><span class='ocrx_word' id='word_1_282' title='bbox 175 3308 339 3373; x_wconf 83' lang='lat' dir='ltr'><strong>eaolesiam</strong></span> <span class='ocrx_word' id='word_1_283' title='bbox 354 3310 473 3375; x_wconf 72' lang='lat' dir='ltr'><strong>Christi</strong></span> <span class='ocrx_word' id='word_1_284' title='bbox 490 3332 548 3395; x_wconf 92' lang='lat' dir='ltr'><strong>per</strong></span> <span class='ocrx_word' id='word_1_285' title='bbox 566 3309 703 3385; x_wconf 85' lang='lat' dir='ltr'><strong>Italiam,</strong></span> <span class='ocrx_word' id='word_1_286' title='bbox 719 3309 864 3386; x_wconf 77' lang='lat' dir='ltr'><strong>Galliam</strong></span> <span class='ocrx_word' id='word_1_287' title='bbox 881 3308 1034 3386; x_wconf 77' lang='lat' dir='ltr'><strong>Africam,</strong></span> <span class='ocrx_word' id='word_1_288' title='bbox 1051 3309 1218 3387; x_wconf 75' lang='lat' dir='ltr'><strong>eraeciam,</strong></span> <span class='ocrx_word' id='word_1_289' title='bbox 1234 3297 1403 3378; x_wconf 54' lang='lat' dir='ltr'><strong>accusasse.</strong></span> 
     </span>
     <span class='ocr_line' id='line_1_36' title="bbox 175 3394 1273 3481; baseline 0.003 -24"><span class='ocrx_word' id='word_1_290' title='bbox 175 3401 280 3458; x_wconf 86' lang='lat' dir='ltr'><strong>totum</strong></span> <span class='ocrx_word' id='word_1_291' title='bbox 298 3396 462 3460; x_wconf 85' lang='lat' dir='ltr'><strong>Orientem</strong></span> <span class='ocrx_word' id='word_1_292' title='bbox 483 3396 617 3463; x_wconf 78' lang='lat' dir='ltr'><strong>solerter</strong></span> <span class='ocrx_word' id='word_1_293' title='bbox 637 3416 733 3479; x_wconf 88' lang='lat' dir='ltr'><strong>agere</strong></span> <span class='ocrx_word' id='word_1_294' title='bbox 754 3394 849 3459; x_wconf 90' lang='lat' dir='ltr'><strong>nosti.</strong></span> <span class='ocrx_word' id='word_1_295' title='bbox 894 3394 986 3473; x_wconf 81' lang='lat' dir='ltr'><strong>Quod</strong></span> <span class='ocrx_word' id='word_1_296' title='bbox 1008 3394 1153 3459; x_wconf 84' lang='lat' dir='ltr'><strong>videlieet</strong></span> <span class='ocrx_word' id='word_1_297' title='bbox 1173 3418 1273 3481; x_wconf 86' lang='lat' dir='ltr'><strong>genus</strong></span> 
     </span>
     <span class='ocr_line' id='line_1_37' title="bbox 174 3478 1273 3564; baseline 0.003 -21"><span class='ocrx_word' id='word_1_298' title='bbox 174 3479 343 3564; x_wconf 83' lang='lat' dir='ltr'><strong>religionis,</strong></span> <span class='ocrx_word' id='word_1_299' title='bbox 358 3503 397 3545; x_wconf 83' lang='lat' dir='ltr'><strong>ae</strong></span> <span class='ocrx_word' id='word_1_300' title='bbox 411 3481 482 3544; x_wconf 89' lang='lat' dir='ltr'><strong>Deo</strong></span> <span class='ocrx_word' id='word_1_301' title='bbox 497 3483 619 3545; x_wconf 78' lang='lat' dir='ltr'><strong>devotae</strong></span> <span class='ocrx_word' id='word_1_302' title='bbox 634 3479 894 3544; x_wconf 83' lang='lat' dir='ltr'><strong>sanetifioationis</strong></span> <span class='ocrx_word' id='word_1_303' title='bbox 909 3485 977 3543; x_wconf 87' lang='lat' dir='ltr'><strong>tam</strong></span> <span class='ocrx_word' id='word_1_304' title='bbox 1000 3478 1093 3564; x_wconf 86' lang='lat' dir='ltr'><strong>longe</strong></span> <span class='ocrx_word' id='word_1_305' title='bbox 1112 3503 1133 3544; x_wconf 92' lang='lat' dir='ltr'><strong>a</strong></span> <span class='ocrx_word' id='word_1_306' title='bbox 1150 3480 1273 3546; x_wconf 87' lang='lat' dir='ltr'><strong>ounotis</strong></span> 
     </span>
     <span class='ocr_line' id='line_1_38' title="bbox 174 3564 1274 3653; baseline 0.004 -27"><span class='ocrx_word' id='word_1_307' title='bbox 174 3585 254 3650; x_wconf 85' lang='lat' dir='ltr'><strong>pene</strong></span> <span class='ocrx_word' id='word_1_308' title='bbox 263 3573 382 3630; x_wconf 81' lang='lat' dir='ltr'><strong>uostrae</strong></span> <span class='ocrx_word' id='word_1_309' title='bbox 391 3566 560 3652; x_wconf 84' lang='lat' dir='ltr'><strong>provinoiae</strong></span> <span class='ocrx_word' id='word_1_310' title='bbox 568 3565 657 3630; x_wconf 89' lang='lat' dir='ltr'><strong>laiois</strong></span> <span class='ocrx_word' id='word_1_311' title='bbox 665 3587 723 3648; x_wconf 89' lang='lat' dir='ltr'><strong>per</strong></span> <span class='ocrx_word' id='word_1_312' title='bbox 730 3564 1071 3629; x_wconf 77' lang='lat' dir='ltr'><strong>inauriamdooentium</strong></span> <span class='ocrx_word' id='word_1_313' title='bbox 1077 3566 1167 3649; x_wconf 89' lang='lat' dir='ltr'><strong>quasi</strong></span> <span class='ocrx_word' id='word_1_314' title='bbox 1175 3589 1274 3653; x_wconf 91' lang='lat' dir='ltr'><strong>prope</strong></span> 
     </span>
     <span class='ocr_line' id='line_1_39' title="bbox 174 3648 1272 3737; baseline 0.003 -22"><span class='ocrx_word' id='word_1_315' title='bbox 174 3650 374 3736; x_wconf 81' lang='lat' dir='ltr'><strong>peregrinum</strong></span> <span class='ocrx_word' id='word_1_316' title='bbox 387 3653 489 3727; x_wconf 71' lang='lat' dir='ltr'><strong>abest</strong></span> <span class='ocrx_word' id='word_1_317' title='bbox 505 3659 543 3716; x_wconf 91' lang='lat' dir='ltr'><strong>ut</strong></span> <span class='ocrx_word' id='word_1_318' title='bbox 561 3651 595 3717; x_wconf 89' lang='lat' dir='ltr'><strong>bi</strong></span> <span class='ocrx_word' id='word_1_319' title='bbox 610 3651 664 3737; x_wconf 91' lang='lat' dir='ltr'><strong>qui</strong></span> <span class='ocrx_word' id='word_1_320' title='bbox 682 3651 767 3714; x_wconf 88' lang='lat' dir='ltr'><strong>inter</strong></span> <span class='ocrx_word' id='word_1_321' title='bbox 781 3648 1011 3734; x_wconf 78' lang='lat' dir='ltr'><strong>hreligiosiores</strong></span> <span class='ocrx_word' id='word_1_322' title='bbox 1033 3672 1101 3714; x_wconf 87' lang='lat' dir='ltr'><strong>esse</strong></span> <span class='ocrx_word' id='word_1_323' title='bbox 1116 3652 1272 3731; x_wconf 88' lang='lat' dir='ltr'><strong>videntur,</strong></span> 
     </span>
     <span class='ocr_line' id='line_1_40' title="bbox 136 3735 1273 3821; baseline 0.007 -24"><span class='ocrx_word' id='word_1_324' title='bbox 136 3767 166 3799; x_wconf 76' lang='grc' dir='ltr'><strong>ιο</strong></span> <span class='ocrx_word' id='word_1_325' title='bbox 174 3757 238 3798; x_wconf 93' lang='lat' dir='ltr'><strong>non</strong></span> <span class='ocrx_word' id='word_1_326' title='bbox 252 3737 313 3800; x_wconf 88' lang='lat' dir='ltr'><strong>nisi</strong></span> <span class='ocrx_word' id='word_1_327' title='bbox 328 3737 362 3800; x_wconf 92' lang='lat' dir='ltr'><strong>in</strong></span> <span class='ocrx_word' id='word_1_328' title='bbox 375 3736 476 3802; x_wconf 82' lang='lat' dir='ltr'><strong>natali</strong></span> <span class='ocrx_word' id='word_1_329' title='bbox 491 3736 621 3801; x_wconf 89' lang='lat' dir='ltr'><strong>Domini</strong></span> <span class='ocrx_word' id='word_1_330' title='bbox 636 3743 671 3800; x_wconf 89' lang='lat' dir='ltr'><strong>et</strong></span> <span class='ocrx_word' id='word_1_331' title='bbox 684 3735 855 3821; x_wconf 88' lang='lat' dir='ltr'><strong>epiphania</strong></span> <span class='ocrx_word' id='word_1_332' title='bbox 874 3741 908 3798; x_wconf 91' lang='lat' dir='ltr'><strong>et</strong></span> <span class='ocrx_word' id='word_1_333' title='bbox 925 3735 1044 3819; x_wconf 85' lang='lat' dir='ltr'><strong>paseha</strong></span> <span class='ocrx_word' id='word_1_334' title='bbox 1061 3738 1273 3805; x_wconf 80' lang='lat' dir='ltr'><strong>saerosanctis</strong></span> 
     </span>
     <span class='ocr_line' id='line_1_41' title="bbox 174 3819 1271 3907; baseline 0.004 -23"><span class='ocrx_word' id='word_1_335' title='bbox 174 3823 332 3905; x_wconf 73' lang='lat' dir='ltr'><strong>mysteriis</strong></span> <span class='ocrx_word' id='word_1_336' title='bbox 350 3823 582 3888; x_wconf 85' lang='lat' dir='ltr'><strong>eommunioare</strong></span> <span class='ocrx_word' id='word_1_337' title='bbox 602 3827 806 3907; x_wconf 71' lang='lat' dir='ltr'><strong>praesumant,</strong></span> <span class='ocrx_word' id='word_1_338' title='bbox 827 3841 900 3884; x_wconf 88' lang='lat' dir='ltr'><strong>oum</strong></span> <span class='ocrx_word' id='word_1_339' title='bbox 921 3819 986 3885; x_wconf 91' lang='lat' dir='ltr'><strong>sint</strong></span> <span class='ocrx_word' id='word_1_340' title='bbox 1007 3820 1163 3884; x_wconf 90' lang='lat' dir='ltr'><strong>innumeri</strong></span> <span class='ocrx_word' id='word_1_341' title='bbox 1183 3822 1271 3888; x_wconf 91' lang='lat' dir='ltr'><strong>inno-</strong></span> 
     </span>
     <span class='ocr_line' id='line_1_42' title="bbox 173 3905 1272 3992; baseline 0.004 -22"><span class='ocrx_word' id='word_1_342' title='bbox 173 3913 282 3971; x_wconf 85' lang='lat' dir='ltr'><strong>eentes</strong></span> <span class='ocrx_word' id='word_1_343' title='bbox 295 3916 330 3973; x_wconf 90' lang='lat' dir='ltr'><strong>et</strong></span> <span class='ocrx_word' id='word_1_344' title='bbox 343 3908 529 3974; x_wconf 73' lang='lat' dir='ltr'><strong>mstissimoe</strong></span> <span class='ocrx_word' id='word_1_345' title='bbox 540 3906 787 3972; x_wconf 86' lang='lat' dir='ltr'><strong>eonversationis</strong></span> <span class='ocrx_word' id='word_1_346' title='bbox 801 3905 891 3992; x_wconf 90' lang='lat' dir='ltr'><strong>pueri</strong></span> <span class='ocrx_word' id='word_1_347' title='bbox 905 3928 943 3970; x_wconf 87' lang='lat' dir='ltr'><strong>ao</strong></span> <span class='ocrx_word' id='word_1_348' title='bbox 958 3906 1080 3991; x_wconf 87' lang='lat' dir='ltr'><strong>puellae,</strong></span> <span class='ocrx_word' id='word_1_349' title='bbox 1092 3907 1223 3991; x_wconf 90' lang='lat' dir='ltr'><strong>juvenes</strong></span> <span class='ocrx_word' id='word_1_350' title='bbox 1238 3917 1272 3975; x_wconf 90' lang='lat' dir='ltr'><strong>et</strong></span> 
     </span>
     <span class='ocr_line' id='line_1_43' title="bbox 174 3991 1271 4092; baseline 0.002 -34"><span class='ocrx_word' id='word_1_351' title='bbox 174 3992 317 4077; x_wconf 82' lang='lat' dir='ltr'><strong>virgines,</strong></span> <span class='ocrx_word' id='word_1_352' title='bbox 332 4015 425 4058; x_wconf 89' lang='lat' dir='ltr'><strong>senes</strong></span> <span class='ocrx_word' id='word_1_353' title='bbox 438 4002 473 4059; x_wconf 90' lang='lat' dir='ltr'><strong>et</strong></span> <span class='ocrx_word' id='word_1_354' title='bbox 486 4015 575 4071; x_wconf 71' lang='lat' dir='ltr'><strong>auus</strong></span> <span class='ocrx_word' id='word_1_355' title='bbox 591 3994 646 4079; x_wconf 89' lang='lat' dir='ltr'><strong>qui</strong></span> <span class='ocrx_word' id='word_1_356' title='bbox 661 3994 782 4092; x_wconf 81' lang='lat' dir='ltr'><strong>absque</strong></span> <span class='ocrx_word' id='word_1_357' title='bbox 797 3993 861 4056; x_wconf 91' lang='lat' dir='ltr'><strong>ullo</strong></span> <span class='ocrx_word' id='word_1_358' title='bbox 876 3991 1022 4078; x_wconf 87' lang='lat' dir='ltr'><strong>serupulo</strong></span> <span class='ocrx_word' id='word_1_359' title='bbox 1037 3995 1271 4074; x_wconf 71' lang='lat' dir='ltr'><strong>controversia,</strong></span> 
     </span>
     <span class='ocr_line' id='line_1_44' title="bbox 173 4077 1271 4164; baseline 0.003 -23"><span class='ocrx_word' id='word_1_360' title='bbox 173 4079 258 4142; x_wconf 90' lang='lat' dir='ltr'><strong>omni</strong></span> <span class='ocrx_word' id='word_1_361' title='bbox 272 4079 324 4144; x_wconf 91' lang='lat' dir='ltr'><strong>die</strong></span> <span class='ocrx_word' id='word_1_362' title='bbox 340 4079 517 4157; x_wconf 89' lang='lat' dir='ltr'><strong>Dominioo‚</strong></span> <span class='ocrx_word' id='word_1_363' title='bbox 533 4079 599 4144; x_wconf 86' lang='lat' dir='ltr'><strong>sive</strong></span> <span class='ocrx_word' id='word_1_364' title='bbox 613 4079 712 4144; x_wconf 85' lang='lat' dir='ltr'><strong>etiam</strong></span> <span class='ocrx_word' id='word_1_365' title='bbox 729 4101 762 4143; x_wconf 91' lang='lat' dir='ltr'><strong>m</strong></span> <span class='ocrx_word' id='word_1_366' title='bbox 777 4077 932 4143; x_wconf 85' lang='lat' dir='ltr'><strong>natalitiis</strong></span> <span class='ocrx_word' id='word_1_367' title='bbox 946 4083 1130 4142; x_wconf 80' lang='lat' dir='ltr'><strong>sanctorum</strong></span> <span class='ocrx_word' id='word_1_368' title='bbox 1144 4086 1271 4164; x_wconf 87' lang='lat' dir='ltr'><strong>aposto-</strong></span> 
     </span>
     <span class='ocr_line' id='line_1_45' title="bbox 172 4163 1272 4251; baseline 0.003 -23"><span class='ocrx_word' id='word_1_369' title='bbox 172 4163 283 4243; x_wconf 87' lang='lat' dir='ltr'><strong>lorum,</strong></span> <span class='ocrx_word' id='word_1_370' title='bbox 309 4165 373 4230; x_wconf 88' lang='lat' dir='ltr'><strong>sive</strong></span> <span class='ocrx_word' id='word_1_371' title='bbox 395 4172 581 4250; x_wconf 85' lang='lat' dir='ltr'><strong>martyrum,</strong></span> <span class='ocrx_word' id='word_1_372' title='bbox 605 4165 763 4249; x_wconf 92' lang='lat' dir='ltr'><strong>quomodo</strong></span> <span class='ocrx_word' id='word_1_373' title='bbox 787 4165 854 4251; x_wconf 92' lang='lat' dir='ltr'><strong>ipse</strong></span> <span class='ocrx_word' id='word_1_374' title='bbox 878 4163 911 4227; x_wconf 91' lang='lat' dir='ltr'><strong>in</strong></span> <span class='ocrx_word' id='word_1_375' title='bbox 934 4170 1047 4229; x_wconf 84' lang='lat' dir='ltr'><strong>saneta</strong></span> <span class='ocrx_word' id='word_1_376' title='bbox 1070 4164 1216 4230; x_wconf 86' lang='lat' dir='ltr'><strong>Romana</strong></span> <span class='ocrx_word' id='word_1_377' title='bbox 1238 4173 1272 4231; x_wconf 90' lang='lat' dir='ltr'><strong>et</strong></span> 
     </span>
    </p>
   </div>
   <div class='ocr_carea' id='block_1_3' title="bbox 172 4348 1269 4476">
    <p class='ocr_par' dir='ltr' id='par_1_6' title="bbox 172 4348 1269 4476">
     <span class='ocr_line' id='line_1_46' title="bbox 205 4348 1269 4400; baseline 0.004 -4"><span class='ocrx_word' id='word_1_378' title='bbox 205 4351 255 4397; x_wconf 71' lang='lat' dir='ltr'><strong>cin</strong></span> <span class='ocrx_word' id='word_1_379' title='bbox 267 4350 296 4399; x_wconf 87' lang='lat' dir='ltr'><strong>V.</strong></span> <span class='ocrx_word' id='word_1_380' title='bbox 379 4348 473 4399; x_wconf 76' lang='lat' dir='ltr'><strong>dav.</strong></span> <span class='ocrx_word' id='word_1_381' title='bbox 556 4356 688 4398; x_wconf 70' lang='lat' dir='ltr'><strong>evenerum</strong></span> <span class='ocrx_word' id='word_1_382' title='bbox 699 4350 729 4397; x_wconf 93' lang='lat' dir='ltr'><strong>V.</strong></span> <span class='ocrx_word' id='word_1_383' title='bbox 820 4349 957 4397; x_wconf 69' lang='lat' dir='ltr'><strong>tonsorem</strong></span> <span class='ocrx_word' id='word_1_384' title='bbox 969 4349 998 4396; x_wconf 90' lang='lat' dir='ltr'><strong>V.</strong></span> <span class='ocrx_word' id='word_1_385' title='bbox 1091 4352 1229 4399; x_wconf 64' lang='lat' dir='ltr'><strong>sustulere</strong></span> <span class='ocrx_word' id='word_1_386' title='bbox 1240 4349 1269 4400; x_wconf 89' lang='lat' dir='ltr'><strong>V.</strong></span> 
     </span>
     <span class='ocr_line' id='line_1_47' title="bbox 172 4413 456 4476; baseline 0.011 -15"><span class='ocrx_word' id='word_1_387' title='bbox 172 4413 417 4476; x_wconf 76' lang='lat' dir='ltr'><strong>hilbsrels&#39;gs&#39;osom</strong></span> <span class='ocrx_word' id='word_1_388' title='bbox 426 4415 456 4464; x_wconf 90' lang='lat' dir='ltr'><strong>V.</strong></span> 
     </span>
    </p>
   </div>
   <div class='ocr_carea' id='block_1_4' title="bbox 591 4510 848 4574">
    <p class='ocr_par' dir='ltr' id='par_1_7' title="bbox 591 4510 848 4574">
     <span class='ocr_line' id='line_1_48' title="bbox 591 4510 848 4574; baseline -0.008 -13"><span class='ocrx_word' id='word_1_389' title='bbox 591 4523 633 4574; x_wconf 77' lang='lat'><strong>34.</strong></span> <span class='ocrx_word' id='word_1_390' title='bbox 646 4510 749 4574; x_wconf 64' lang='lat' dir='ltr'><strong>asaias]</strong></span> <span class='ocrx_word' id='word_1_391' title='bbox 764 4511 798 4562; x_wconf 82' lang='lat' dir='ltr'><strong>lx.</strong></span> <span class='ocrx_word' id='word_1_392' title='bbox 809 4523 848 4560; x_wconf 78' lang='lat' dir='ltr'><strong>rr.</strong></span> 
     </span>
    </p>
   </div>
   <div class='ocr_carea' id='block_1_5' title="bbox 0 0 1554 5125">
    <p class='ocr_par' dir='ltr' id='par_1_8' title="bbox 0 0 1554 5125">
     <span class='ocr_line' id='line_1_49' title="bbox 0 0 1554 5125; baseline 0 2"><span class='ocrx_word' id='word_1_393' title='bbox 0 0 1554 5125; x_wconf 95' lang='lat' dir='ltr'><strong> </strong></span> 
     </span>
    </p>
   </div>
  </div>
 </body>
</html>
