3100 5125
276 303 344 369 202
601 299 838 367 Hlsronlm
862 299 1039 368 neotus.
1300 304 1365 370 IV.
1390 325 1474 370 12-

278 454 550 540 dnnhymtrcrum
572 455 661 540 genti
681 459 874 539 preessent:
906 451 991 516 Bosa
1014 453 1168 531 videlicet,
1192 454 1245 538 qui
1268 455 1389 520 Deiro-
1404 483 1436 518 ιο

278 563 359 618 nun,
382 548 418 606 et
439 540 533 617 Este,
557 539 611 623 qui
633 539 853 603 Berniciorum
874 537 1070 622 provinciam
1091 541 1305 624 gubernaret:
1330 541 1388 606 hic

278 626 313 690 in
333 626 463 690 civitate
478 625 627 702 Eburaci,
647 625 698 689 ille
720 625 753 688 in
773 623 1033 708 Hagustaldensi‚
1056 625 1121 688 sive
1136 625 1189 688 nin
1206 625 1388 691 Lindisfar-

278 712 368 776 aeusi
382 710 514 776 ecclesia
527 711 713 776 cathedram
730 710 851 774 habeus
872 708 1090 794 episcopalem,
1105 712 1201 775 ambo
1216 713 1255 776 de
1271 735 1387 778 monae

279 797 411 862 chorum
426 795 555 881 collegio
569 797 603 860 in
618 797 819 881 episcopatus
838 794 972 879 gradum
992 796 1118 860 adsciti.
1164 797 1246 861 Oum
1264 798 1386 882 quibus

222 927 230 941 .
277 890 312 947 et
327 883 472 948 Eadhaed
486 881 519 944 in
533 881 695 966 provincia
709 896 723 924 ⁰
733 880 991 956 Lindisl’arorum,
1008 904 1104 966 quam
1124 883 1304 967 nuperrime
1321 907 1388 948 rex

278 967 419 1052 Ecglrid,
445 974 597 1053 superato
625 967 658 1029 in
686 967 769 1030 bello
795 973 829 1029 et
854 967 964 1050 fugato
990 967 1157 1044 Vulfhere,
1183 969 1381 1046 obtinuerat,
1398 989 1427 1038 ¹5

277 1052 444 1117 ordinatur
458 1054 633 1137 episcopus.
678 1049 724 1116 Et
738 1053 822 1114 hunc
840 1052 978 1134 primum
998 1053 1109 1116 eadem
1129 1054 1291 1138 provincia
1305 1077 1381 1139 pro-

277 1139 382 1223 prium
395 1139 518 1224 accepit
536 1138 712 1223 praesulem,
728 1137 901 1200 secundum
915 1137 1084 1214 AEdiluiui,
1101 1139 1234 1203 tertium
1250 1140 1381 1225 Eadga·

277 1245 357 1301 rum,
370 1231 520 1308 quartum
532 1224 868 1307 Gyniberctum,quem
879 1223 1073 1307 inpraesenti
1085 1225 1192 1288 habet.
1224 1225 1382 1290 Habebat

277 1309 361 1373 enim
380 1317 457 1374 aute
472 1309 680 1385 Eadhsedum,
695 1308 874 1371 antistitem
894 1308 1087 1385 Sexuulfum,
1105 1311 1158 1394 qui
1176 1311 1273 1374 etiam
1290 1313 1381 1376 Mer-

277 1395 397 1458 ciorum
419 1403 454 1459 et
474 1395 783 1458 Mediterraneorum
798 1392 976 1478 Anglorum
998 1395 1090 1457 simul
1110 1395 1275 1480 episcopus
1294 1397 1378 1461 luit:

197 1512 201 1525 ,
277 1481 362 1544 unde
382 1488 416 1546 ct
442 1480 590 1565 expulsus
612 1480 651 1543 de
673 1478 820 1554 Lindissi,
845 1478 877 1541 in
900 1478 1025 1543 illarum
1066 1481 1278 1544 rovinciarum
1295 1483 1381 1568 regi-

277 1567 361 1630 mine
426 1566 570 1629 rmansit.
625 1563 774 1628 Ordinati
800 1571 875 1627 sunt
904 1572 1013 1628 autem
1039 1505 1192 1642 iadhaed
1220 1568 1315 1646 Bosa,
1343 1577 1379 1634 et
1391 1591 1426 1624 20

115 1664 251 1715 s.D.⁶8=.
278 1651 364 1716 Eata
385 1588 528 1716 hiberam
553 1653 595 1714 ab
621 1649 859 1734 archiepiscopo
882 1649 1069 1714 Theodoro:
1101 1652 1155 1738 qui
1179 1653 1276 1717 etiam
1301 1663 1380 1739 post

277 1743 345 1801 tres
366 1737 574 1803 abscessionis
589 1736 717 1798 Villridi
735 1757 845 1811 annos,
861 1735 975 1798 horum
996 1759 1128 1800 numero
1150 1739 1230 1802 duos
1251 1740 1381 1804 addidit

113 1838 245 1888 Tunbemn
277 1823 448 1900 antistites,
466 1824 682 1886 Tunberctum
703 1821 746 1885 ad
767 1821 930 1885 eeclesiam
953 1823 1252 1908 Hagustaldensem,
1275 1846 1380 1890 rema

114 1930 184 1977 Ean.
277 1916 373 1972 nante
394 1909 481 1973 Eata
503 1908 545 1971 ad
566 1907 863 1983 Lindisfarnensem,
879 1913 913 1970 et
932 1907 1095 1972 Trumvini
1117 1911 1159 1974 ad
1181 1910 1380 1993 provinciam

113 1993 251 2042 Trumvtni.
280 1993 453 2069 Pictorum,
479 2015 549 2076 quar
574 2000 651 2056 tunc
673 1992 826 2076 temporis
848 1993 1026 2078 Anglorum
1049 2001 1120 2058 erat
1146 1995 1277 2079 imperio
1304 1998 1379 2060 sub-

113 2095 227 2143 Eadnoed.
272 2079 369 2161 jecta.
415 2077 613 2142 Eadhaedum
635 2078 675 2140 dc
698 2077 840 2150 Lindissi
861 2099 1030 2155 reversum,
1055 2101 1093 2142 eo
1117 2082 1201 2164 quod
1225 2081 1422 2157 AEdilred25

276 2163 469 2247 provinciam
483 2163 663 2248 recepisset,
680 2163 842 2247 Hrypensi
857 2164 995 2228 eeclesiae
1010 2166 1163 2249 praefecit.

538 2350 553 2381 n
566 2343 593 2390 in
603 2356 654 2389 orn.
666 2342 729 2388 V.G.
828 2351 842 2380 0
855 2341 1077 2403 lindisfarnorum
1089 2345 1119 2390 G.

311 2511 347 2543 rr.
360 2497 485 2558 liic-4110]
500 2497 626 2546 Nimirum
638 2500 679 2545 lu'c
689 2505 727 2545 est
739 2497 813 2550 Bosa.
825 2499 867 2544 ille
879 2499 949 2554 Eata,
962 2507 1047 2546 contra
1059 2513 1129 2546 usum
1143 2501 1225 2548 Latini
1235 2502 1368 2549 sermonis.

310 2575 349 2621 14.
366 2563 581 2626 lindisfarorum]
605 2564 673 2611 Giles
690 2561 729 2610 bic
745 2571 770 2610 ct
787 2561 844 2609 alibi
862 2563 934 2610 habet
951 2561 1183 2626 Lindspammum,
1200 2581 1255 2627 quae
1272 2582 1318 2614 vox
1337 2568 1376 2614 iu.

274 2628 373 2687 arguite
391 2634 436 2675 eet.
470 2628 567 2675 Diversi
586 2637 643 2676 sunt
661 2627 804 2689 Madufnri
821 2642 836 2673 a
853 2628 1109 2689 Lindissnmeusibuc.
1144 2631 1198 2677 vox
1218 2646 1246 2678 ea
1258 2632 1318 2692 scri
1338 2635 1376 2680 vel

274 2686 338 2738 curu
355 2692 484 2739 noussima
499 2700 536 2740 est
548 2692 688 2740 terminatio
699 2706 753 2753 quae
763 2692 857 2739 incolas
868 2693 998 2752 provinciae
1009 2694 1117 2752 cujusvis
1129 2695 1249 2755 designet,
1261 2696 1325 2743 sicut
1336 2698 1376 2745 bic

274 2754 369 2803 incolas
380 2756 511 2817 provincias
521 2757 638 2804 Mariti.-
657 2771 714 2802 nam
724 2756 930 2816 queamdmodum
944 2756 1075 2805 Lindislari
1085 2760 1163 2805 vocati
1176 2767 1242 2815 sunt,
1251 2761 1287 2807 sic
1299 2761 1375 2809 etiam

275 2821 403 2867 Centaure
414 2822 453 2867 rel
464 2821 599 2881 Cantaurii,
612 2822 736 2867 Vrbicum
747 2821 786 2867 vel
798 2820 922 2867 Vectuarii
934 2821 990 2869 Ghr.
1003 2823 1072 2879 Sara,
1083 2824 1224 2871 Mecnvarc
1235 2823 1274 2871 rel
1286 2826 1375 2873 Mean·

273 2884 326 2930 rari
338 2884 403 2931 infra
417 2899 455 2944 13,
466 2884 628 2932 Bcructvcru
638 2884 676 2931 rel
691 2885 833 2931 Boructusri
850 2884 916 2932 infra
927 2902 950 2931 v.
963 2900 987 2949 9,
1000 2894 1025 2934 et
1037 2887 1138 2934 Nidvari
1155 2888 1307 2951 (Nitlwcrc)
1321 2891 1373 2939 vit.

273 2962 294 2993 s.
306 2948 435 2995 Cudberct.
447 2949 473 2995 ii.
498 2950 570 2996 eona
582 2950 656 2997 etiarn
667 2964 750 3009 supra,
762 2950 794 2995 ad
805 2949 841 2996 iii.
853 2949 876 2995 8.
911 2950 997 2997 Obiter
1015 2965 1127 2999 moneam
1145 2952 1175 2999 de
1189 2952 1234 2999 hac
1247 2954 1375 3012 provincia

274 3010 381 3070 Lindisi,
398 3012 473 3059 fuisse
489 3027 543 3059 eam
563 3014 670 3074 episcopi
691 3012 841 3074 parochiam,
860 3013 928 3074 cujus
945 3016 1013 3062 sedes
1031 3014 1077 3063 fuit
1096 3016 1210 3076 Lindum,
1229 3026 1286 3063 ante
1300 3018 1373 3067 A.D.

273 3088 331 3134 3¹4·
365 3076 430 3122 Nam
447 3076 539 3123 Adelfii
556 3078 700 3137 subscriptio
717 3078 743 3124 iu
760 3080 854 3139 synodo
872 3078 1007 3126 Arelatensi
1028 3081 1120 3135 [Mausi
1138 3096 1162 3127 v.
1174 3081 1200 3127 ii.
1220 3096 1242 3141 p.
1253 3082 1324 3143 476),
1342 3085 1374 3131 de

273 3139 372 3186 civitate
393 3140 491 3187 (bunio
502 3143 702 3202 Laodicensium,
717 3143 783 3204 (cum
798 3142 849 3201 jam
862 3143 1034 3203 subscripserat
1046 3145 1183 3191 Restitutus
1201 3146 1328 3205 episcopus
1341 3150 1374 3195 de

273 3202 372 3257 civitate
383 3204 551 3267 Londiueusi,)
566 3207 723 3266 proculdubio
734 3206 857 3253 emendari
871 3207 942 3255 debet
961 3208 1060 3256 Colonia
1080 3210 1168 3269 Lindo,
1179 3224 1264 3269 nerupe
1277 3212 1371 3259 Linde-

273 3270 362 3325 cclcia,
381 3268 452 3314 hodie
469 3270 580 3317 Lincolu.
615 3271 671 3318 Hoc
685 3279 768 3318 autem
785 3270 825 3317 alii
846 3286 943 3333 quoque
958 3270 1087 3320 viderunt:
1109 3274 1158 3321 rid.
1168 3274 1340 3338 lappenberg.
1354 3278 1371 3324 i.

253 3375 256 3379 .
293 3366 299 3377 .
323 3332 416 3380 oThcr
448 3368 454 3379 .
753 3364 757 3369 ‚

273 3346 289 3393 p
306 3346 346 3454 i4.
356 3347 471 3457 superpdto
482 3397 509 3444 iu
521 3399 579 3446 tello
590 3406 614 3446 ei
620 3399 717 3461 fugato
733 3398 866 3460 Vulshere]
888 3400 960 3447 (lanf.
972 3415 1053 3460 supra,
1066 3401 1097 3447 ad
1109 3401 1143 3450 iii.
1157 3417 1192 3449 rr.

307 3473 345 3507 20.
357 3462 482 3522 Eedliaed]
505 3464 554 3510 Hic
566 3478 621 3511 cmn
634 3463 733 3524 reliquis
744 3465 865 3524 episeopis
877 3465 1070 3513 Lindislarorum
1084 3468 1179 3526 proprie
1194 3465 1274 3526 dictis,
1286 3468 1371 3517 sedem

272 3522 357 3571 habuit
373 3525 399 3571 iu
420 3525 585 3575 Siduacestrin
604 3542 679 3589 prope
696 3528 875 3588 Gainsbrough,
894 3544 936 3589 per
954 3544 1041 3575 norem
1062 3532 1227 3578 successiones
1244 3546 1321 3591 usque
1340 3535 1371 3580 ad

272 3587 434 3636 Brihtredum.
468 3590 507 3638 De
521 3593 642 3639 Eadhoedo
657 3592 711 3638 vide
727 3607 801 3651 sopra
812 3594 847 3639 iii.
861 3593 900 3641 28.
918 3595 944 3640 S.
990 3593 1113 3642 Cumbden
1127 3611 1149 3654 p.
1162 3606 1216 3655 571.
1240 3597 1297 3643 Non
1310 3597 1373 3645 dicit

273 3651 342 3699 Beda
351 3653 502 3701 Eadhaedom
520 3656 545 3701 in
563 3656 727 3703 sidnacestria
736 3657 833 3703 sedisse.
856 3657 944 3705 Pulsus
955 3664 993 3705 est
1005 3658 1109 3705 Eadhaed
1121 3662 1150 3706 A.
1160 3660 1190 3707 D.
1201 3657 1258 3721 678,
1274 3667 1300 3707 et
1317 3668 1371 3709 tum

273 3716 376 3777 Mereia,
389 3734 443 3779 qure
459 3726 531 3767 antea
547 3721 620 3767 unius
637 3720 746 3767 Sexuulti
761 3720 864 3768 diocesis
873 3724 961 3783 fuerat,
973 3724 1002 3770 A.
1013 3723 1042 3769 D.
1057 3722 1104 3786 679
1116 3738 1162 3784 ope
1174 3726 1236 3783 regis
1248 3725 1372 3773 AEdilredi

176 3795 181 3803 ·
272 3788 296 3828 et
307 3781 429 3829 Theodori
442 3783 508 3830 inter
516 3784 624 3845 quinque
633 3784 759 3844 episcopos
770 3784 848 3832 divisa
860 3794 905 3847 cst,
917 3802 1019 3847 quorum
1037 3787 1105 3834 sedes
1117 3787 1185 3834 fuere
1197 3789 1369 3850 Lyncidseltk,

272 3847 386 3906 Lecgerc
407 3847 564 3910 (leicester),
582 3850 685 3905 Sidene,
712 3850 753 3910 (de
772 3863 818 3909 qus
840 3850 890 3898 hec
912 3858 971 3899 srmt
992 3850 1109 3897 Florentii
1131 3852 1214 3909 rerba,
1232 3856 1371 3914 pra-pomis

271 3911 352 3957 cirum
364 3918 478 3958 sanctum
488 3912 674 3963 AEttelwiuum
684 3928 841 3973 germanum
857 3918 938 3962 suncti
949 3916 1073 3970 Aldwini,
1085 3922 1202 3963 araurem.
1211 3919 1380 3978 episcopalem

271 3976 353 4021 cedem
364 3977 392 4021 in
408 3977 510 4023 cimtcte
525 3992 582 4038 qua·
595 3977 840 4039 accaturSiddeum)
854 3980 1027 4037 Dorcuceetrc,
1040 3979 1175 4039 Wigoma
1209 3981 1269 4028 Hac
1286 3988 1371 4029 autem

271 4038 337 4085 facta
356 4046 415 4085 sunt
435 4048 580 4100 suggerente
599 4040 693 4088 osbern
712 4041 841 4101 subregulo
861 4044 1028 4091 Huicclorum.
1065 4043 1127 4091 Flcr.
1146 4045 1247 4105 Vigoru.
1266 4046 1371 4095 Genesi.

270 4116 294 4162 p.
307 4101 365 4162 685,
376 4100 433 4149 686.
468 4103 720 4156 Animadvertendum
732 4114 770 4153 est
781 4106 931 4154 Gulielmum
945 4108 1030 4154 Malm.
1042 4109 1086 4155 hos
1097 4122 1183 4157 omncs
1197 4110 1373 4159 sidnacestrire

270 4166 438 4226 episcopusin
456 4166 625 4216 Dorcecestria
642 4168 731 4226 locare,
749 4168 817 4217 Gest.
833 4172 905 4220 Pont.
917 4174 948 4219 iv.
967 4187 990 4233 p.
1001 4185 1056 4235 ²90·
1090 4172 1180 4221 Proeter
1198 4174 1242 4221 has
1261 4174 1372 4237 quinque

270 4235 339 4277 sexta
358 4229 473 4290 parochia
492 4232 540 4279 luit
558 4232 665 4280 Hecsnc
683 4234 736 4281 sive
753 4232 890 4296 Heresmd,
910 4237 940 4284 de
960 4252 1008 4297 que
1026 4236 1089 4285 Flos.
1102 4238 1156 4299 vig.
1175 4238 1254 4287 dicere
1274 4238 1372 4287 videtur

269 4307 294 4352 p·
308 4292 366 4352 686,
379 4294 549 4343 Praeclarum
559 4297 660 4357 amm
668 4300 694 4343 ia
705 4314 727 4345 a.
737 4302 870 4359 parochias
880 4302 973 4357 diruit,
985 4302 1072 4363 quibus
1081 4309 1179 4350 scutum
1189 4298 1288 4365 αιῂὶεὶτ.
1311 4304 1369 4359 Vid.

269 4369 324 4415 qua
334 4357 408 4404 modo
418 4359 486 4406 dicta
497 4368 555 4410 sunt
565 4375 638 4422 supra
649 4361 679 4411 de
692 4363 772 4409 Putta.

270 4482 276 4494 .
297 4432 342 4531 f24.
354 4418 476 4531 eugjeeta]
496 4425 538 4472 Ab
555 4426 641 4474 Osuin.
664 4426 736 4473 Conf.
754 4441 835 4489 supra,
851 4427 888 4476 iii.
901 4442 939 4487 24.
983 4430 1124 4491 Receptus
1142 4431 1216 4479 Pictis
1227 4431 1300 4480 ΑΛ).
1312 4429 1371 4495 685.

269 4498 295 4529 in
308 4498 371 4543 τω
1203 4511 1206 4517 ·
