3100 5125
285 300 329 365 ss
580 370 589 381 „
612 297 849 363 msromrn
872 296 1048 365 neonus.
1333 301 1476 382 1.·14-
1541 315 1543 394 ι

285 453 385 538 pestis
393 450 555 535 corripuit.
568 473 639 550 quise
649 452 683 515 in
692 451 781 517 brevi
795 457 923 517 tantum
937 452 1005 536 ejus
1018 451 1255 517 multitudinem
1269 452 1389 517 stravit

285 545 324 602 nt
352 558 392 602 ne
420 537 606 621 sepeliendu
635 536 762 621 quidem
786 536 921 601 mortuis
945 536 1006 601 vivi
1032 537 1230 603 sufficerent:
1260 538 1317 603 scd
1342 560 1385 603 ne
1400 564 1435 600 ιο

285 629 389 687 morte
403 622 530 706 quidem
547 644 675 687 suorum
694 644 752 687 nee
772 622 886 686 timore
906 621 1028 698 mortis,
1044 622 1077 687 hi
1092 622 1146 706 qui
1161 630 1348 708 supererant
1361 646 1387 689 a

284 716 390 772 morte
407 707 521 773 animae
542 729 605 793 qua
623 706 785 792 pmcando
804 708 1039 782 sternebantur,
1054 708 1195 773 revocari
1213 715 1384 793 poterant:

285 794 370 857 unde
394 814 458 857 non
482 793 584 858 multo
606 800 680 877 post
703 792 807 858 acrior
832 799 960 878 gentem
985 793 1194 877 peccatricem
1216 794 1296 859 ultio
1320 794 1386 859 diri

284 879 411 945 sceleris
446 885 557 943 secuta
592 886 652 943 est.
696 878 817 943 Initum
853 900 988 962 namque
1024 884 1075 943 est
1110 879 1275 944 consilium
1306 880 1385 964 quid

283 966 452 1050 egendum,
471 964 525 1028 ubi
547 964 752 1048 quaerendum
772 970 859 1029 esset
880 963 1062 1048 praesidium
1083 964 1126 1029 ad
1148 964 1313 1031 adtendas
1334 966 1385 1029 vel

284 1050 480 1135 repellendas
499 1056 568 1115 tam
584 1051 668 1115 ieras
687 1056 817 1133 tamque
836 1048 1044 1113 creberrimas
1063 1049 1206 1135 gentium
1229 1064 1253 1095 ω
1306 1051 1384 1115 uilo-

286 1136 404 1201 nalinm
424 1135 641 1219 inruptiones:
664 1134 846 1222 placuitque
867 1134 1013 1199 omnibus
1033 1156 1106 1201 cum
1128 1156 1185 1201 suo
1207 1158 1282 1235 rege
1331 1158 1430 1206 ur-15

285 1222 411 1307 tigerne
439 1227 477 1284 ut
506 1220 668 1285 Saxonum
696 1226 824 1305 gentem
854 1220 893 1283 de
922 1220 1143 1285 transmarinis
1172 1223 1317 1305 partlhns
1349 1222 1384 1285 in

285 1307 437 1373 auxilinm
458 1313 627 1370 vocarent:
652 1307 737 1390 quod
757 1303 886 1369 Domini
908 1310 988 1369 nutu
1011 1306 1198 1390 dispositum
1220 1328 1288 1371 esse
1310 1328 1383 1371 eon-

285 1399 362 1469 stat,
392 1398 429 1455 ut
458 1391 580 1456 veniret
609 1399 721 1455 contra
754 1390 921 1475 inprobos
939 1391 1065 1468 malum
1096 1390 1178 1455 sicut
1208 1391 1383 1457 evidentius

284 1495 391 1543 rerum
405 1477 509 1541 exitus
522 1476 679 1562 probavit.

727 1578 836 1644 OAP.
860 1577 940 1641 XV.

288 1684 327 1741 Ut
349 1684 463 1740 invitata
488 1685 679 1741 nBrittaniam
697 1702 763 1758 qens
786 1682 945 1758 Anplorum,
966 1683 1066 1762 primo·
1082 1682 1185 1759 quidem
1208 1684 1381 1741 aduersarios

326 1765 431 1839 luceius
454 1764 605 1837 oejecett;
625 1765 675 1820 sed
694 1783 745 1820 non
768 1764 851 1819 multo
869 1772 935 1839 post
951 1764 1048 1835 juncto
1073 1782 1131 1819 sum
1155 1763 1198 1819 tis
1212 1764 1329 1837 fudere,
1350 1764 1429 1820 in²0

325 1846 413 1901 sotios
425 1864 502 1900 orma
516 1845 637 1900 verterit.

135 1956 268 2020 Αιιιις.
329 1940 425 2001 Auno
446 1939 488 2002 ab
509 1938 727 2002 incarnatione
742 1936 870 2001 Domini
885 1936 1196 2021 quadringentesimo
1219 1938 1381 2023 tquadra-

125 2020 275 2069 Marcianus.
284 2024 404 2110 gesimo
433 2045 526 2100 nono,
555 2024 739 2087 Marcianus
765 2046 839 2087 cum
866 2022 1094 2087 Valentiniano
1124 2023 1382 2108 quadragesimus

285 2115 394 2173 sextus
420 2110 462 2173 ab
488 2111 636 2193 Augusto
665 2131 798 2195 regnum
823 2109 968 2192 adeptus,
996 2114 1118 2192 septem
1147 2108 1239 2172 annis
1267 2108 1381 2173 tenuit.

122 2208 248 2254 Saxonum
286 2195 375 2258 Tunc
391 2195 569 2279 Auglorum
588 2194 653 2258 sive
669 2195 830 2261 Saxonum
849 2215 927 2278 gens
946 2193 1083 2257 invitata
1102 2218 1123 2257 a
1142 2216 1217 2293 rege
1236 2195 1380 2278 praefato,

123 2272 256 2318 Adventus.
284 2280 318 2343 in
332 2280 525 2344 Brittaniam
544 2279 647 2343 tribus
665 2280 767 2365 longis
787 2280 919 2343 navibus
939 2279 1115 2357 advehitur,
1132 2286 1166 2344 et
1185 2302 1218 2342 ιιι
1236 2279 1381 2343 orientali
1392 2299 1426 2349 25

283 2372 376 2451 parte
397 2365 507 2429 insulae
526 2365 660 2449 jubente
681 2365 792 2428 eodem
814 2386 888 2450 rege
910 2365 1012 2427 locum
1034 2365 1191 2440 manendi,
1212 2364 1301 2449 quasi
1322 2387 1381 2449 pro

283 2452 390 2536 patria
411 2457 600 2537 pugnatura,
616 2473 651 2514 re
673 2457 781 2514 autem
800 2472 875 2513 vera
893 2450 975 2513 hano
995 2456 1225 2535 expugnatura,
1242 2450 1381 2535 suscipit.

286 2537 372 2602 Inito
386 2559 462 2623 ergo
478 2536 650 2601 certamine
665 2557 737 2599 cum
754 2536 899 2600 hostibus
920 2534 973 2620 qui
993 2536 1034 2599 ab
1054 2535 1201 2621 aquilone
1220 2537 1262 2600 ad
1282 2536 1382 2601 aciem

285 2629 446 2699 venerant,
483 2623 648 2687 victoriam
685 2644 846 2706 sumpsere
880 2623 1030 2686 Saxones.
1076 2622 1168 2702 Quod
1205 2622 1259 2685 ubi
1296 2621 1381 2685 domi

284 2711 469 2773 nunciatum
483 2715 542 2785 est,
555 2708 646 2771 simul
657 2714 690 2771 et
700 2707 811 2772 insulae
822 2707 978 2784 fertilitas,
991 2729 1029 2770 ae
1040 2707 1175 2792 segnitia
1186 2707 1379 2783 Brittonum‚

284 2795 426 2860 mittitur
461 2795 626 2858 confestim
655 2793 707 2858 illo
737 2793 845 2858 elassis
873 2792 1025 2877 prolixior
1053 2799 1250 2857 armatorum
1278 2793 1428 2860 ferensso

317 2957 341 2985 m
352 2947 566 3008 aquilonariarum
578 2947 607 2990 V.
642 2956 658 2984 ¹¹
668 2947 696 2992 in
708 2945 867 2993 Brittaniam
879 2945 909 2993 V.
939 2955 957 2984 ο
968 2944 1038 2991 abire
1049 2947 1194 3006 compulerit
1204 2945 1233 2993 V.
1279 2946 1379 3008 reaud-

285 3013 462 3070 singeuteeimo
472 3024 536 3056 nouo
548 3009 578 3055 V.

321 3137 358 3186 16.
371 3139 398 3184 in
409 3140 532 3185 auritium
543 3137 670 3197 vocarent]
681 3136 796 3186 Nsnnins
807 3137 843 3186 ait
854 3145 902 3186 tres
914 3139 973 3186 istas
985 3137 1062 3187 ciulss
1071 3153 1125 3200 quoe
1136 3137 1220 3198 prima
1232 3138 1384 3185 advenerunt

286 3218 302 3249 a
318 3203 455 3250 Germania
466 3204 581 3263 expuebat
592 3203 618 3248 in
629 3204 702 3249 exilio
713 3202 788 3250 finisse
804 3203 895 3265 (Nenn.
905 3202 967 3266 μ).
988 3203 1124 3264 Utrumque
1135 3217 1219 3249 verum
1229 3217 1284 3250 esse
1295 3207 1382 3262 potest.

287 3266 408 3316 Nonnulli
425 3272 572 3326 putaverunt
590 3265 682 3325 primos
699 3267 807 3316 advenas
824 3283 881 3316 casn
898 3268 1002 3327 vertisse,
1019 3277 1148 3328 sequentes
1164 3267 1281 3314 invitatos
1298 3266 1381 3314 fnisse.

286 3331 342 3378 Vid.
353 3331 450 3378 Turner
461 3331 527 3377 Hist.
539 3330 672 3391 Anglosax.
683 3331 718 3379 iii.
728 3345 749 3379 1.

322 3406 360 3454 17.
367 3396 495 3456 potavit}
520 3395 612 3441 Totum
624 3395 670 3442 hoc
681 3402 762 3457 caput,
773 3403 799 3444 et
810 3395 918 3443 maxima
934 3411 990 3457 pars
1007 3396 1107 3442 duorum
1124 3395 1288 3456 sequentinm,
1299 3401 1382 3443 sunto

286 3459 360 3507 Gilda
371 3458 475 3506 nr-26.
487 3459 524 3506 ed
536 3461 678 3507 Sterenson.

286 3537 359 3636 Nae.
375 3525 449 3584 nono]
471 3523 584 3572 Nennius
601 3523 636 3572 ait
651 3526 760 3572 Saxones
777 3540 792 3572 ιι
810 3523 989 3587 Guorthigerno
1006 3531 1129 3585 susceptos
1146 3523 1221 3572 fuisse
1238 3523 1382 3582 A.D.144¹1.

313 3603 368 3635 eun.
382 3602 422 3648 31.

320 3666 358 3712 25.
374 3651 508 3713 Orientali]
529 3652 694 3700 Ethelwerdus
704 3661 731 3702 et
742 3653 850 3700 Annales
862 3653 978 3700 Saxonici
990 3653 1020 3700 ad
1032 3669 1054 3700 a.
1066 3667 1125 3714 449,
1137 3650 1383 3713 dieunt'Heugistum

286 3725 311 3764 et
323 3717 428 3764 llorsnm
442 3717 555 3765 advectos
565 3717 591 3764 in
603 3717 684 3765 locum
696 3732 769 3779 quern
781 3717 855 3778 vulgo
868 3717 1059 3780 Hypwinesfleot
1069 3717 1200 3764 nominant
1210 3715 1299 3777 quique
1310 3715 1383 3763 hodie

286 3781 407 3830 Ehsileete
423 3796 475 3829 esse
496 3789 596 3842 putatur
616 3781 641 3828 in
660 3781 774 3830 Thanato
794 3781 886 3840 insula,
906 3797 978 3842 quarn
998 3781 1053 3828 ideo
1073 3781 1123 3828 illis
1143 3796 1158 3827 a
1177 3795 1234 3840 rege
1254 3782 1279 3827 iu
1299 3779 1382 3828 locum

287 3847 400 3894 monendi
412 3861 553 3894 concessam
565 3845 641 3893 tradit
651 3845 764 3894 Nennins
775 3861 828 3907 cap.
841 3845 926 3892 xxviii.
938 3846 990 3908 (3¹·
1002 3843 1053 3908 36.)
1070 3853 1095 3894 et
1106 3847 1136 3892 ub
1147 3859 1176 3892 eo
1188 3845 1228 3891 W.
1238 3844 1325 3892 Mulm.
1337 3845 1361 3891 S.

319 3922 358 3972 27.
370 3910 500 3971 venerant]
522 3910 561 3958 Ad
572 3910 737 3958 Stanfordiam
748 3925 825 3971 usque
836 3910 940 3968 venisse,
952 3911 1033 3971 ibique
1045 3910 1150 3971 primum
1162 3915 1284 3956 certamen
1296 3909 1381 3968 fuisse,

285 3981 311 4021 et
324 3975 430 4035 primum
447 3974 527 4022 locum
544 3973 702 4021 habitationis
714 3974 852 4021 Saxonibus
867 3973 932 4021 iuter
943 3974 1067 4022 Brittones
1082 3974 1116 4021 ibi
1132 3975 1250 4020 donatum
1267 3973 1381 4034 legimus.

287 4040 350 4086 Han.
365 4040 442 4086 Hnnt.
456 4039 572 4085 tibiis.
610 4039 731 4086 ilenricus
743 4039 822 4086 liunt.
837 4038 939 4102 (libii.)
954 4039 1029 4086 tradit
1040 4039 1123 4086 Pictos
1138 4044 1163 4085 ct
1174 4039 1270 4085 Scottus
1286 4037 1381 4084 venisse

286 4118 362 4163 usque
374 4103 403 4149 ud
416 4103 591 4162 stanfordiam,
604 4111 712 4151 assuetos
725 4118 833 4164 pugnare
845 4102 901 4164 pilis
912 4111 936 4150 et
947 4103 1048 4160 lanceis,
1060 4101 1094 4149 ibi
1106 4116 1163 4149 vero
1178 4116 1234 4148 cum
1245 4101 1382 4148 Senonibus

286 4181 438 4227 congressos,
449 4167 491 4227 qui
508 4167 634 4214 securibus
649 4174 675 4215 et
691 4167 780 4230 gladiis
796 4167 876 4229 longis
893 4167 928 4214 uti
940 4167 1058 4227 solebant,
1071 4167 1167 4227 penitus
1177 4166 1287 4214 devictos
1298 4167 1381 4212 fuisse.

288 4232 380 4292 Sprott,
403 4240 429 4278 et
450 4238 505 4290 post
526 4246 581 4278 eum
604 4232 735 4279 Matthaeus
758 4233 861 4279 Westm.
885 4232 960 4290 addit,
983 4232 1154 4294 Vortigernum
1178 4230 1219 4290 qui
1243 4230 1381 4276 Senonibus

287 4295 366 4354 primo
384 4294 462 4342 locum
480 4295 605 4342 habitandi
623 4295 648 4342 iu
661 4296 815 4359 Lyudenseia
827 4297 935 4352 dederat,
949 4311 1005 4343 mox
1022 4297 1053 4343 ob
1070 4296 1133 4342 hanc
1149 4295 1277 4342 victoriam
1294 4299 1380 4355 rogatu

288 4359 401 4420 Hengisti
411 4359 466 4419 plus
474 4359 527 4420 agri
536 4361 638 4420 dedisse,
647 4360 830 4422 ubillengistus
838 4361 964 4408 castellnm
977 4359 1086 4408 condidit
1097 4360 1188 4406 dictum
1197 4359 1382 4419 Twangoustre,

286 4440 301 4471 a
312 4423 489 4472 recentioribus
498 4424 631 4479 Ancsstre,
642 4425 706 4485 qnod
723 4425 796 4472 sitnm
814 4433 851 4472 est
868 4441 901 4472 xx
920 4441 952 4472 m.
965 4441 988 4486 p.
1001 4442 1015 4472 ιι
1027 4422 1156 4472 Lincolnla
1173 4423 1203 4470 ad
1220 4423 1380 4470 occidentem.

286 4489 371 4550 Sprott
382 4488 472 4536 chron.
484 4499 560 4550 ppt.
574 4490 611 4536 ed.
625 4489 731 4536 Hearne.
745 4489 836 4536 Mutth.
848 4489 912 4538 Flor.
925 4490 991 4538 Hist.
1003 4489 1068 4537 Ar).
1080 4499 1138 4550 450.
