3100 5125
492 375 656 440 GENTIS
679 375 951 441 ANeLORUM.
1203 383 1267 449 289

167 546 264 611 supra
285 526 456 611 posuimus,
501 527 597 609 Quod.
619 527 673 591 ubi
698 528 815 592 lectum
838 534 897 605 est,
922 534 1035 613 stupor
1057 530 1268 614 adprehendit

168 612 353 686 audientes3
377 620 412 676 et
436 612 549 676 silente
570 614 687 677 leetore
709 620 876 698 ooeperuut
896 615 1086 678 alterutrum
1106 616 1267 698 requirere

128 714 158 761 35
169 698 239 781 quis
255 706 338 762 esset
353 698 405 763 ille
420 697 575 761 Vilfridus
594 699 767 784 episeopus.
813 700 902 762 Tune
921 700 1104 763 Bonifaeius
1126 701 1268 765 consilia-

168 783 234 846 rius
258 784 424 869 apostolici
449 807 549 869 papae,
575 792 608 848 et
633 785 686 848 alii
709 785 872 870 perplures
894 785 948 869 qui
974 807 1046 848 eum
1072 787 1268 871 temporibus

169 869 352 954 Agathonis
366 893 457 955 papae
473 870 517 933 ibi
533 870 704 948 rviderant,
721 870 871 934 dicebant
886 870 989 955 ipsum
1004 893 1071 934 esse
1087 872 1269 957 episeopum

169 956 223 1039 qui
239 977 339 1040 nuper
353 956 489 1019 Romam
510 963 678 1024 aoousatus
699 979 720 1020 a
742 956 806 1019 suis
826 963 924 1039 atque
945 957 986 1019 ab
1002 957 1176 1040 apostoliea
1194 960 1268 1023 sede

166 1041 358 1125 judicandus
375 1042 576 1106 sadvenerit:
599 1042 673 1126 qaia
687 1042 885 1125 jamdudum,
906 1042 1062 1125 inquiunt,
1078 1065 1160 1127 eeqee
1181 1066 1268 1108 eea-ef

54 1146 60 1155 ·
168 1136 252 1191 setae
265 1128 322 1191 tea
335 1128 502 1204 adveniens,
515 1150 582 1191 reor
594 1128 706 1191 eredita
719 1150 757 1191 eo
770 1127 944 1210 diptede'eote
955 1140 1047 1191 reesa
1062 1138 1090 1191 et
1103 1139 1268 1193 eoetroeer-

126 1212 218 1279 moia
232 1214 506 1299 utriusquepartis,
522 1236 544 1276 e
558 1212 651 1277 deetce
671 1213 819 1277 memor-ie
834 1235 924 1297 pape
938 1214 1094 1297 Apettoee
1112 1214 1269 1299 tprobatas

167 1308 211 1361 eet
233 1309 337 1362 eoatre
353 1300 412 1381 ses
433 1322 454 1362 e
475 1321 527 1363 reo
548 1300 720 1383 episeeprate
740 1298 896 1383 repelsam·
923 1308 950 1361 et
972 1300 1075 1363 utereti
1096 1302 1183 1385 eped
1202 1323 1269 1364 eene

169 1384 288 1447 beditas
302 1396 352 1462 est,
368 1395 402 1448 at
415 1385 514 1470 eptem
530 1386 566 1447 e'a
582 1384 705 1447 uenatio
724 1386 805 1468 qaod
822 1394 1015 1469 eoapreperet
1034 1386 1269 1471 Xepiscoporum,
1380 1383 1382 1387 ’

168 1471 259 1553 quest
272 1471 374 1533 otram
387 1469 660 1555 interreptefidee'
673 1480 702 1533 et
715 1470 817 1533 enimi
823 1470 917 1554 probi
931 1471 1061 1534 residere
1072 1473 1266 1557 preciperet.

170 1554 293 1635 Quibus
322 1555 450 1633 auditis,
481 1556 634 1620 dicebant
667 1577 775 1618 omnes
809 1578 873 1619 una
901 1576 972 1618 eum
1007 1556 1075 1640 ipso
1109 1558 1366 1641 pontificavitsrtu
1378 1576 1420 1623 ab·

169 1640 272 1703 virum
295 1648 395 1705 tantae
420 1640 624 1705 auctoritatis
649 1642 702 1724 qui
726 1664 784 1725 per
806 1642 1019 1726 quadraginta
1043 1664 1142 1727 prope
1167 1666 1269 1707 annos
1278 1640 1388 1689 solvitur.

127 1746 159 1794 45
170 1727 354 1812 episcopatu
379 1729 580 1813 fungebatur,
605 1748 806 1812 nequaquam
828 1727 972 1790 damnari
995 1728 1118 1805 debere,
1146 1730 1201 1793 red
1227 1730 1269 1793 ad

170 1812 330 1898 integrum
345 1814 446 1899 oulpis
459 1812 698 1877 aoou'satiouum
711 1813 902 1889 absolutum,
914 1812 1052 1897 patriam
1063 1834 1135 1876 eum
1149 1815 1269 1879 honore

169 1899 297 1962 reverti.

199 1984 262 2063 Qui
275 2006 347 2047 eum
362 1983 557 2049 Brittaniam
570 2006 714 2048 remeans
728 1983 762 2047 in
772 1983 947 2047 Galliarum
960 1990 1069 2069 partes
1080 1986 1266 2063 devenisset,
1278 2003 1355 2065 [ab.
1364 2002 1429 2064 705]

171 2076 277 2133 taetus
293 2077 343 2133 est
357 2069 544 2134 infirmitate
558 2070 733 2155 repentina,
749 2077 784 2133 et
799 2092 837 2133 ea
851 2077 1011 2133 oresoente
1031 2072 1111 2135 adeo
1131 2094 1267 2155 pressus,

171 2162 210 2218 ut
231 2178 332 2239 neque
354 2178 435 2239 equo
451 2156 521 2220 vehi
542 2162 660 2241 posset,
681 2156 736 2218 sed
757 2155 903 2219 manibus
925 2156 1140 2220 ministrorum
1161 2165 1268 2241 porta

130 2248 262 2309 seretur
276 2241 308 2303 in
323 2243 469 2327 grabato.
514 2242 566 2306 Sio
587 2242 731 2305 rdelatus
751 2240 784 2303 in
802 2242 955 2304 Maeldum
970 2242 1131 2307 civitatem
1146 2243 1267 2323 Gallim,
1278 2261 1404 2309 Mardum.

173 2337 310 2410 quatuor
334 2327 446 2391 diebus
470 2350 508 2391 ae
536 2328 684 2391 noctibus
708 2326 798 2411 quasi
828 2332 973 2390 mortuus
998 2328 1137 2412 jacebat,
1167 2329 1269 2393 halitu

171 2419 299 2476 tantum
313 2413 459 2497 pertenui
474 2413 548 2497 quia
562 2413 682 2477 viveret
696 2413 927 2476 demonstraus.
972 2412 1114 2497 Oumque
1134 2415 1181 2478 ita
1202 2416 1269 2479 sine

92 2492 156 2557 208
171 2498 242 2560 eibo
271 2505 304 2563 et
333 2505 422 2585 potu,
450 2499 517 2565 sine
541 2521 617 2563 voee
646 2505 680 2561 et
709 2498 822 2563 auditu
846 2497 1017 2597 quatriduo
1041 2509 1267 2585 perseveraret,

171 2583 283 2668 quinta
302 2587 429 2649 demum
451 2587 683 2650 zinlueesoente
703 2585 764 2662 die,
781 2606 870 2668 quasi
894 2585 933 2648 de
954 2585 1043 2670 gravi
1066 2594 1269 2671 experrectus

170 2689 281 2734 somno
302 2693 475 2757 exsurgens
499 2672 640 2744 resedit3
673 2670 855 2755 apertisque
878 2670 985 2747 ooulis,
1012 2670 1092 2734 vidit
1121 2671 1205 2735 eirea
1234 2695 1268 2738 se

170 2756 285 2819 ohoros
306 2757 507 2842 psallentium
529 2757 622 2820 simul
644 2764 677 2820 et
698 2755 843 2820 flentium
864 2755 1020 2828 fratrum3
1049 2778 1086 2819 ae
1109 2758 1267 2821 modicum

170 2842 332 2925 suspirans
354 2843 572 2928 interrogavit,
588 2842 643 2905 ubi
665 2848 749 2905 esset
764 2841 855 2905 Area
876 2843 1060 2925 presbyter,
1086 2842 1139 2925 qui
1154 2844 1267 2907 statim

170 2935 302 2992 vocatus
317 2928 456 3006 intravit,
471 2936 506 2992 et
520 2928 629 2991 videns
645 2950 717 2991 eum
731 2927 842 2990 melius
856 2927 1028 2990 habentem
1042 2949 1081 2990 ao
1096 2928 1180 3012 loqui
1199 2930 1267 3014 jam

145 3013 335 3089 svalentem,
358 3014 448 3078 flexis
471 3014 603 3099 genibus
624 3013 745 3098 gratias
767 3012 833 3098 egit
856 3013 926 3075 Deo
949 3033 1020 3075 eum
1047 3013 1191 3078 omnibus
1214 3015 1267 3098 qui

169 3098 305 3163 aderant
327 3099 490 3164 fratribus.
536 3099 677 3164 Etcum
701 3120 815 3184 parum
841 3097 1066 3174 consedissent
1089 3121 1126 3163 ao
1152 3101 1191 3164 de
1217 3123 1267 3164 su-

170 3184 276 3268 pernis
294 3185 423 3270 judiciis
444 3185 570 3270 trepidi,
592 3185 699 3270 aliqua
720 3183 932 3246 ³oonfabulari
955 3184 1143 3268 coepissent:
1171 3187 1269 3271 jussit

170 3270 313 3353 pontifex
334 3278 466 3335 oaeteros
488 3272 530 3334 ad
552 3272 664 3335 horam
685 3269 802 3356 egredi,
818 3276 852 3333 et
866 3270 908 3332 ad
924 3269 1034 3332 Aeeau
1049 3272 1269 3356 presbyterum

171 3355 218 3419 ita
242 3356 328 3440 loqui
351 3379 483 3421 exorsus
508 3364 576 3421 est:
618 3356 701 3420 Vise'o
723 3355 799 3418 atta·
824 3355 908 3418 modo
933 3357 1086 3419 tremende
1111 3359 1268 3442 appareat,

171 3463 262 3526 quem
284 3453 311 3506 te
332 3442 443 3506 audire
464 3466 501 3506 ee
521 3443 637 3506 rimatio
654 3452 745 3528 tepere
761 3441 836 3518 roto,
850 3442 941 3504 donee
960 3442 1054 3504 setae
1074 3442 1149 3526 qaid
1166 3443 1204 3506 de
1223 3466 1269 3506 ree

134 3551 164 3586 ιο
163 3528 240 3610 fieri
253 3528 325 3592 velit
338 3530 433 3592 Deus.
477 3528 609 3592 Adstitit
623 3530 703 3592 enim
717 3526 794 3590 milet
809 3527 935 3612 quidem
949 3527 1080 3590 candido
1094 3528 1270 3612 praetores

171 3612 284 3690 tetta,
299 3615 443 3678 dicebare
458 3614 639 3678 Mieteelere
653 3636 711 3677 esre
726 3612 937 3698 eroteepelera
947 3635 957 3672 .·
981 3622 1007 3675 et
1028 3610 1061 3674 od
1080 3613 1141 3686 hoe,
1158 3615 1268 3699 inquit,

171 3699 277 3762 misses
297 3721 364 3762 sere
385 3710 419 3763 et
440 3710 467 3764 te
487 3723 509 3764 e
529 3711 622 3763 morte
643 3720 795 3762 reeooem:
819 3698 942 3760 doeeee‘t
956 3699 1035 3760 ete
1049 3697 1105 3760 tibi
1119 3700 1270 3762 Dominae

170 3785 265 3848 odem
274 3806 332 3870 per
342 3786 488 3848 orationes
498 3807 536 3848 ae
546 3785 697 3868 deerpmes
709 3783 927 3867 discipulorum
941 3804 978 3845 ee
983 3784 1126 3865 fratrem
1140 3794 1268 3862 tuorem,

170 3880 199 3932 et
220 3893 280 3955 per
301 3871 532 3934 interemtorum
555 3869 647 3934 teetce
671 3892 735 3932 rece
760 3867 918 3952 pertitre'oe'e
946 3889 1058 3952 semper
1077 3890 1112 3930 ee
1141 3870 1270 3954 etrpe'ais

171 3956 298 4019 Merita.
346 3957 536 4042 Qeepropter
554 3956 621 4019 da’eo
637 3953 703 4028 att,
718 3955 793 4039 qee'a
808 3953 891 4016 modo
906 3953 1025 4037 quidem
1042 3891 1080 4015 ei
1095 3953 1270 4036 infirmitate

203 4143 269 4190 reti
279 4144 395 4190 viderent
406 4143 436 4190 V.
503 4138 737 4188 audoene-aevu.
802 4139 936 4199 tproteres
948 4145 983 4184 est
995 4137 1024 4185 V.
1095 4141 1272 4202 utentoepud

171 4222 228 4254 eum
239 4205 557 4256 tutiensattonorevfi.
638 4206 802 4264 xepiscopum
814 4203 844 4249 V.
921 4205 1041 4249 retemtas
1052 4209 1088 4249 est
1099 4203 1128 4249 V.
1208 4205 1270 4251 zin-

164 4271 263 4335 flueate
274 4271 304 4320 V.
413 4281 424 4303 ¹
434 4273 592 4334 uiprantem
598 4269 715 4330 subreleri
725 4267 755 4314 V.
772 4269 930 4329 aliquantam
941 4266 1098 4327 confabulari
1108 4267 1138 4313 G.

204 4449 244 4496 44.
256 4438 429 4498 quodraginta
435 4451 513 4498 prope
523 4435 611 4496 aerios]
627 4436 699 4496 Quod
711 4441 808 4494 tempus
819 4432 915 4488 statuit,
929 4447 1015 4491 nempe
1028 4434 1056 4481 Α.
1066 4433 1097 4481 D.
1109 4444 1163 4495 704.
1199 4433 1271 4481 conr.

171 4516 226 4562 quae
236 4502 302 4548 dicta
314 4509 372 4550 sunt
383 4515 466 4562 supra,
477 4500 551 4548 initio
561 4500 632 4560 hujus
645 4500 742 4560 rapitis,
752 4499 846 4546 et'mox
859 4499 888 4545 de
900 4498 1023 4544 Aldfrido.

215 4588 312 4628 annu.
702 4587 720 4624 Ρ
734 4585 756 4646 p
