3100 5125
221 332 692 412 UUIREMUTHENSIUM
716 346 775 411 ΕΤ
799 346 1158 414 GYRUUENSIUM.
1199 352 1263 413 325

168 520 295 563 cursum
313 498 454 583 lingnam
473 519 618 563 vocemve
640 505 769 583 poterat
793 497 907 574 levare,
927 498 1039 563 didicit
1056 499 1104 562 vir
1126 501 1273 584 prudens

167 584 284 649 affectu
298 582 457 669 religionis
472 583 624 661 dictante,
640 605 698 669 per
717 584 856 669 singulas
876 582 1006 660 diurnae,
1023 584 1087 647 sive
1101 591 1265 649 nocturnae

128 684 158 733 ²5
168 668 322 733 orationis
336 669 432 733 horas
451 668 572 752 aliquos
592 669 635 732 ad
654 690 688 733 se
709 670 845 733 fratrum
859 690 982 746 vocare,
998 668 1112 752 quibus
1127 670 1266 753 psalmos

168 760 337 818 consuetos
367 752 490 817 duobus
515 753 548 815 in
577 754 681 817 choris
709 754 940 832 resonantibus,
967 760 1001 817 et
1028 754 1095 839 ipse
1124 776 1196 817 cum
1222 754 1267 818 eis

169 839 321 925 quatinus
346 845 476 923 poterat
501 839 672 922 psallendo,
698 840 783 925 quod
810 860 867 922 per
890 860 924 903 se
947 837 1049 902 solum
1071 839 1265 925 nequiverat,

170 946 279 988 eorum
289 924 450 1007 juvamine
464 923 634 1008 suppleret.

216 1028 268 1072 ιο.
289 1011 339 1072 At
352 1008 408 1071 nbi
424 1015 558 1091 uterque
571 1008 673 1073 abbas
693 1010 831 1073 lassatus
852 1009 1039 1073 infirmitate
1054 1009 1186 1087 diutina,
1199 1011 1424 1094 jamceolfridum

171 1117 207 1158 se
220 1093 316 1158 morti
330 1093 475 1171 ricinum,
491 1115 550 1157 nec
568 1094 707 1179 regendo
728 1094 922 1157 monasterio
942 1094 1090 1157 idoneum
1107 1096 1173 1159 fora
1195 1092 1387 1167 eon-‘ddffsttm

132 1202 164 1249 30
172 1180 296 1265 spexit:
320 1185 413 1243 tanta
426 1201 562 1263 namque
577 1202 632 1243 eos
645 1179 752 1243 affecit
771 1178 939 1243 infirmitas
958 1179 1062 1243 carnis
1084 1186 1121 1243 ut
1137 1166 1425 1267 paulice·{¹‚Jg¹,}³,¹¹s⁰oe,i⁰

172 1272 262 1328 retur
275 1264 309 1327 in
324 1264 370 1327 eis
383 1264 484 1328 virtus
500 1264 628 1341 Christi,
644 1272 682 1328 ut
696 1286 767 1328 cnm
787 1264 925 1348 quadam
945 1264 996 1327 die
1014 1264 1266 1329 desiderantibus
1275 1284 1401 1345 preponis

171 1350 217 1414 eis
239 1372 273 1413 se
294 1349 427 1413 invicem
447 1349 631 1433 priusquam
653 1350 693 1413 de
714 1349 774 1413 hoc
797 1350 901 1413 seculo
923 1349 965 1411 mi
1023 1355 1096 1413 rent
1110 1349 1216 1413 videre
1233 1358 1267 1415 et

171 1435 296 1519 alloqui,
319 1434 475 1519 Siglridus
496 1434 530 1496 in
552 1435 669 1498 feretro
695 1437 920 1534 deportaretur
944 1456 964 1497 a
1012 1434 1188 1497 cubiculum
1211 1436 1266 1499 ubi

171 1520 363 1583 Benedictus
378 1527 412 1583 et
426 1520 493 1604 ipse
508 1540 565 1582 suo
582 1521 712 1603 jacebat
731 1542 765 1582 1n
785 1521 930 1604 grabato,
946 1519 1053 1603 eisque
1071 1541 1134 1583 uno
1148 1520 1181 1581 in
1195 1520 1270 1583 loco

171 1604 388 1669 ministrorum
402 1626 498 1668 manu
517 1605 706 1688 compositis,
723 1612 820 1689 caput
838 1604 1003 1687 utriusque
1022 1604 1054 1666 in
1075 1604 1186 1667 eodem
1200 1626 1266 1667 ccr-

170 1690 262 1753 vicali
286 1690 454 1765 locaretur,
476 1689 660 1753 lacrimabili
683 1690 871 1774 spectaculo,
895 1712 953 1753 nec
975 1695 1102 1753 tantum
1128 1690 1267 1753 habuere

130 1792 161 1842 35
171 1776 284 1838 virium
295 1782 333 1839 ut
344 1774 473 1860 propius
483 1774 588 1859 posita
603 1796 660 1838 ora
673 1777 716 1838 ad
730 1776 934 1839 oscidandum
949 1796 982 1837 se
994 1775 1183 1837 alterutrum
1194 1796 1267 1837 con-

169 1862 303 1945 jungere
324 1867 474 1944 possent;
506 1861 562 1922 sed
584 1867 618 1923 et
639 1859 700 1924 hoc
723 1861 866 1924 fraterno
888 1860 1122 1943 compleverunt
1145 1860 1265 1923 officio:

172 1944 254 2009 inito
274 1944 465 2008 Benedictus
485 1966 557 2007 cum
579 1966 625 2020 eo,
650 1967 784 2028 cumque
807 1944 959 2008 universis
978 1944 1130 2008 fratribus
1150 1946 1268 2008 salubri
1281 1950 1426 2015 [A.1).688.]

174 2030 313 2106 consilio,
332 2028 426 2092 acciit
446 2030 597 2093 abbatem
621 2030 820 2106 (leolfridum,
846 2051 940 2115 quem
964 2029 1157 2093 monasterio
1182 2030 1269 2094 beati

174 2115 267 2178 Pauli
281 2111 417 2198 apostoli
430 2114 625 2197 praefecerat,
641 2115 742 2177 virum
756 2114 902 2178 videlicet
919 2115 978 2177 sibi
1000 2135 1064 2176 non
1083 2120 1152 2177 tam
1166 2115 1270 2177 carnis

173 2199 415 2274 necessitudine,
432 2221 528 2282 quam
541 2199 697 2262 virtutum
718 2200 871 2263 societate
890 2199 1119 2283 propinquum:
1143 2206 1176 2263 et
1198 2222 1271 2263 eum

131 2316 166 2361 ⁴0
174 2284 301 2367 utrique
323 2283 517 2347 monasterio
540 2283 663 2347 cunctis
687 2284 875 2361 laventibus,
899 2292 997 2368 atque
1019 2284 1080 2348 hoc
1102 2284 1271 2348 utillimum

171 2368 396 2453 judicantibus,
411 2368 585 2453 praeposuit
601 2376 746 2453 patrem;
771 2370 896 2432 salubre
918 2376 1007 2433 ratus
1025 2390 1083 2452 per
1104 2370 1209 2433 omnia
1228 2370 1270 2433 ad

174 2454 422 2518 conservandam
447 2475 568 2538 pacem,
592 2453 758 2529 unitatem,
784 2453 1045 2537 concordiamque
1068 2455 1219 2529 locorum,
1243 2454 1269 2517 si

174 2561 273 2602 unum
286 2545 441 2624 perpetuo
454 2544 580 2622 patrem
595 2546 813 2623 rectoremque
831 2545 995 2612 tenerent;
1021 2559 1270 2604 commemorans

174 2626 290 2710 saepius
307 2623 473 2688 israelitici
488 2623 577 2708 regni
597 2624 784 2708 exemplum,
801 2625 883 2708 quod
902 2624 1175 2688 inexterminabile
1192 2646 1271 2688 sem-

63 2762 68 2769 .
175 2732 233 2794 per
260 2709 380 2773 exteris
408 2708 601 2784 nationibus,
627 2709 874 2793 inviolatumque
901 2709 1095 2792 perduravit,
1121 2709 1272 2792 quamdiu

127 2873 131 2878 ι
176 2794 248 2857 unis
261 2794 436 2877 iisdemque
450 2815 515 2857 suae
530 2793 636 2878 gentis
654 2796 826 2878 regebatur
839 2816 859 2857 a
874 2793 1025 2867 ducibus,
1049 2800 1085 2857 at
1102 2800 1272 2878 postquam

136 2907 167 2955 45
176 2879 423 2964 praecedentium
437 2900 534 2942 causa
548 2886 750 2963 peccatorum
765 2879 891 2942 inimico
906 2879 947 2942 ab
962 2877 1094 2942 invicem
1109 2885 1158 2942 cst
1172 2885 1273 2942 certa

177 2965 483 3048 minc'diramptnm,
500 2963 595 3048 periit
614 2963 782 3047 paulisper,
799 2970 832 3026 et
846 2986 866 3026 a
886 2986 944 3026 sua
962 2984 1148 3026 concussum
1165 2963 1274 3026 solidi-

178 3056 247 3114 tate
263 3049 387 3112 defecit.
433 3048 497 3111 Sed
519 3054 553 3111 et
573 3048 798 3133 Evangelicam
814 3048 901 3112 illam
917 3050 1068 3112 monebat
1090 3048 1157 3111 sine
1178 3048 1275 3111 inter:

177 3135 325 3198 missione
346 3132 546 3197 recolendam
568 3154 636 3195 esse
657 3133 859 3210 sententiam,
884 3133 964 3212 Quia
986 3154 1068 3196 aare
1093 3154 1216 3218 requam
1240 3135 1275 3196 t'a

177 3220 270 3303 mipace
284 3219 416 3282 divisam
430 3216 621 3281 domabitur.

98 3423 164 3485 299
214 3415 273 3544 pipi.
290 3397 399 3543 Icrruss
412 3395 568 3543 poqltsshaetc
582 3395 732 3542 revqllptis
741 3395 906 3542 §renegans
921 3397 1053 3544 duqltrus,
1066 3396 1169 3544 pqimo
1183 3417 1274 3543 vene}
1283 3410 1346 3521 2⁰ss
1357 3408 1436 3533 db?

177 3481 1403 3650 ftalutatam,tutatluttdtc‘dtttttttaa·

179 3651 378 3736 sempiternae
394 3649 517 3733 quietis,
533 3649 657 3713 introiit
679 3649 711 3710 in
729 3650 858 3712 domum
873 3650 961 3733 regni
979 3649 1125 3726 coelestis,
1141 3651 1174 3712 in
1189 3651 1274 3714 holo-

179 3737 298 3799 caustis
318 3743 481 3819 perpetnae
502 3734 693 3797 laudationis
714 3734 850 3797 reddens
872 3755 929 3796 sua
946 3741 1021 3796 vota
1041 3735 1188 3811 Domino,
1204 3757 1275 3818 quae

156 3821 289 3898 5sedula
301 3820 457 3883 labiorum
471 3819 660 3881 mundorum
671 3818 874 3881 distinctione
887 3817 1077 3901 promiserat
1089 3843 1095 3881 :
1112 3841 1151 3882 ac
1163 3819 1276 3882 deinde

179 3905 338 3991 adjunctis
359 3904 428 3968 aliis
449 3903 609 3966 mensibus
629 3911 775 3987 quatuor,
794 3901 942 3965 vitiorum
962 3902 1065 3966 victor
1085 3903 1277 3966 Benedictus

181 3997 215 4054 ct
239 3991 394 4054 virtutum
419 3995 567 4072 patrator
589 3987 742 4072 egregius,
766 3987 868 4050 victus
894 3987 1079 4051 infirmitate
1105 3987 1209 4051 carnis
1235 3988 1277 4049 ad

181 4082 325 4139 extrema
338 4073 490 4158 pervenit.
534 4072 606 4134 Nox
620 4072 686 4136 ruit
700 4071 840 4135 hibernis
858 4072 964 4156 algida
978 4071 1124 4138 flatibus:
1149 4071 1216 4134 dies
1234 4070 1278 4133 illi

214 4285 253 4337 47.
266 4290 337 4322 omne
346 4274 463 4335 regnum]
485 4274 557 4322 Mau.
567 4274 610 4322 xii.
622 4286 661 4336 27.

215 4353 237 4400 3.
251 4339 357 4399 introiit]
382 4340 477 4398 Nempe
488 4339 520 4386 xi.
533 4339 582 4385 kal.
596 4338 728 4399 Septemb„
740 4353 788 4399 quo
806 4338 845 4386 die
861 4338 968 4386 infestis
982 4336 1149 4385 Benedictinis
1161 4350 1280 4384 memora-

181 4411 232 4458 tur,
244 4402 376 4462 etquidem
390 4417 429 4450 an.
442 4401 497 4513 683.
516 4411 621 4464 quatuor
637 4402 761 4450 mensibus
779 4409 835 4450 ante
848 4403 1015 4463 Benediclum,
1026 4401 1067 4462 qui
1080 4401 1200 4449 danuario
1216 4400 1281 4447 inse·

182 4474 272 4527 quante
284 4473 395 4514 mortuus
406 4474 450 4514 est.
488 4499 494 4513 .
528 4467 599 4514 Conf.
611 4466 686 4524 iufra,
703 4477 740 4526 15.
