3100 5125
1524 29 1535 365 l

288 355 353 422 170
611 353 848 420 HISTORIAE
870 351 1048 420 EGGLES.
1334 343 1463 425 111.27.
1533 378 1534 423 χ

128 505 277 557 Pomanus.
291 503 372 569 hora
385 504 511 571 circiter
525 505 647 570 decima
662 505 743 571 diei:
766 527 830 592 quo
849 504 948 571 etiam
967 525 1052 571 anno
1072 503 1180 569 subita
1198 499 1394 588 pestilentiae

291 587 368 666 lues,
383 589 583 675 depopulatis
603 592 692 676 prius
713 592 906 657 australibus
927 590 1097 655 Brittaniae
1118 590 1229 675 plagis,
1246 588 1394 652 Norden-

290 673 496 774 hymbrorum
506 698 631 761 quoque
646 677 840 763 provinciam
854 677 1045 761 corripiens;
1062 683 1160 761 atque
1175 676 1291 738 acerba
1302 673 1394 736 clade

291 759 411 825 diutius
424 761 517 861 longe
534 762 660 847 lateque
676 764 856 840 desaeviens,
872 784 1021 848 magnam
1037 761 1200 827 hominnm
1214 758 1395 824 multitudi-

129 849 250 898 russos.
292 865 365 909 nem
393 853 517 912 stravit.
562 848 633 929 Qua
661 849 755 934 plaga
779 849 933 933 prefatus
962 848 1091 911 Domini
1121 847 1270 910 sacerdos
1298 844 1395 908 Tuda

127 937 229 999 Pegas-
292 937 405 1015 raplns
427 938 476 996 est
498 934 538 996 de
559 935 687 1011 mundo,
703 941 736 998 et
757 934 791 996 in
812 934 1006 998 monasterio
1021 933 1107 1018 quod
1120 932 1239 996 dicitnr
1257 932 1394 1015 Paegna-
1534 1012 1535 1015 Ἴ

128 1001 197 1052 Μ·
291 1015 380 1093 laech,
396 1018 566 1082 honorifice
580 1019 730 1104 sepultus.
775 1019 857 1083 Haec
874 1026 983 1084 autem
1001 1020 1096 1117 plaga
1111 1017 1301 1081 Hiberniam
1317 1029 1432 1100 quo-¹0

293 1123 354 1186 que
368 1103 502 1168 insulam
516 1105 587 1189 pari
601 1104 690 1168 clade
709 1106 885 1190 premebat.
930 1105 1035 1169 Erant
1056 1104 1174 1167 ibidem
1193 1124 1232 1166 eo
1246 1110 1393 1186 tempore

290 1187 383 1251 multi
401 1189 553 1253 nobilium
576 1189 668 1254 simul
688 1197 722 1254 et
743 1190 948 1253 mediocrium
962 1191 1003 1254 de
1021 1196 1117 1275 gente
1132 1189 1321 1274 Anglorum,
1338 1186 1393 1271 qni

290 1277 434 1358 tempore
446 1274 562 1340 Finani
577 1282 610 1340 et
625 1275 768 1340 Oolmani
779 1276 1006 1360 episcoporum,
1016 1275 1127 1339 relicta
1138 1274 1263 1337 ¹insula
1273 1272 1392 1357 patria,

289 1357 339 1423 vel
354 1359 466 1424 divinae
481 1360 635 1439 lectionis,
650 1362 700 1426 vel
714 1361 958 1425 continentioris
971 1361 1046 1425 vitae
1062 1360 1169 1446 gratia
1183 1359 1236 1422 illo
1256 1380 1393 1422 secesse-

289 1451 374 1509 rant.
419 1444 464 1509 Et
488 1446 617 1532 quidam
642 1446 769 1530 quidem
792 1469 868 1511 mox
892 1469 926 1510 se
948 1446 1132 1510 monastioae
1156 1443 1393 1508 conversationi

289 1528 428 1595 fideliter
440 1532 709 1632 mancipaverunt,
725 1531 780 1596 alii
793 1531 895 1618 magis
909 1532 1131 1596 circumeundo
1144 1551 1203 1616 per
1216 1531 1310 1594 cellas
1325 1552 1393 1593 ma
1404 1541 1429 1591 ¹⁵
1535 1540 1537 1575 ἰ

288 1614 470 1701 ffi‘strorum,
482 1616 611 1682 lectioni
625 1638 756 1704 operam
769 1617 848 1683 dare
857 1619 1057 1704 gandebant:
1075 1638 1154 1702 quos
1164 1637 1274 1680 omnes
1286 1614 1393 1679 Scotti
1534 1580 1537 1681 l

290 1899 380 1961 Maias,
391 1901 455 1961 quod
467 1902 540 1950 tertio
552 1902 642 1950 mensis
653 1901 702 1950 diei
717 1902 856 1963 respondet.
891 1902 945 1950 Hoc
956 1909 1040 1950 tamen
1057 1899 1204 1949 astronomis
1220 1913 1270 1947 non
1287 1913 1392 1960 parrum

290 1966 415 2026 negotium
427 1965 543 2023 facessit3
560 1973 662 2027 ramoque
674 1966 765 2028 regulis
781 1967 841 2015 artis
855 1981 953 2028 prorsus
967 1967 1138 2028 incongruum.
1170 1964 1313 2012 Gerbardns
1324 1965 1390 2011 Mer·

290 2036 367 2088 cator,
379 2029 420 2090 qui
432 2029 540 2091 eclipsim
551 2030 614 2077 hane
626 2045 641 2076 a
652 2031 719 2078 Beda
728 2031 807 2080 visam
824 2039 851 2080 et
865 2031 938 2079 tertio
952 2031 996 2079 illo
1011 2031 1051 2079 die
1069 2030 1130 2078 Maii
1145 2030 1300 2076 observatam
1315 2028 1392 2076 fnisse

289 2093 337 2142 sibi
349 2095 476 2153 persuasit,
488 2093 627 2142 auctoritati
638 2094 691 2156 ejus
701 2095 761 2142 adeo
772 2095 874 2143 innixus
885 2102 932 2153 est,
942 2104 970 2144 ut
981 2096 1068 2143 exinde
1077 2103 1194 2155 tanquam
1206 2094 1393 2141 sfundamento

290 2172 360 2205 novre
371 2158 530 2220 hypotheseos
542 2166 688 2207 structuram
700 2162 829 2209 efformare
844 2175 894 2207 non
909 2159 941 2207 sit
954 2161 1053 2209 vesitus.
1095 2159 1144 2207 Sed
1161 2158 1298 2206 Historiam
1317 2157 1392 2204 Bedss

289 2222 486 2270 Ecclesiastieam
499 2222 693 2286 inspicientibus,
705 2239 730 2271 r.
742 2237 781 2285 25.
792 2227 885 2272 clarum
897 2225 945 2272 erit
954 2224 1058 2286 eclipsin
1069 2225 1131 2272 bane
1143 2237 1230 2270 novem
1243 2223 1316 2270 annis
1328 2223 1393 2270 nati-

290 2286 389 2334 vitatem
407 2286 459 2347 ejus
476 2288 633 2349 precessisse.
667 2289 728 2338 Cum
746 2290 823 2349 igitur
839 2289 870 2337 sb
887 2289 942 2337 aliis
958 2291 1092 2350 accepisset
1100 2288 1201 2349 eclipsin
1212 2287 1285 2334 initio
1296 2287 1393 2334 mensis

290 2350 351 2398 Maii
364 2351 464 2406 lactem,
475 2359 500 2400 et
511 2366 542 2400 ex
553 2368 598 2400 sua
609 2360 660 2401 arte
671 2354 827 2414 cognovisset
843 2368 892 2401 non
911 2354 960 2401 nisi
976 2353 1095 2401 novilunii
1107 2360 1216 2414 tempore
1231 2351 1330 2399 evenire
1348 2365 1393 2411 po-

289 2415 373 2475 tuisse,
390 2416 524 2464 neomenia
540 2417 604 2465 diem
622 2433 652 2466 ex
668 2419 731 2481 cycli
747 2418 951 2466 decennovenalis
968 2417 1114 2481 Dionysiani
1131 2418 1207 2464 abaco
1223 2416 1391 2476 indagandum

289 2494 344 2528 esse
360 2479 462 2540 censuit,
477 2496 507 2528 ex
524 2496 572 2542 quo
587 2497 662 2542 quum
680 2497 780 2530 aureum
797 2483 856 2531 anni
873 2483 940 2530 illius
957 2498 1084 2530 uulnerum
1097 2482 1149 2530 rix.
1160 2481 1200 2528 die
1211 2480 1274 2529 Maii
1286 2481 1321 2526 iii.
1341 2480 1391 2540 pri·

288 2558 354 2593 mam
372 2543 456 2594 lunam
473 2547 582 2597 indicare
598 2548 791 2606 deprehenderit,
804 2563 853 2596 non
866 2547 915 2596 alio
926 2563 999 2610 qnam
1014 2548 1058 2596 illo
1073 2547 1132 2595 solis
1147 2545 1390 2594 illamdefectionem

289 2610 379 2658 factam
392 2625 444 2659 esse
456 2612 582 2661 conclusit
617 2613 733 2661 Nondum
746 2613 814 2661 enim
826 2612 886 2660 satis
898 2621 1048 2675 perspectum
1061 2613 1142 2660 isserat
1153 2626 1225 2672 quem
1234 2618 1299 2658 esset
1311 2610 1390 2658 fallax

289 2675 381 2738 cyclica
392 2676 436 2724 illa
447 2677 588 2724 neomenias
599 2678 699 2725 eruendi
711 2678 773 2724 ratio
784 2696 790 2723 z
804 2678 873 2738 cujus
883 2692 990 2725 errorem
1002 2692 1046 2724 suo
1058 2686 1166 2737 tempore
1175 2690 1217 2736 per
1226 2676 1280 2735 ipsa
1292 2675 1390 2736 phreno-

289 2754 362 2787 mene
370 2748 422 2787 toto
433 2741 485 2788 orbi
500 2742 646 2801 patefactum
658 2742 734 2789 fnisse
744 2742 871 2789 Marianus
880 2744 977 2790 Scottus
983 2742 1128 2798 declaravit,
1138 2742 1168 2787 de
1178 2756 1200 2788 a.
1208 2752 1331 2786 stnxxxn.
1339 2754 1390 2799 qno

289 2804 353 2851 idem
362 2804 414 2865 ipsc
422 2806 474 2853 xix.
484 2806 545 2869 cycli
557 2822 637 2854 annus
648 2806 798 2865 decurrebat,
809 2807 844 2853 ita
856 2807 976 2855 scribens:
988 2806 1080 2854 Prima
1085 2806 1211 2869 paschalis
1219 2806 1280 2851 luno
1288 2806 1320 2851 tv.
1331 2818 1391 2850 noa.

287 2870 384 2929 Aprilis
399 2875 448 2917 toto
465 2870 517 2917 orbi
532 2874 660 2933 oppansis,
677 2886 753 2932 qaum
763 2872 791 2917 ii.
802 2886 860 2918 non.
871 2872 965 2932 Aprilis
981 2886 1032 2917 esse
1046 2872 1153 2926 debera,
1164 2871 1281 2931 cuiquem
1296 2870 1391 2915 scilicet

288 2946 380 2979 aurerts
390 2948 508 2981 nummus
518 2936 571 2982 cir.
585 2937 611 2983 s'rr
623 2937 735 2994 vulgatis
752 2936 903 2983 calendariis
917 2936 1066 2982 cemebntur
1082 2936 1213 2996 appositus.
1249 2932 1332 2979 Usser.
1346 2932 1390 2979 Br.

289 2996 356 3044 Eccl.
369 2996 426 3044 Ant.
435 3013 457 3059 p.
467 3010 524 3059 491.
537 2999 564 3046 S.
588 2998 677 3047 Verum
688 2999 805 3058 eclipseos
815 3000 881 3047 diem
892 3000 977 3047 datum
988 3014 1041 3046 csse
1051 2998 1078 3046 in
1091 2996 1390 3046 Hibernensium'Annal.

290 3060 375 3108 Ultou.
388 3062 483 3109 notavit
499 3062 619 3111 Usserius.
652 3064 719 3112 ldem
731 3064 823 3112 factum
834 3070 873 3111 cst
883 3078 980 3125 quoque
993 3079 1009 3112 a
1019 3063 1159 3125 Tigeroscb
1171 3082 1177 3108 ι
1197 3063 1239 3109 sed
1251 3062 1343 3109 annal.
1356 3060 1389 3108 iv.

288 3124 400 3186 Magistr.
413 3125 503 3173 habent
514 3127 579 3174 diem
590 3127 689 3175 tertium
702 3128 777 3175 blaii:
790 3129 854 3189 quod
865 3128 957 3176 indicio
967 3136 1005 3177 est
1015 3143 1101 3177 eorum
1111 3126 1284 3189 compilatores
1296 3141 1311 3172 a
1320 3126 1391 3173 Beda

288 3188 405 3237 hausisse.
439 3190 549 3238 Eundem
561 3206 667 3239 errorem
679 3192 752 3240 habet
762 3192 852 3241 Cbmn.
865 3194 922 3242 Sex.

321 3252 573 3317 6.pestileatioelues]
592 3257 641 3304 Dia
658 3257 756 3305 duravit
771 3258 822 3305 haec
838 3257 923 3320 pestis,
936 3271 1024 3317 nempe
1040 3256 1071 3304 ad
1087 3256 1259 3304 duodecimum
1276 3269 1387 3302 annum:

289 3318 378 3378 sepius
387 3318 416 3366 de
427 3334 457 3366 ee
467 3319 559 3367 mentio
570 3321 636 3369 iacta
646 3328 683 3369 est
694 3337 709 3370 a
721 3322 797 3380 Beda,
809 3337 883 3383 supra
894 3336 934 3383 23,
946 3322 1011 3368 inira
1022 3321 1054 3369 iv.
1068 3333 1092 3382 7,
1108 3333 1145 3380 14,
1160 3321 1226 3382 (post
1237 3323 1268 3366 A.
1276 3320 1307 3365 D.
1317 3317 1390 3381 680‚)

289 3388 315 3429 et
326 3382 393 3430 Hist.
403 3383 466 3431 abb.
478 3383 580 3433 Wirem.
595 3393 620 3433 et
636 3386 710 3446 Gyrr.
719 3386 745 3441 8,
757 3387 823 3447 quod
839 3385 905 3435 cadit
922 3386 948 3433 in
960 3386 993 3433 A.
1002 3386 1035 3433 l).
1047 3385 1103 3434 686.
1138 3386 1167 3433 ln
1179 3383 1273 3431 Aunnl.
1284 3384 1317 3430 iv.
1330 3385 1389 3431 Ms-

289 3446 359 3507 gista
376 3447 441 3495 dicta
457 3455 495 3495 est
512 3448 592 3497 Flava
608 3450 690 3511 pestis,
708 3457 732 3498 et
749 3450 775 3497 in
792 3451 877 3499 Triad.
895 3451 994 3499 Cambr.
1011 3450 1066 3497 Vid.
1079 3450 1203 3497 Williame
1218 3448 1303 3509 Antiq.
1320 3448 1388 3496 Eecl.

203 3540 205 3542 -
289 3510 489 3621 pyfmry,p.1so.
512 3513 625 3562 Vastavit
633 3528 728 3575 quoque
740 3516 801 3563 alias
813 3515 925 3577 regiones
936 3521 1023 3577 preter
1035 3514 1129 3561 insulas
1143 3512 1307 3561 Britannicas.
1330 3512 1388 3560 Vid.

289 3589 314 3622 ιιι
328 3590 347 3623 r.
359 3590 391 3623 rr.
403 3590 423 3623 1.

322 3653 346 3702 9.
358 3640 529 3703 Poegrsolocb]
547 3640 665 3704 Waghele
682 3642 738 3690 Chr.
755 3643 847 3689 Saron.
865 3659 888 3704 p.
899 3655 940 3700 40.
958 3643 988 3691 ad
1005 3658 1027 3691 s.
1040 3640 1096 3700 664.
1120 3640 1243 3689 Wernalet
1261 3641 1292 3687 ll.
1307 3640 1389 3687 llunt.

288 3704 377 3752 libili.
390 3721 413 3766 p.
428 3720 482 3771 191.
516 3706 632 3768 Ejusdem
650 3706 698 3753 loci
711 3706 784 3754 sarire
802 3708 925 3768 lectiones,
937 3722 967 3755 ex
984 3721 1088 3755 erronea
1104 3704 1244 3766 acceptione
1260 3704 1390 3752 literarum

289 3770 472 3819 Saxonicarum.
508 3772 686 3819 Mouasterium
705 3778 787 3818 autem
800 3772 878 3833 ipsum
893 3772 935 3819 ubi
946 3773 1021 3819 inerit
1037 3786 1122 3833 pamm
1135 3777 1238 3817 constat.
1273 3770 1390 3816 Proxime

288 3841 361 3882 sonat
371 3835 553 3893 Pinconlteole,
565 3835 636 3883 bodie
647 3835 767 3883 liinclrole
778 3836 873 3883 duobus
884 3852 899 3883 a
910 3835 1035 3885 Donelmo
1051 3835 1188 3883 miliaribus
1199 3835 1230 3881 ed
1243 3834 1349 3881 Vedram
1362 3834 1388 3880 ll.

288 3896 367 3947 Certae
377 3900 475 3960 quidem
486 3901 539 3962 ejus
550 3900 709 3961 antiquitates
721 3899 786 3946 ultra
797 3916 816 3947 s.
828 3901 961 3948 Godricnm
974 3915 1023 3948 non
1041 3906 1183 3961 assurgunt,
1194 3899 1236 3960 qui
1247 3898 1312 3946 vixit
1326 3904 1390 3945 tem-

287 3976 346 4023 pore
358 3964 459 4013 Henrici
471 3980 490 4013 r.
504 3965 521 4012 i.
532 3973 557 4013 et
575 3964 689 4024 lingonis
700 3973 730 4011 oe
743 3965 847 4012 Putesco
860 3966 932 4025 episc.
951 3965 1105 4023 fundatoris,
1122 3963 1198 4011 fuisse
1215 3970 1298 4011 umen
1315 3969 1390 4009 antea

288 4028 438 4088 temporibus
450 4029 588 4077 saxonibus
605 4028 683 4077 luserim
697 4028 816 4077 celebrem
828 4030 881 4089 ipss
891 4029 995 4079 eoncilia
1005 4030 1040 4075 ibi
1050 4035 1138 4077 octavo
1150 4027 1232 4075 seculo
1243 4033 1389 4086 convocata,

288 4106 334 4139 nec
350 4092 415 4140 enim
433 4093 491 4141 alibi
507 4094 582 4142 luisse
593 4093 753 4154 dignoscitur,
765 4094 825 4142 satis
836 4094 969 4142 declarant.
1002 4094 1089 4143 Donec
1104 4093 1154 4141 alia
1169 4092 1246 4153 igitur
1262 4091 1390 4152 sepultura

288 4156 387 4205 'ludam
400 4159 494 4218 potiore
501 4158 557 4219 jure
569 4158 689 4215 vendicet,
701 4158 773 4205 liceat
785 4158 856 4206 nobis
867 4159 931 4206 tanti
943 4158 989 4206 viri
1002 4157 1110 4218 reliquiis
1120 4156 1219 4217 perfrui.
1232 4158 1255 4203 S.

324 4234 362 4283 ¹⁵·
372 4223 562 4284 magistrorum]
577 4223 616 4272 De
627 4222 752 4284 magistris
762 4222 816 4284 agit
826 4223 906 4271 Smitb
917 4224 944 4270 in
952 4223 1092 4284 appendice
1101 4237 1146 4270 sua
1153 4221 1231 4269 Num.
1240 4220 1310 4278 xvii,
1317 4218 1390 4281 majus

288 4285 334 4333 boe
345 4285 444 4334 initium
455 4294 502 4345 est,
514 4287 635 4348 Magistri
646 4290 761 4343 ecclesie,
773 4295 802 4335 ut
813 4290 875 4335 milti
885 4290 994 4344 uidetur,
1005 4303 1054 4335 aon
1066 4289 1111 4334 alii
1121 4286 1241 4348 fumat,
1252 4300 1328 4347 quom
1338 4288 1389 4332 cle-

288 4350 336 4396 rici
347 4352 465 4399 doctiores
474 4357 500 4399 et
510 4356 537 4399 s'rs
547 4353 619 4399 rebus
628 4352 797 4399 ecclesiasticis
807 4352 866 4399 bene
875 4354 993 4413 instituti,
1004 4355 1047 4414 qui
1062 4367 1115 4399 aaa
1131 4366 1189 4398 cum
1204 4351 1321 4413 episcopis
1336 4352 1391 4396 sais

288 4414 324 4461 ad
337 4416 458 4475 mnodum
474 4423 605 4473 emerat,
622 4418 707 4478 quoles
722 4423 796 4463 crum
813 4416 964 4465 Hadrianus
979 4418 1054 4465 obbas
1069 4422 1094 4463 et
1109 4416 1261 4464 Benedictio
1279 4414 1389 4475 Biscopc

288 4478 377 4537 quibns
390 4479 446 4527 addi
458 4488 540 4541 posset
550 4479 670 4528 wlfridus
683 4479 712 4527 in
727 4481 823 4542 synodo
838 4481 1038 4541 streaneshalch,
1054 4488 1080 4528 et
1096 4480 1145 4527 slis
1160 4479 1252 4527 similis
1267 4477 1390 4538 exempla.

290 4542 392 4593 Videtur
401 4544 486 4592 titulus
494 4546 615 4607 generalis
625 4543 699 4592 fuisse
710 4544 751 4605 qui
760 4545 910 4607 quibusvise
921 4546 1024 4606 clericis,
1035 4545 1088 4593 sive
1099 4544 1154 4593 loco
1165 4544 1217 4593 sive
1225 4549 1324 4607 propter
1331 4540 1392 4591 doc·

713 1779 728 1809 ¹
740 1771 828 1818 relicto
835 1771 924 1834 patria
935 1770 965 1820 V.
