3100 5125
285 286 330 350 eo
615 282 852 349 mesonma
875 280 1052 349 aconas
1335 280 1363 369 1„
1383 281 1469 345 16-

287 435 389 499 Pietis
410 455 490 519 quos
509 434 720 583 lougiusdam
741 434 888 500 bellando
910 434 1106 520 pepulerant,
1121 433 1155 497 in
1174 434 1276 497 socios
1295 454 1402 499 arma.

286 527 412 586 vertere
425 520 589 605 incipiunt.
664 528 680 585 t
715 519 830 586 rimum
844 520 971 605 quidem
990 540 1134 585 annonas
1153 518 1213 583 sibi
1227 540 1283 583 eos
1297 519 1386 583 afflu-

286 606 393 671 entius
413 606 596 671 ministrare
616 613 745 691 cogamt,
768 612 1008 690 quaerentesqne
1029 604 1226 669 occasionem
1247 604 1384 682 divortii,

285 698 517 777 protestantur,
532 691 594 755 nisi
606 690 765 776 profusior
779 692 839 755 sibi
853 692 1077 757 alimentorum
1092 689 1183 774 eopia
1197 690 1338 767 daretur,
1350 712 1385 755 se
1398 714 1432 747 ιο

286 784 403 842 cuncta
416 777 526 841 insulae
540 777 611 841 loca
624 783 721 862 rupto
731 778 852 841 foedere
862 784 1053 842 vastaturos.
1065 830 1068 835 .
1081 776 1192 860 Neque
1202 776 1386 859 yaliquanto

287 863 414 949 segnius
433 862 536 926 minas
551 863 727 946 effectibus,
733 870 969 948 prosequuntur
977 886 988 925 ·:
1013 861 1176 947 siquidem,
1192 867 1230 924 nt
1247 862 1387 925 breviter

287 950 401 1025 dicam,
412 970 563 1013 accensus
572 949 718 1013 manibus
728 970 925 1034 paganorum
939 948 1030 1033 ignis,
1043 949 1147 1032 justas
1160 948 1201 1011 de
1216 946 1387 1011 sceleribus

287 1034 636 1185 tthtttttt
646 1033 1094 1203 ttttbtttllltttt
1105 1032 1388 1183 tttttttt

289 1212 407 1269 ennete
431 1206 635 1289 consumpsit.
680 1205 733 1269 Sic
758 1206 842 1267 enim
867 1211 901 1269 et
923 1205 975 1268 hie
998 1211 1113 1290 agente
1138 1204 1234 1287 impio
1257 1200 1385 1279 victore,

290 1290 388 1355 immo
412 1291 600 1376 disponente
624 1292 714 1375 justo
739 1290 866 1369 Judice,
891 1290 1051 1376 proximas
1076 1311 1217 1373 quasque
1242 1288 1430 1355 eivitates15

290 1398 448 1461 agrosque
462 1377 666 1461 depopulans,
680 1377 723 1440 ab
738 1376 884 1441 orientali
902 1375 983 1440 mari
1003 1397 1102 1459 usque
1121 1376 1163 1439 ad
1183 1374 1387 1451 occidentale,

291 1462 377 1525 nullo
387 1463 585 1548 prohibente,
596 1484 689 1525 suum
699 1461 896 1526 continuavit
910 1460 1097 1538 incendium,
1110 1467 1275 1544 totamque
1289 1482 1388 1544 prope

291 1548 400 1612 insulae
414 1548 577 1633 pereuntis
587 1548 784 1632 superficiem
795 1548 927 1611 obtexit.
959 1545 1389 1629 Ruebanteedificiapublica

231 1668 233 1672 ·
290 1632 384 1696 simul
398 1641 432 1697 et
442 1633 576 1718 privata,
587 1633 707 1718 passim
721 1634 902 1697 sacerdotes
913 1633 997 1697 inter
1007 1631 1124 1697 altaria
1134 1631 1386 1707 trucidabantur,

290 1720 442 1803 praesules
456 1742 528 1783 cum
542 1720 674 1803 populis,
690 1719 757 1782 sine
776 1720 840 1783 ullo
859 1724 1005 1803 respectu
1023 1717 1152 1781 hunone
1165 1717 1250 1779 ferro
1267 1715 1388 1800 pariter

291 1812 326 1868 et
339 1805 474 1868 flammis
488 1806 746 1881 absumebantur,
762 1826 820 1868 nec
835 1811 906 1868 erat
920 1803 974 1887 qui
992 1802 1161 1867 crudeliter
1179 1802 1388 1886 interemptos
1399 1820 1432 1853 ²0

292 1889 461 1974 sepulturis
484 1890 637 1954 traderet.
683 1890 797 1973 ltaque
818 1888 958 1954 nonnulli
981 1889 1020 1953 de
1042 1887 1228 1952 miserandis
1250 1888 1307 1951 reli
1329 1886 1389 1953 uiis
1424 1896 1432 1902 ’

291 1974 325 2037 iu
339 1976 501 2038 montibus
519 1975 735 2059 comprehensi
752 1976 949 2039 “acervatim
967 1975 1216 2059 jugulabantur:
1239 1973 1291 2037 alii
1306 1910 1390 2037 dame

291 2060 426 2123 consecti
447 2060 655 2145 procedentes
676 2082 789 2124 manus
810 2061 955 2125 hostibus
977 2060 1106 2135 dabant,
1122 2080 1181 2143 pro
1198 2058 1389 2142 accipiendis

291 2145 514 2209 alimentorum
536 2146 683 2209 subsidiis
703 2152 859 2210 aetcrnum
881 2144 1016 2223 subituri
1038 2144 1209 2222 servitium,
1231 2144 1258 2207 si
1279 2150 1388 2208 tamen

218 2222 227 2246 ¹
292 2252 357 2294 non
393 2230 542 2295 continuo
578 2232 834 2295 trucidarentur:
890 2231 943 2295 alii
979 2230 1209 2295 transmarinas
1244 2229 1389 2314 regiones

293 2316 436 2379 dolentes
450 2318 624 2401 petebant:
647 2318 701 2381 alii
715 2323 896 2401 perstantes
910 2316 943 2379 in
957 2316 1064 2401 patria
1082 2315 1199 2399 trepidi
1216 2336 1388 2399 pauperem

292 2401 391 2465 vitam
406 2401 438 2464 in
458 2402 628 2481 montibus,
643 2403 737 2480 silvis,
753 2403 802 2467 vel
821 2402 951 2487 rupibus
971 2402 1078 2467 arduis
1097 2408 1245 2485 suspecta
1264 2422 1388 2484 semper
1398 2419 1428 2469 ²5

291 2493 399 2551 mente
412 2489 562 2573 agebant.

723 2600 834 2665 OAP.
857 2601 957 2665 XVI.

295 2703 332 2759 Ut
354 2704 494 2761 Brittones
512 2706 633 2780 primum
654 2706 687 2760 de
708 2715 787 2780 pente
807 2688 959 2781 duplorum
983 2707 1136 2770 victorium,
1159 2707 1224 2762 duee
1243 2703 1388 2760 Antbrcsio

625 2786 748 2842 Rcatuac
762 2786 875 2852 bomine,
890 2787 1062 2861 sumpserint.

130 2884 277 2962 Ambrosius
335 2877 387 2938 Ar
400 2877 454 2941 nbi
476 2880 600 2943 hostilis
622 2880 788 2958 exereitus,
805 2878 1024 2945 exterminatis
1046 2878 1256 2963 dispersisque
1279 2878 1387 2942 insulae

130 2949 253 2997 surenas.
292 2959 455 3046 indigenis,
472 2965 600 3028 domum
614 2964 758 3028 reversus
779 2974 837 3043 est,
853 2973 1018 3050 coeperunt
1033 2971 1066 3028 et
1081 2963 1124 3026 illi
1138 2963 1292 3048 paulatim
1306 2963 1388 3028 vires
1398 2983 1430 3030 30

291 3047 476 3132 animosque
500 3071 669 3127 resumere,
695 3057 893 3136 emergentes
919 3052 959 3115 de
984 3050 1123 3115 latibulis
1149 3049 1262 3134 quibus
1286 3049 1388 3114 abditi

291 3132 428 3210 fuerant,
454 3140 489 3197 et
515 3134 688 3199 bunanimo
713 3158 866 3200 consensu
892 3137 1043 3200 auxilinm
1068 3136 1193 3199 caeleste
1222 3143 1390 3219 precantes

293 3239 333 3280 ne
358 3219 525 3302 usquead
550 3219 795 3284 internecionem
821 3243 1044 3306 usquequaque
1073 3221 1263 3290 delerentur.
1309 3221 1390 3284 Uter

293 3303 412 3366 bantur
432 3326 471 3368 eo
491 3311 635 3390 tempore
656 3306 736 3371 duee
757 3308 930 3373 Ambrosio
950 3307 1124 3371 Aureliano
1145 3305 1212 3369 viro
1233 3306 1388 3382 modesto,

327 3425 486 3485 taliqanadc
497 3424 529 3473 V.
584 3428 657 3474 rimo
668 3434 692 3474 et
703 3427 808 3487 aedificia
820 3427 849 3474 V.
901 3429 1075 3474 scatavattm
1087 3426 1117 3474 V.
1172 3427 1315 3472 bananiae·
1326 3425 1357 3474 V.

330 3542 366 3587 ¹4·
378 3531 452 3589 impio
462 3531 566 3592 nictare]
586 3531 710 3593 Quamdiu
729 3547 777 3593 pax
789 3530 883 3579 steterit
893 3531 957 3578 inter
968 3530 1100 3578 Britannos
1110 3536 1134 3577 et
1147 3530 1257 3576 Saxones
1268 3531 1389 3578 incertum

293 3598 338 3640 est.
373 3593 510 3640 Secundum
528 3595 617 3643 Chrou.
634 3598 702 3654 Sex,
718 3596 861 3655 Ethelwera,
873 3602 898 3642 et
913 3594 983 3650 alios,
995 3595 1091 3642 videtur
1107 3593 1196 3640 bellum
1213 3593 1302 3641 initum
1316 3595 1391 3642 fuisse
1441 3595 1443 3598 ’

293 3671 360 3704 aeuo
378 3664 447 3705 sexto
466 3665 522 3719 post
542 3660 673 3708 adveutum
695 3662 832 3717 Saxonum,
852 3661 881 3706 Α.
890 3660 922 3707 Ι).
936 3672 991 3720 455.
1026 3659 1073 3706 Sed
1093 3659 1181 3705 exinde
1199 3658 1241 3704 diu
1259 3666 1284 3705 et
1303 3659 1391 3706 aeriter

294 3729 429 3781 pugnatum
447 3729 492 3769 est.
525 3723 699 3772 Britannorum
716 3740 755 3772 res
771 3738 883 3785 prospere
900 3731 981 3785 gestas
997 3729 1116 3770 niemerat
1130 3722 1251 3782 Nennius,
1264 3723 1389 3772 Saxonum

294 3800 352 3832 sero
363 3787 453 3834 Ghron.
467 3788 626 3836 Saxonicum.
652 3789 727 3835 Porro
740 3789 838 3836 initium
856 3787 924 3849 regni
937 3787 1052 3849 chgisti
1064 3801 1120 3835 cum
1133 3786 1184 3834 filio
1196 3786 1248 3848 ejus
1260 3789 1340 3836 AEscae
1351 3787 1389 3835 vel

294 3850 355 3896 Oise
365 3850 468 3912 (infeli.
477 3849 513 3912 5,)
524 3853 550 3898 in
563 3853 650 3900 Cantia
661 3860 816 3913 computatur
827 3853 858 3900 ab
869 3852 935 3900 AD.
947 3865 1004 3914 455.

329 3915 506 3976 cAMVL]
523 3916 585 3964 Vide
594 3917 703 3975 Gildarn,
715 3925 772 3964 sect.
785 3931 841 3964 xxv.
852 3923 878 3964 et
888 3918 955 3964 xxvi.
967 3919 990 3964 S.

328 3991 367 4038 30·
377 3981 544 4040 reversaret]
558 3981 669 4028 Neruius
680 3981 755 4029 tradit
765 3981 922 4029 Guortbemir
933 3981 1008 4028 filium
1022 3978 1173 4040 Gaortigirni
1183 3980 1291 4027 Saxones
1303 3979 1390 4028 vicisse

293 4050 320 4089 et
330 4043 459 4102 expulisse.
475 4044 523 4090 Vix
535 4047 681 4092 credendum
694 4053 731 4093 est
741 4047 851 4094 Saxones
862 4053 912 4094 tam
924 4045 974 4092 cita
985 4045 1089 4092 insulam
1102 4044 1226 4105 subegisse
1237 4060 1309 4104 qnam
1322 4045 1389 4092 Beda

294 4121 308 4153 e
326 4106 400 4153 Gilda
417 4116 509 4161 narrat.
526 4116 552 4156 et
567 4116 619 4156 mm
640 4110 763 4158 subactam
778 4111 882 4158 victores
900 4109 1035 4170 reliquisse,
1055 4115 1082 4156 ut
1100 4123 1196 4155 rursum
1213 4110 1288 4156 armis
1303 4123 1389 4170 aggre-

294 4172 417 4218 derentur.
440 4173 548 4220 Cessisse
558 4180 639 4220 taram
652 4189 694 4222 eos
705 4175 827 4236 paulisper
837 4189 868 4222 ex
880 4174 960 4221 insula
972 4181 1072 4234 uterque
1084 4174 1182 4220 fatetur.
1205 4173 1302 4220 Bellum
1315 4174 1389 4222 tuisse

293 4235 390 4282 videtur
400 4235 544 4283 continuum
556 4255 562 4283 :
580 4239 621 4286 seat
634 4241 743 4287 Saxones
754 4240 868 4286 fortiores
879 4253 974 4298 semper
985 4239 1085 4286 ulterius
1096 4237 1238 4285 tendebant.

328 4313 367 4360 33.
379 4301 518 4361 Amana]
536 4302 611 4350 Hunc
621 4304 781 4350 Ambrosium
796 4304 861 4350 Beda
877 4302 902 4349 in
917 4303 1039 4350 Chronico
1056 4302 1125 4362 ponit
1141 4301 1185 4349 sub
1201 4303 1310 4358 Zenone,
1326 4302 1391 4349 unde

294 4363 393 4424 qnidam
405 4363 562 4412 observantes
573 4367 701 4427 imperium
714 4369 853 4416 Romanum
865 4374 924 4415 tuuc
935 4367 1052 4426 temporis
1063 4367 1093 4413 de
1104 4368 1257 4414 successione
1268 4367 1389 4424 laborare,

295 4427 451 4475 Ambrosium
469 4429 495 4474 iu
513 4444 642 4491 purpuram
659 4431 780 4478 elevatum
798 4431 873 4479 tuisse
888 4431 1047 4479 tradiderunt.
1081 4432 1142 4492 Quae
1158 4439 1240 4479 autem
1258 4431 1288 4478 de
1305 4430 1349 4478 illo
1366 4437 1391 4479 et

295 4492 437 4553 parentibus
456 4492 518 4553 ejus,
537 4494 659 4557 gestisque
678 4495 888 4558 legimusqnibus
909 4510 1009 4558 reguum
1030 4496 1145 4556 impletur
1165 4509 1195 4557 32
1214 4509 1343 4557 annonam,
1360 4509 1391 4543 es
