<?xml version="1.0" encoding="UTF-8"?>
<!DOCTYPE html PUBLIC "-//W3C//DTD XHTML 1.0 Transitional//EN"
    "http://www.w3.org/TR/xhtml1/DTD/xhtml1-transitional.dtd">
<html xmlns="http://www.w3.org/1999/xhtml" xml:lang="en" lang="en">
 <head>
  <title>
</title>
<meta http-equiv="Content-Type" content="text/html;charset=utf-8" />
  <meta name='ocr-system' content='tesseract 3.04.00' />
  <meta name='ocr-capabilities' content='ocr_page ocr_carea ocr_par ocr_line ocrx_word'/>
</head>
<body>
  <div class='ocr_page' id='page_1' title='image "./historiaecclesi00hussgoog_0295.png"; bbox 0 0 3100 5125; ppageno 0'>
   <div class='ocr_carea' id='block_1_1' title="bbox 283 349 1462 439">
    <p class='ocr_par' dir='ltr' id='par_1_1' title="bbox 283 349 1462 439">
     <span class='ocr_line' id='line_1_1' title="bbox 283 349 1462 439; baseline -0.001 -20"><span class='ocrx_word' id='word_1_1' title='bbox 283 351 348 420; x_wconf 73' lang='lat'><strong>276</strong></span> <span class='ocrx_word' id='word_1_2' title='bbox 606 350 843 417; x_wconf 82' lang='lat' dir='ltr'>HISTORIAE</span> <span class='ocrx_word' id='word_1_3' title='bbox 866 349 1043 418; x_wconf 72' lang='lat' dir='ltr'><strong>Edonus.</strong></span> <span class='ocrx_word' id='word_1_4' title='bbox 1322 351 1365 418; x_wconf 93' lang='lat' dir='ltr'><strong>V.</strong></span> <span class='ocrx_word' id='word_1_5' title='bbox 1382 375 1462 439; x_wconf 85' lang='lat'><strong>15-</strong></span> 
     </span>
    </p>
   </div>
   <div class='ocr_carea' id='block_1_2' title="bbox 124 504 1536 3498">
    <p class='ocr_par' dir='ltr' id='par_1_2' title="bbox 282 504 1385 590">
     <span class='ocr_line' id='line_1_2' title="bbox 282 504 1385 590; baseline 0 -22"><span class='ocrx_word' id='word_1_6' title='bbox 282 512 318 568; x_wconf 92' lang='lat' dir='ltr'><strong>et</strong></span> <span class='ocrx_word' id='word_1_7' title='bbox 339 504 372 567; x_wconf 96' lang='lat' dir='ltr'><strong>in</strong></span> <span class='ocrx_word' id='word_1_8' title='bbox 394 511 539 568; x_wconf 84' lang='lat' dir='ltr'><strong>extremo</strong></span> <span class='ocrx_word' id='word_1_9' title='bbox 557 505 666 569; x_wconf 90' lang='lat' dir='ltr'><strong>mundi</strong></span> <span class='ocrx_word' id='word_1_10' title='bbox 688 504 805 590; x_wconf 78' lang='lat' dir='ltr'><strong>angulo</strong></span> <span class='ocrx_word' id='word_1_11' title='bbox 826 505 939 590; x_wconf 89' lang='lat' dir='ltr'><strong>positis</strong></span> <span class='ocrx_word' id='word_1_12' title='bbox 961 504 1064 569; x_wconf 88' lang='lat' dir='ltr'><strong>vivere</strong></span> <span class='ocrx_word' id='word_1_13' title='bbox 1084 511 1301 588; x_wconf 85' lang='lat' dir='ltr'><strong>praesumeret,</strong></span> <span class='ocrx_word' id='word_1_14' title='bbox 1316 527 1385 568; x_wconf 91' lang='lat' dir='ltr'><strong>mu-</strong></span> 
     </span>
    </p>

    <p class='ocr_par' dir='ltr' id='par_1_3' title="bbox 281 589 1536 912">
     <span class='ocr_line' id='line_1_3' title="bbox 282 589 1387 674; baseline 0 -20"><span class='ocrx_word' id='word_1_15' title='bbox 282 596 373 654; x_wconf 84' lang='lat' dir='ltr'><strong>tatus</strong></span> <span class='ocrx_word' id='word_1_16' title='bbox 386 596 494 654; x_wconf 87' lang='lat' dir='ltr'><strong>mente</strong></span> <span class='ocrx_word' id='word_1_17' title='bbox 508 597 578 665; x_wconf 86' lang='lat' dir='ltr'><strong>est;</strong></span> <span class='ocrx_word' id='word_1_18' title='bbox 598 589 646 655; x_wconf 89' lang='lat' dir='ltr'><strong>ita</strong></span> <span class='ocrx_word' id='word_1_19' title='bbox 660 597 698 655; x_wconf 90' lang='lat' dir='ltr'><strong>ut</strong></span> <span class='ocrx_word' id='word_1_20' title='bbox 712 612 751 654; x_wconf 91' lang='lat' dir='ltr'><strong>ea</strong></span> <span class='ocrx_word' id='word_1_21' title='bbox 765 611 837 674; x_wconf 83' lang='lat' dir='ltr'><strong>quae</strong></span> <span class='ocrx_word' id='word_1_22' title='bbox 852 591 975 654; x_wconf 88' lang='lat' dir='ltr'><strong>viderat</strong></span> <span class='ocrx_word' id='word_1_23' title='bbox 990 596 1023 653; x_wconf 91' lang='lat' dir='ltr'><strong>et</strong></span> <span class='ocrx_word' id='word_1_24' title='bbox 1038 590 1184 655; x_wconf 76' lang='lat' dir='ltr'>audierat</span> <span class='ocrx_word' id='word_1_25' title='bbox 1198 590 1231 653; x_wconf 93' lang='lat' dir='ltr'><strong>in</strong></span> <span class='ocrx_word' id='word_1_26' title='bbox 1246 591 1387 654; x_wconf 87' lang='lat' dir='ltr'><strong>ecelesiis</strong></span> 
     </span>
     <span class='ocr_line' id='line_1_4' title="bbox 282 674 1386 761; baseline 0.001 -23"><span class='ocrx_word' id='word_1_27' title='bbox 282 674 471 760; x_wconf 81' lang='lat' dir='ltr'><strong>Anglorum,</strong></span> <span class='ocrx_word' id='word_1_28' title='bbox 482 696 548 739; x_wconf 80' lang='lat' dir='ltr'><strong>suoe</strong></span> <span class='ocrx_word' id='word_1_29' title='bbox 559 697 750 761; x_wconf 90' lang='lat' dir='ltr'><strong>suorumque</strong></span> <span class='ocrx_word' id='word_1_30' title='bbox 761 675 979 740; x_wconf 88' lang='lat' dir='ltr'><strong>consuetudini</strong></span> <span class='ocrx_word' id='word_1_31' title='bbox 991 675 1198 740; x_wconf 78' lang='lat' dir='ltr'><strong>libentissime</strong></span> <span class='ocrx_word' id='word_1_32' title='bbox 1206 677 1386 760; x_wconf 82' lang='lat' dir='ltr'><strong>praeferret.</strong></span> 
     </span>
     <span class='ocr_line' id='line_1_5' title="bbox 281 751 1536 848; baseline 0 -24"><span class='ocrx_word' id='word_1_33' title='bbox 281 760 464 824; x_wconf 86' lang='lat' dir='ltr'><strong>Eratenim</strong></span> <span class='ocrx_word' id='word_1_34' title='bbox 478 760 642 825; x_wconf 86' lang='lat' dir='ltr'><strong>virbonus</strong></span> <span class='ocrx_word' id='word_1_35' title='bbox 659 768 693 826; x_wconf 93' lang='lat' dir='ltr'><strong>et</strong></span> <span class='ocrx_word' id='word_1_36' title='bbox 710 761 845 846; x_wconf 91' lang='lat' dir='ltr'><strong>sapiens,</strong></span> <span class='ocrx_word' id='word_1_37' title='bbox 861 770 895 826; x_wconf 93' lang='lat' dir='ltr'><strong>et</strong></span> <span class='ocrx_word' id='word_1_38' title='bbox 915 761 1048 827; x_wconf 86' lang='lat' dir='ltr'><strong>scientia</strong></span> <span class='ocrx_word' id='word_1_39' title='bbox 1063 762 1306 848; x_wconf 73' lang='lat' dir='ltr'><strong>seripturarum</strong></span> <span class='ocrx_word' id='word_1_40' title='bbox 1328 783 1386 824; x_wconf 91' lang='lat' dir='ltr'><strong>no—</strong></span> <span class='ocrx_word' id='word_1_41' title='bbox 1535 751 1536 816; x_wconf 85' lang='lat' dir='ltr'><strong>l</strong></span> 
     </span>
     <span class='ocr_line' id='line_1_6' title="bbox 282 845 632 912; baseline 0 -2"><span class='ocrx_word' id='word_1_42' title='bbox 282 845 433 910; x_wconf 89' lang='lat' dir='ltr'><strong>bilissime</strong></span> <span class='ocrx_word' id='word_1_43' title='bbox 446 845 632 912; x_wconf 89' lang='lat' dir='ltr'><strong>instructus.</strong></span> 
     </span>
    </p>

    <p class='ocr_par' dir='ltr' id='par_1_4' title="bbox 283 931 1427 1274">
     <span class='ocr_line' id='line_1_7' title="bbox 315 931 1427 1017; baseline 0.005 -23"><span class='ocrx_word' id='word_1_44' title='bbox 315 931 389 1012; x_wconf 76' lang='lat' dir='ltr'><strong>&#39;Qui</strong></span> <span class='ocrx_word' id='word_1_45' title='bbox 412 953 485 995; x_wconf 92' lang='lat' dir='ltr'><strong>cum</strong></span> <span class='ocrx_word' id='word_1_46' title='bbox 506 931 635 996; x_wconf 92' lang='lat' dir='ltr'><strong>domum</strong></span> <span class='ocrx_word' id='word_1_47' title='bbox 656 932 812 1006; x_wconf 76' lang='lat' dir='ltr'><strong>rediisset,</strong></span> <span class='ocrx_word' id='word_1_48' title='bbox 828 933 953 997; x_wconf 89' lang='lat' dir='ltr'><strong>curavit</strong></span> <span class='ocrx_word' id='word_1_49' title='bbox 974 953 1048 998; x_wconf 88' lang='lat' dir='ltr'><strong>suos</strong></span> <span class='ocrx_word' id='word_1_50' title='bbox 1071 933 1124 1017; x_wconf 88' lang='lat' dir='ltr'><strong>qui</strong></span> <span class='ocrx_word' id='word_1_51' title='bbox 1146 939 1239 998; x_wconf 88' lang='lat' dir='ltr'><strong>erant</strong></span> <span class='ocrx_word' id='word_1_52' title='bbox 1261 931 1294 996; x_wconf 93' lang='lat' dir='ltr'><strong>in</strong></span> <span class='ocrx_word' id='word_1_53' title='bbox 1315 933 1427 1010; x_wconf 82' lang='lat' dir='ltr'><strong>Hii,1s</strong></span> 
     </span>
     <span class='ocr_line' id='line_1_8' title="bbox 284 1017 1386 1104; baseline 0.002 -24"><span class='ocrx_word' id='word_1_54' title='bbox 284 1017 377 1102; x_wconf 87' lang='lat' dir='ltr'><strong>quive</strong></span> <span class='ocrx_word' id='word_1_55' title='bbox 395 1017 499 1081; x_wconf 89' lang='lat' dir='ltr'><strong>eidem</strong></span> <span class='ocrx_word' id='word_1_56' title='bbox 520 1024 613 1082; x_wconf 88' lang='lat' dir='ltr'><strong>eraut</strong></span> <span class='ocrx_word' id='word_1_57' title='bbox 634 1018 754 1082; x_wconf 89' lang='lat' dir='ltr'><strong>subditi</strong></span> <span class='ocrx_word' id='word_1_58' title='bbox 775 1019 977 1096; x_wconf 84' lang='lat' dir='ltr'><strong>monasterio,</strong></span> <span class='ocrx_word' id='word_1_59' title='bbox 992 1019 1036 1083; x_wconf 93' lang='lat' dir='ltr'><strong>ad</strong></span> <span class='ocrx_word' id='word_1_60' title='bbox 1057 1039 1130 1083; x_wconf 87' lang='lat' dir='ltr'><strong>eum</strong></span> <span class='ocrx_word' id='word_1_61' title='bbox 1152 1041 1245 1103; x_wconf 91' lang='lat' dir='ltr'><strong>quem</strong></span> <span class='ocrx_word' id='word_1_62' title='bbox 1268 1041 1386 1104; x_wconf 84' lang='lat' dir='ltr'><strong>cogno·</strong></span> 
     </span>
     <span class='ocr_line' id='line_1_9' title="bbox 283 1103 1386 1188; baseline -0.001 -21"><span class='ocrx_word' id='word_1_63' title='bbox 283 1109 384 1179; x_wconf 76' lang='lat' dir='ltr'><strong>verat,</strong></span> <span class='ocrx_word' id='word_1_64' title='bbox 399 1124 555 1187; x_wconf 89' lang='lat' dir='ltr'><strong>quemque</strong></span> <span class='ocrx_word' id='word_1_65' title='bbox 570 1103 638 1188; x_wconf 91' lang='lat' dir='ltr'><strong>ipse</strong></span> <span class='ocrx_word' id='word_1_66' title='bbox 651 1110 723 1167; x_wconf 90' lang='lat' dir='ltr'><strong>toto</strong></span> <span class='ocrx_word' id='word_1_67' title='bbox 738 1127 779 1167; x_wconf 84' lang='lat' dir='ltr'><strong>ex</strong></span> <span class='ocrx_word' id='word_1_68' title='bbox 794 1104 890 1168; x_wconf 90' lang='lat' dir='ltr'><strong>corde</strong></span> <span class='ocrx_word' id='word_1_69' title='bbox 905 1111 1096 1188; x_wconf 74' lang='lat' dir='ltr'><strong>susceperat,</strong></span> <span class='ocrx_word' id='word_1_70' title='bbox 1113 1103 1258 1168; x_wconf 89' lang='lat' dir='ltr'><strong>veritatis</strong></span> <span class='ocrx_word' id='word_1_71' title='bbox 1273 1105 1386 1168; x_wconf 80' lang='lat' dir='ltr'><strong>callem</strong></span> 
     </span>
     <span class='ocr_line' id='line_1_10' title="bbox 284 1188 1386 1274; baseline 0.002 -24"><span class='ocrx_word' id='word_1_72' title='bbox 284 1188 466 1273; x_wconf 87' lang='lat' dir='ltr'><strong>perducere,</strong></span> <span class='ocrx_word' id='word_1_73' title='bbox 482 1210 541 1252; x_wconf 87' lang='lat' dir='ltr'><strong>neo</strong></span> <span class='ocrx_word' id='word_1_74' title='bbox 563 1189 672 1252; x_wconf 88' lang='lat' dir='ltr'><strong>valuit.</strong></span> <span class='ocrx_word' id='word_1_75' title='bbox 716 1189 919 1274; x_wconf 80' lang='lat' dir='ltr'><strong>mNavigavit</strong></span> <span class='ocrx_word' id='word_1_76' title='bbox 935 1189 1133 1266; x_wconf 74' lang='lat' dir='ltr'><strong>Hiberniam,</strong></span> <span class='ocrx_word' id='word_1_77' title='bbox 1154 1195 1188 1252; x_wconf 91' lang='lat' dir='ltr'><strong>et</strong></span> <span class='ocrx_word' id='word_1_78' title='bbox 1207 1190 1386 1273; x_wconf 77' lang='lat' dir='ltr'><strong>praedicans</strong></span> 
     </span>
    </p>

    <p class='ocr_par' dir='ltr' id='par_1_5' title="bbox 124 1273 1434 3498">
     <span class='ocr_line' id='line_1_11' title="bbox 248 1273 1386 1360; baseline 0.001 -22"><span class='ocrx_word' id='word_1_79' title='bbox 248 1346 256 1356; x_wconf 29' lang='grc' dir='ltr'><strong><em>Ι</em></strong></span> <span class='ocrx_word' id='word_1_80' title='bbox 285 1273 340 1350; x_wconf 87' lang='lat' dir='ltr'><strong>eis,</strong></span> <span class='ocrx_word' id='word_1_81' title='bbox 366 1295 404 1338; x_wconf 86' lang='lat' dir='ltr'><strong>ao</strong></span> <span class='ocrx_word' id='word_1_82' title='bbox 433 1274 579 1338; x_wconf 87' lang='lat' dir='ltr'><strong>modesta</strong></span> <span class='ocrx_word' id='word_1_83' title='bbox 606 1275 831 1340; x_wconf 78' lang='lat' dir='ltr'><strong>exhortatione</strong></span> <span class='ocrx_word' id='word_1_84' title='bbox 860 1275 1023 1339; x_wconf 88' lang='lat' dir='ltr'><strong>declarans</strong></span> <span class='ocrx_word' id='word_1_85' title='bbox 1052 1274 1227 1360; x_wconf 79' lang='lat' dir='ltr'><strong>legitimum</strong></span> <span class='ocrx_word' id='word_1_86' title='bbox 1256 1276 1386 1358; x_wconf 82' lang='lat' dir='ltr'><strong>paschae</strong></span> 
     </span>
     <span class='ocr_line' id='line_1_12' title="bbox 285 1358 1387 1445; baseline 0 -21"><span class='ocrx_word' id='word_1_87' title='bbox 285 1367 421 1443; x_wconf 82' lang='lat' dir='ltr'><strong>tempus,</strong></span> <span class='ocrx_word' id='word_1_88' title='bbox 445 1358 596 1444; x_wconf 89' lang='lat' dir='ltr'><strong>plurimos</strong></span> <span class='ocrx_word' id='word_1_89' title='bbox 621 1381 739 1437; x_wconf 87' lang='lat' dir='ltr'><strong>eorum,</strong></span> <span class='ocrx_word' id='word_1_90' title='bbox 764 1366 798 1424; x_wconf 94' lang='lat' dir='ltr'><strong>et</strong></span> <span class='ocrx_word' id='word_1_91' title='bbox 821 1382 901 1445; x_wconf 89' lang='lat' dir='ltr'><strong>pene</strong></span> <span class='ocrx_word' id='word_1_92' title='bbox 926 1381 1035 1423; x_wconf 89' lang='lat' dir='ltr'><strong>omnes</strong></span> <span class='ocrx_word' id='word_1_93' title='bbox 1059 1359 1113 1444; x_wconf 91' lang='lat' dir='ltr'><strong>qui</strong></span> <span class='ocrx_word' id='word_1_94' title='bbox 1138 1361 1180 1424; x_wconf 87' lang='lat' dir='ltr'><strong>ab</strong></span> <span class='ocrx_word' id='word_1_95' title='bbox 1204 1360 1387 1424; x_wconf 91' lang='lat' dir='ltr'><strong>Hiiensium</strong></span> 
     </span>
     <span class='ocr_line' id='line_1_13' title="bbox 241 1445 1430 1521; baseline 0.001 -14"><span class='ocrx_word' id='word_1_96' title='bbox 241 1501 244 1507; x_wconf 92' lang='grc'><em>,</em></span> <span class='ocrx_word' id='word_1_97' title='bbox 285 1445 446 1508; x_wconf 79' lang='lat' dir='ltr'><strong>¹¹dominio</strong></span> <span class='ocrx_word' id='word_1_98' title='bbox 461 1451 554 1508; x_wconf 90' lang='lat' dir='ltr'><strong>erant</strong></span> <span class='ocrx_word' id='word_1_99' title='bbox 573 1445 673 1521; x_wconf 87' lang='lat' dir='ltr'><strong>liberi,</strong></span> <span class='ocrx_word' id='word_1_100' title='bbox 689 1447 730 1509; x_wconf 93' lang='lat' dir='ltr'><strong>ab</strong></span> <span class='ocrx_word' id='word_1_101' title='bbox 751 1467 858 1509; x_wconf 86' lang='lat' dir='ltr'><strong>errore</strong></span> <span class='ocrx_word' id='word_1_102' title='bbox 873 1445 977 1510; x_wconf 87' lang='lat' dir='ltr'><strong>⁰avito</strong></span> <span class='ocrx_word' id='word_1_103' title='bbox 995 1451 1156 1510; x_wconf 89' lang='lat' dir='ltr'><strong>correctos</strong></span> <span class='ocrx_word' id='word_1_104' title='bbox 1171 1446 1213 1509; x_wconf 88' lang='lat' dir='ltr'><strong>ad</strong></span> <span class='ocrx_word' id='word_1_105' title='bbox 1228 1445 1387 1509; x_wconf 89' lang='lat' dir='ltr'><strong>unitatem</strong></span> <span class='ocrx_word' id='word_1_106' title='bbox 1398 1469 1430 1504; x_wconf 88' lang='lat'><strong>20</strong></span> 
     </span>
     <span class='ocr_line' id='line_1_14' title="bbox 278 1530 1386 1617; baseline 0 -23"><span class='ocrx_word' id='word_1_107' title='bbox 278 1531 412 1594; x_wconf 79' lang='lat' dir='ltr'><strong>&#39;reduxit</strong></span> <span class='ocrx_word' id='word_1_108' title='bbox 434 1530 634 1606; x_wconf 89' lang='lat' dir='ltr'><strong>cathohcam,</strong></span> <span class='ocrx_word' id='word_1_109' title='bbox 657 1552 695 1594; x_wconf 81' lang='lat' dir='ltr'><strong>ao</strong></span> <span class='ocrx_word' id='word_1_110' title='bbox 718 1530 894 1616; x_wconf 80' lang='lat' dir='ltr'><strong>legitimum</strong></span> <span class='ocrx_word' id='word_1_111' title='bbox 917 1531 1043 1615; x_wconf 83' lang='lat' dir='ltr'><strong>paschae</strong></span> <span class='ocrx_word' id='word_1_112' title='bbox 1067 1536 1193 1617; x_wconf 90' lang='lat' dir='ltr'><strong>tempus</strong></span> <span class='ocrx_word' id='word_1_113' title='bbox 1216 1532 1386 1596; x_wconf 86' lang='lat' dir='ltr'><strong>observare</strong></span> 
     </span>
     <span class='ocr_line' id='line_1_15' title="bbox 285 1615 1387 1700; baseline 0.003 -23"><span class='ocrx_word' id='word_1_114' title='bbox 285 1615 459 1700; x_wconf 76' lang='lat' dir='ltr'><strong>perdocuit.</strong></span> <span class='ocrx_word' id='word_1_115' title='bbox 505 1616 566 1695; x_wconf 74' lang='lat' dir='ltr'><strong>Qui</strong></span> <span class='ocrx_word' id='word_1_116' title='bbox 586 1638 658 1680; x_wconf 91' lang='lat' dir='ltr'><strong>oum</strong></span> <span class='ocrx_word' id='word_1_117' title='bbox 676 1617 838 1680; x_wconf 88' lang='lat' dir='ltr'><strong>celebrato</strong></span> <span class='ocrx_word' id='word_1_118' title='bbox 857 1617 890 1680; x_wconf 90' lang='lat' dir='ltr'><strong>in</strong></span> <span class='ocrx_word' id='word_1_119' title='bbox 906 1616 1065 1680; x_wconf 89' lang='lat' dir='ltr'><strong>Hibernia</strong></span> <span class='ocrx_word' id='word_1_120' title='bbox 1085 1617 1239 1681; x_wconf 90' lang='lat' dir='ltr'><strong>canonico</strong></span> <span class='ocrx_word' id='word_1_121' title='bbox 1254 1617 1387 1700; x_wconf 87' lang='lat' dir='ltr'><strong>pascha,</strong></span> 
     </span>
     <span class='ocr_line' id='line_1_16' title="bbox 285 1700 1387 1788; baseline -0.001 -23"><span class='ocrx_word' id='word_1_122' title='bbox 285 1701 329 1765; x_wconf 86' lang='lat' dir='ltr'><strong>ad</strong></span> <span class='ocrx_word' id='word_1_123' title='bbox 347 1723 439 1766; x_wconf 89' lang='lat' dir='ltr'><strong>suam</strong></span> <span class='ocrx_word' id='word_1_124' title='bbox 458 1700 592 1765; x_wconf 89' lang='lat' dir='ltr'><strong>insulam</strong></span> <span class='ocrx_word' id='word_1_125' title='bbox 613 1702 806 1778; x_wconf 85' lang='lat' dir='ltr'><strong>revertisset,</strong></span> <span class='ocrx_word' id='word_1_126' title='bbox 823 1715 964 1788; x_wconf 74' lang='lat' dir='ltr'><strong>Psnoque</strong></span> <span class='ocrx_word' id='word_1_127' title='bbox 979 1702 1173 1766; x_wconf 89' lang='lat' dir='ltr'><strong>monasterio</strong></span> <span class='ocrx_word' id='word_1_128' title='bbox 1195 1702 1387 1766; x_wconf 77' lang='lat' dir='ltr'><strong>catholicam</strong></span> 
     </span>
     <span class='ocr_line' id='line_1_17' title="bbox 286 1786 1386 1886; baseline 0.002 -36"><span class='ocrx_word' id='word_1_129' title='bbox 286 1786 439 1872; x_wconf 90' lang='lat' dir='ltr'><strong>temporis</strong></span> <span class='ocrx_word' id='word_1_130' title='bbox 453 1787 610 1872; x_wconf 86' lang='lat' dir='ltr'><strong>paschalis</strong></span> <span class='ocrx_word' id='word_1_131' title='bbox 624 1788 861 1852; x_wconf 87' lang='lat' dir='ltr'><strong>observantiam</strong></span> <span class='ocrx_word' id='word_1_132' title='bbox 876 1787 1104 1852; x_wconf 88' lang='lat' dir='ltr'><strong>instantissime</strong></span> <span class='ocrx_word' id='word_1_133' title='bbox 1119 1788 1318 1886; x_wconf 72' lang='lat' dir='ltr'><strong>praedicaret,</strong></span> <span class='ocrx_word' id='word_1_134' title='bbox 1328 1810 1386 1852; x_wconf 89' lang='lat' dir='ltr'><strong>nec</strong></span> 
     </span>
     <span class='ocr_line' id='line_1_18' title="bbox 286 1873 1387 1958; baseline 0.001 -21"><span class='ocrx_word' id='word_1_135' title='bbox 286 1879 395 1937; x_wconf 84' lang='lat' dir='ltr'><strong>tamen</strong></span> <span class='ocrx_word' id='word_1_136' title='bbox 418 1873 569 1958; x_wconf 88' lang='lat' dir='ltr'><strong>perficere</strong></span> <span class='ocrx_word' id='word_1_137' title='bbox 592 1873 677 1957; x_wconf 91' lang='lat' dir='ltr'><strong>quod</strong></span> <span class='ocrx_word' id='word_1_138' title='bbox 705 1875 883 1938; x_wconf 85' lang='lat' dir='ltr'><strong>conabatur</strong></span> <span class='ocrx_word' id='word_1_139' title='bbox 905 1880 1023 1958; x_wconf 89' lang='lat' dir='ltr'><strong>posset,</strong></span> <span class='ocrx_word' id='word_1_140' title='bbox 1047 1881 1134 1937; x_wconf 86' lang='lat' dir='ltr'><strong>contr</strong></span> <span class='ocrx_word' id='word_1_141' title='bbox 1158 1873 1183 1938; x_wconf 87' lang='lat' dir='ltr'><strong>&#39;t</strong></span> <span class='ocrx_word' id='word_1_142' title='bbox 1208 1895 1281 1936; x_wconf 92' lang='lat' dir='ltr'><strong>eum</strong></span> <span class='ocrx_word' id='word_1_143' title='bbox 1309 1880 1387 1938; x_wconf 82' lang='lat' dir='ltr'><strong>ante</strong></span> 
     </span>
     <span class='ocr_line' id='line_1_19' title="bbox 128 1959 1387 2058; baseline 0.001 -37"><span class='ocrx_word' id='word_1_144' title='bbox 128 1971 275 2048; x_wconf 62' lang='lat' dir='ltr'><strong>[apaoa]</strong></span> <span class='ocrx_word' id='word_1_145' title='bbox 287 1959 449 2044; x_wconf 85' lang='lat' dir='ltr'><strong>expletum</strong></span> <span class='ocrx_word' id='word_1_146' title='bbox 467 1959 542 2022; x_wconf 87' lang='lat' dir='ltr'><strong>anni</strong></span> <span class='ocrx_word' id='word_1_147' title='bbox 562 1959 715 2023; x_wconf 91' lang='lat' dir='ltr'><strong>circulum</strong></span> <span class='ocrx_word' id='word_1_148' title='bbox 733 1959 886 2058; x_wconf 77' lang='lat' dir='ltr'><strong>migrasse</strong></span> <span class='ocrx_word' id='word_1_149' title='bbox 908 1959 948 2022; x_wconf 92' lang='lat' dir='ltr'><strong>de</strong></span> <span class='ocrx_word' id='word_1_150' title='bbox 970 1960 1094 2022; x_wconf 81' lang='lat' dir='ltr'><strong>saeculo.</strong></span> <span class='ocrx_word' id='word_1_151' title='bbox 1173 1959 1256 2023; x_wconf 84' lang='lat' dir='ltr'><strong>‘vina</strong></span> <span class='ocrx_word' id='word_1_152' title='bbox 1274 1959 1387 2044; x_wconf 89' lang='lat' dir='ltr'><strong>utique</strong></span> 
     </span>
     <span class='ocr_line' id='line_1_20' title="bbox 124 2041 1429 2130; baseline -0.004 -22"><span class='ocrx_word' id='word_1_153' title='bbox 124 2041 238 2086; x_wconf 57' lang='grc' dir='ltr'><strong>ΗΜ·</strong></span> <span class='ocrx_word' id='word_1_154' title='bbox 286 2044 394 2130; x_wconf 84' lang='lat' dir='ltr'><strong>gratia</strong></span> <span class='ocrx_word' id='word_1_155' title='bbox 407 2045 604 2128; x_wconf 87' lang='lat' dir='ltr'><strong>disponente,</strong></span> <span class='ocrx_word' id='word_1_156' title='bbox 621 2053 658 2109; x_wconf 86' lang='lat' dir='ltr'><strong>ut</strong></span> <span class='ocrx_word' id='word_1_157' title='bbox 672 2045 721 2108; x_wconf 87' lang='lat' dir='ltr'><strong>vir</strong></span> <span class='ocrx_word' id='word_1_158' title='bbox 734 2045 868 2109; x_wconf 78' lang='lat' dir='ltr'><strong>unitatis</strong></span> <span class='ocrx_word' id='word_1_159' title='bbox 883 2066 920 2108; x_wconf 81' lang='lat' dir='ltr'><strong>aa</strong></span> <span class='ocrx_word' id='word_1_160' title='bbox 938 2044 1025 2128; x_wconf 90' lang='lat' dir='ltr'><strong>pacis</strong></span> <span class='ocrx_word' id='word_1_161' title='bbox 1045 2043 1293 2108; x_wconf 89' lang='lat' dir='ltr'><strong>studiosissimus</strong></span> <span class='ocrx_word' id='word_1_162' title='bbox 1310 2052 1387 2108; x_wconf 87' lang='lat' dir='ltr'><strong>ante</strong></span> <span class='ocrx_word' id='word_1_163' title='bbox 1399 2069 1429 2117; x_wconf 79' lang='lat'><strong>²5</strong></span> 
     </span>
     <span class='ocr_line' id='line_1_21' title="bbox 287 2129 1386 2215; baseline 0.001 -22"><span class='ocrx_word' id='word_1_164' title='bbox 287 2129 439 2193; x_wconf 87' lang='lat' dir='ltr'><strong>advitam</strong></span> <span class='ocrx_word' id='word_1_165' title='bbox 452 2136 620 2213; x_wconf 87' lang='lat' dir='ltr'><strong>raperetur</strong></span> <span class='ocrx_word' id='word_1_166' title='bbox 633 2137 798 2206; x_wconf 85' lang='lat' dir='ltr'><strong>aeternam,</strong></span> <span class='ocrx_word' id='word_1_167' title='bbox 808 2149 902 2214; x_wconf 89' lang='lat' dir='ltr'><strong>quam</strong></span> <span class='ocrx_word' id='word_1_168' title='bbox 917 2130 1071 2193; x_wconf 84' lang='lat' dir='ltr'><strong>redeunte</strong></span> <span class='ocrx_word' id='word_1_169' title='bbox 1081 2135 1224 2214; x_wconf 87' lang='lat' dir='ltr'><strong>tempore</strong></span> <span class='ocrx_word' id='word_1_170' title='bbox 1235 2130 1386 2215; x_wconf 81' lang='lat' dir='ltr'><strong>paschali,</strong></span> 
     </span>
     <span class='ocr_line' id='line_1_22' title="bbox 288 2214 1388 2301; baseline 0 -23"><span class='ocrx_word' id='word_1_171' title='bbox 288 2214 466 2300; x_wconf 83' lang='lat' dir='ltr'><strong>graviorem</strong></span> <span class='ocrx_word' id='word_1_172' title='bbox 480 2237 553 2278; x_wconf 88' lang='lat' dir='ltr'><strong>oum</strong></span> <span class='ocrx_word' id='word_1_173' title='bbox 568 2214 614 2278; x_wconf 92' lang='lat' dir='ltr'><strong>eis</strong></span> <span class='ocrx_word' id='word_1_174' title='bbox 650 2216 682 2278; x_wconf 92' lang='lat' dir='ltr'><strong>ui</strong></span> <span class='ocrx_word' id='word_1_175' title='bbox 697 2239 770 2279; x_wconf 90' lang='lat' dir='ltr'><strong>eum</strong></span> <span class='ocrx_word' id='word_1_176' title='bbox 784 2216 827 2280; x_wconf 86' lang='lat' dir='ltr'><strong>ad</strong></span> <span class='ocrx_word' id='word_1_177' title='bbox 841 2215 1009 2279; x_wconf 88' lang='lat' dir='ltr'><strong>veritatem</strong></span> <span class='ocrx_word' id='word_1_178' title='bbox 1024 2215 1112 2299; x_wconf 91' lang='lat' dir='ltr'><strong>sequi</strong></span> <span class='ocrx_word' id='word_1_179' title='bbox 1127 2216 1287 2294; x_wconf 85' lang='lat' dir='ltr'><strong>nolebant,</strong></span> <span class='ocrx_word' id='word_1_180' title='bbox 1297 2237 1388 2301; x_wconf 86' lang='lat' dir='ltr'><strong>coge-</strong></span> 
     </span>
     <span class='ocr_line' id='line_1_23' title="bbox 288 2300 1059 2370; baseline 0.01 -8"><span class='ocrx_word' id='word_1_181' title='bbox 288 2306 379 2362; x_wconf 91' lang='lat' dir='ltr'><strong>retur</strong></span> <span class='ocrx_word' id='word_1_182' title='bbox 392 2301 511 2364; x_wconf 91' lang='lat' dir='ltr'><strong>habere</strong></span> <span class='ocrx_word' id='word_1_183' title='bbox 526 2300 613 2365; x_wconf 87' lang='lat' dir='ltr'><strong>disco</strong></span> <span class='ocrx_word' id='word_1_184' title='bbox 654 2301 725 2364; x_wconf 86' lang='lat' dir='ltr'><strong>‘m.</strong></span> <span class='ocrx_word' id='word_1_185' title='bbox 1055 2363 1059 2370; x_wconf 92' lang='lat'>.</span> 
     </span>
     <span class='ocr_line' id='line_1_24' title="bbox 127 2385 1388 2471; baseline 0 -22"><span class='ocrx_word' id='word_1_186' title='bbox 127 2394 230 2458; x_wconf 75' lang='lat' dir='ltr'><strong>Scripsit</strong></span> <span class='ocrx_word' id='word_1_187' title='bbox 240 2396 271 2442; x_wconf 80' lang='lat' dir='ltr'><strong>de</strong></span> <span class='ocrx_word' id='word_1_188' title='bbox 335 2385 469 2470; x_wconf 87' lang='lat' dir='ltr'><strong>Scripsit</strong></span> <span class='ocrx_word' id='word_1_189' title='bbox 483 2385 568 2449; x_wconf 88' lang='lat' dir='ltr'><strong>idem</strong></span> <span class='ocrx_word' id='word_1_190' title='bbox 581 2387 630 2449; x_wconf 90' lang='lat' dir='ltr'><strong>vir</strong></span> <span class='ocrx_word' id='word_1_191' title='bbox 649 2388 689 2450; x_wconf 93' lang='lat' dir='ltr'><strong>de</strong></span> <span class='ocrx_word' id='word_1_192' title='bbox 710 2385 787 2450; x_wconf 91' lang='lat' dir='ltr'><strong>locis</strong></span> <span class='ocrx_word' id='word_1_193' title='bbox 807 2385 928 2451; x_wconf 89' lang='lat' dir='ltr'><strong>sanetis</strong></span> <span class='ocrx_word' id='word_1_194' title='bbox 946 2386 1063 2450; x_wconf 89' lang='lat' dir='ltr'><strong>librum</strong></span> <span class='ocrx_word' id='word_1_195' title='bbox 1079 2386 1258 2471; x_wconf 80' lang='lat' dir='ltr'><strong>legentibus</strong></span> <span class='ocrx_word' id='word_1_196' title='bbox 1277 2385 1388 2450; x_wconf 91' lang='lat' dir='ltr'><strong>multis</strong></span> 
     </span>
     <span class='ocr_line' id='line_1_25' title="bbox 125 2461 1388 2575; baseline 0.001 -42"><span class='ocrx_word' id='word_1_197' title='bbox 125 2461 267 2575; x_wconf 37' lang='lat' dir='ltr'><strong>licimo·</strong></span> <span class='ocrx_word' id='word_1_198' title='bbox 291 2466 478 2546; x_wconf 81' lang='lat' dir='ltr'><strong>utillimum3</strong></span> <span class='ocrx_word' id='word_1_199' title='bbox 502 2472 591 2556; x_wconf 88' lang='lat' dir='ltr'><strong>cujus</strong></span> <span class='ocrx_word' id='word_1_200' title='bbox 610 2479 724 2537; x_wconf 81' lang='lat' dir='ltr'><strong>auctor</strong></span> <span class='ocrx_word' id='word_1_201' title='bbox 743 2479 814 2536; x_wconf 91' lang='lat' dir='ltr'><strong>erat</strong></span> <span class='ocrx_word' id='word_1_202' title='bbox 832 2472 974 2535; x_wconf 89' lang='lat' dir='ltr'><strong>docendo</strong></span> <span class='ocrx_word' id='word_1_203' title='bbox 988 2493 1025 2536; x_wconf 89' lang='lat' dir='ltr'><strong>aa</strong></span> <span class='ocrx_word' id='word_1_204' title='bbox 1047 2471 1198 2536; x_wconf 89' lang='lat' dir='ltr'><strong>dictando</strong></span> <span class='ocrx_word' id='word_1_205' title='bbox 1213 2472 1388 2536; x_wconf 73' lang='lat' dir='ltr'><strong>Galliarum</strong></span> 
     </span>
     <span class='ocr_line' id='line_1_26' title="bbox 126 2557 1434 2643; baseline -0.002 -21"><span class='ocrx_word' id='word_1_206' title='bbox 126 2590 269 2640; x_wconf 73' lang='lat' dir='ltr'><strong>Armatus</strong></span> <span class='ocrx_word' id='word_1_207' title='bbox 289 2557 455 2643; x_wconf 90' lang='lat' dir='ltr'><strong>episcopus</strong></span> <span class='ocrx_word' id='word_1_208' title='bbox 477 2558 660 2636; x_wconf 74' lang='lat' dir='ltr'><strong>Arcadius,</strong></span> <span class='ocrx_word' id='word_1_209' title='bbox 684 2557 738 2642; x_wconf 92' lang='lat' dir='ltr'><strong>qui</strong></span> <span class='ocrx_word' id='word_1_210' title='bbox 759 2558 902 2622; x_wconf 88' lang='lat' dir='ltr'><strong>locorum</strong></span> <span class='ocrx_word' id='word_1_211' title='bbox 922 2558 1027 2643; x_wconf 86' lang='lat' dir='ltr'><strong>gratia</strong></span> <span class='ocrx_word' id='word_1_212' title='bbox 1053 2567 1235 2623; x_wconf 90' lang='lat' dir='ltr'><strong>sanctorum</strong></span> <span class='ocrx_word' id='word_1_213' title='bbox 1257 2561 1388 2622; x_wconf 87' lang='lat' dir='ltr'><strong>venerat</strong></span> <span class='ocrx_word' id='word_1_214' title='bbox 1397 2584 1434 2629; x_wconf 77' lang='lat'><strong>30</strong></span> 
     </span>
     <span class='ocr_line' id='line_1_27' title="bbox 290 2643 1388 2730; baseline 0 -23"><span class='ocrx_word' id='word_1_215' title='bbox 290 2643 552 2729; x_wconf 89' lang='lat' dir='ltr'><strong>Hierosolymam,</strong></span> <span class='ocrx_word' id='word_1_216' title='bbox 583 2654 617 2709; x_wconf 91' lang='lat' dir='ltr'><strong>et</strong></span> <span class='ocrx_word' id='word_1_217' title='bbox 643 2646 782 2709; x_wconf 85' lang='lat' dir='ltr'><strong>lustrata</strong></span> <span class='ocrx_word' id='word_1_218' title='bbox 809 2644 895 2709; x_wconf 89' lang='lat' dir='ltr'><strong>omni</strong></span> <span class='ocrx_word' id='word_1_219' title='bbox 924 2652 1011 2708; x_wconf 90' lang='lat' dir='ltr'><strong>terra</strong></span> <span class='ocrx_word' id='word_1_220' title='bbox 1036 2644 1297 2730; x_wconf 86' lang='lat' dir='ltr'><strong>repromissionis,</strong></span> <span class='ocrx_word' id='word_1_221' title='bbox 1323 2644 1388 2707; x_wconf 79' lang='lat' dir='ltr'><strong>Da</strong></span> 
     </span>
     <span class='ocr_line' id='line_1_28' title="bbox 288 2729 1388 2814; baseline -0.001 -20"><span class='ocrx_word' id='word_1_222' title='bbox 288 2752 429 2794; x_wconf 83' lang='lat' dir='ltr'><strong>maecum</strong></span> <span class='ocrx_word' id='word_1_223' title='bbox 465 2752 599 2814; x_wconf 89' lang='lat' dir='ltr'><strong>quoque,</strong></span> <span class='ocrx_word' id='word_1_224' title='bbox 630 2729 948 2814; x_wconf 74' lang='lat' dir='ltr'><strong>Constantinopolim,</strong></span> <span class='ocrx_word' id='word_1_225' title='bbox 980 2729 1217 2805; x_wconf 84' lang='lat' dir='ltr'><strong>Alexandriam,</strong></span> <span class='ocrx_word' id='word_1_226' title='bbox 1245 2730 1388 2793; x_wconf 76' lang='lat' dir='ltr'><strong>emultas</strong></span> 
     </span>
     <span class='ocr_line' id='line_1_29' title="bbox 288 2814 1388 2900; baseline -0.001 -22"><span class='ocrx_word' id='word_1_227' title='bbox 288 2814 386 2879; x_wconf 89' lang='lat' dir='ltr'><strong>maris</strong></span> <span class='ocrx_word' id='word_1_228' title='bbox 407 2816 525 2879; x_wconf 89' lang='lat' dir='ltr'><strong>insulas</strong></span> <span class='ocrx_word' id='word_1_229' title='bbox 544 2816 687 2888; x_wconf 86' lang='lat' dir='ltr'><strong>adierat;</strong></span> <span class='ocrx_word' id='word_1_230' title='bbox 712 2815 912 2899; x_wconf 89' lang='lat' dir='ltr'><strong>patriamque</strong></span> <span class='ocrx_word' id='word_1_231' title='bbox 932 2814 1057 2900; x_wconf 85' lang='lat' dir='ltr'><strong>navigio</strong></span> <span class='ocrx_word' id='word_1_232' title='bbox 1076 2822 1247 2892; x_wconf 88' lang='lat' dir='ltr'><strong>revertens,</strong></span> <span class='ocrx_word' id='word_1_233' title='bbox 1263 2815 1294 2879; x_wconf 90' lang='lat' dir='ltr'><strong>vi</strong></span> <span class='ocrx_word' id='word_1_234' title='bbox 1308 2822 1388 2879; x_wconf 88' lang='lat' dir='ltr'><strong>tem-</strong></span> 
     </span>
     <span class='ocr_line' id='line_1_30' title="bbox 289 2899 1389 2986; baseline 0.001 -22"><span class='ocrx_word' id='word_1_235' title='bbox 289 2901 424 2986; x_wconf 90' lang='lat' dir='ltr'><strong>pestatis</strong></span> <span class='ocrx_word' id='word_1_236' title='bbox 438 2900 472 2963; x_wconf 93' lang='lat' dir='ltr'><strong>in</strong></span> <span class='ocrx_word' id='word_1_237' title='bbox 486 2901 692 2965; x_wconf 86' lang='lat' dir='ltr'><strong>occidentalia</strong></span> <span class='ocrx_word' id='word_1_238' title='bbox 707 2900 876 2965; x_wconf 82' lang='lat' dir='ltr'><strong>Brit-taniae</strong></span> <span class='ocrx_word' id='word_1_239' title='bbox 897 2899 1007 2964; x_wconf 89' lang='lat' dir='ltr'><strong>littora</strong></span> <span class='ocrx_word' id='word_1_240' title='bbox 1026 2899 1151 2964; x_wconf 88' lang='lat' dir='ltr'><strong>delatus</strong></span> <span class='ocrx_word' id='word_1_241' title='bbox 1169 2907 1237 2964; x_wconf 90' lang='lat' dir='ltr'><strong>est:</strong></span> <span class='ocrx_word' id='word_1_242' title='bbox 1261 2923 1299 2965; x_wconf 88' lang='lat' dir='ltr'><strong>ac</strong></span> <span class='ocrx_word' id='word_1_243' title='bbox 1313 2906 1389 2985; x_wconf 87' lang='lat' dir='ltr'><strong>post</strong></span> 
     </span>
     <span class='ocr_line' id='line_1_31' title="bbox 289 2986 1389 3071; baseline 0.003 -24"><span class='ocrx_word' id='word_1_244' title='bbox 289 2986 463 3063; x_wconf 88' lang='lat' dir='ltr'><strong>multa,.ad</strong></span> <span class='ocrx_word' id='word_1_245' title='bbox 487 2994 697 3051; x_wconf 88' lang='lat' dir='ltr'><strong>memoratum</strong></span> <span class='ocrx_word' id='word_1_246' title='bbox 719 2986 839 3051; x_wconf 78' lang='lat' dir='ltr'><strong>Christi</strong></span> <span class='ocrx_word' id='word_1_247' title='bbox 860 2986 1012 3049; x_wconf 82' lang='lat' dir='ltr'><strong>famulum</strong></span> <span class='ocrx_word' id='word_1_248' title='bbox 1034 2986 1260 3051; x_wconf 89' lang='lat' dir='ltr'><strong>Adamnanum</strong></span> <span class='ocrx_word' id='word_1_249' title='bbox 1280 3008 1389 3071; x_wconf 84' lang='lat' dir='ltr'><strong>perve-</strong></span> 
     </span>
     <span class='ocr_line' id='line_1_32' title="bbox 289 3071 1389 3157; baseline 0.001 -24"><span class='ocrx_word' id='word_1_250' title='bbox 289 3071 389 3148; x_wconf 84' lang='lat' dir='ltr'><strong>niens,</strong></span> <span class='ocrx_word' id='word_1_251' title='bbox 405 3072 458 3134; x_wconf 93' lang='lat' dir='ltr'><strong>ubi</strong></span> <span class='ocrx_word' id='word_1_252' title='bbox 473 3073 586 3136; x_wconf 90' lang='lat' dir='ltr'><strong>doctus</strong></span> <span class='ocrx_word' id='word_1_253' title='bbox 601 3071 634 3135; x_wconf 90' lang='lat' dir='ltr'><strong>in</strong></span> <span class='ocrx_word' id='word_1_254' title='bbox 650 3072 824 3157; x_wconf 85' lang='lat' dir='ltr'><strong>Scripturis</strong></span> <span class='ocrx_word' id='word_1_255' title='bbox 845 3078 1089 3155; x_wconf 89' lang='lat' dir='ltr'><strong>sanctorumque</strong></span> <span class='ocrx_word' id='word_1_256' title='bbox 1109 3072 1249 3135; x_wconf 91' lang='lat' dir='ltr'><strong>locorum</strong></span> <span class='ocrx_word' id='word_1_257' title='bbox 1268 3094 1389 3157; x_wconf 83' lang='lat' dir='ltr'><strong>gnarus</strong></span> 
     </span>
     <span class='ocr_line' id='line_1_33' title="bbox 290 3157 1430 3241; baseline 0.001 -23"><span class='ocrx_word' id='word_1_258' title='bbox 290 3178 359 3219; x_wconf 89' lang='lat' dir='ltr'><strong>esse</strong></span> <span class='ocrx_word' id='word_1_259' title='bbox 373 3165 553 3240; x_wconf 85' lang='lat' dir='ltr'><strong>compertus</strong></span> <span class='ocrx_word' id='word_1_260' title='bbox 571 3166 630 3234; x_wconf 72' lang='lat' dir='ltr'><strong>est</strong></span> <span class='ocrx_word' id='word_1_261' title='bbox 645 3158 851 3221; x_wconf 90' lang='lat' dir='ltr'><strong>libentissime</strong></span> <span class='ocrx_word' id='word_1_262' title='bbox 874 3163 923 3221; x_wconf 89' lang='lat' dir='ltr'><strong>est</strong></span> <span class='ocrx_word' id='word_1_263' title='bbox 944 3158 986 3220; x_wconf 88' lang='lat' dir='ltr'><strong>ab</strong></span> <span class='ocrx_word' id='word_1_264' title='bbox 1009 3157 1061 3222; x_wconf 94' lang='lat' dir='ltr'><strong>illo</strong></span> <span class='ocrx_word' id='word_1_265' title='bbox 1080 3164 1254 3241; x_wconf 83' lang='lat' dir='ltr'><strong>susceptus,</strong></span> <span class='ocrx_word' id='word_1_266' title='bbox 1272 3157 1430 3227; x_wconf 78' lang='lat' dir='ltr'><strong>¹&#39;liben-3s</strong></span> 
     </span>
     <span class='ocr_line' id='line_1_34' title="bbox 290 3241 1389 3327; baseline 0.001 -23"><span class='ocrx_word' id='word_1_267' title='bbox 290 3241 356 3304; x_wconf 88' lang='lat' dir='ltr'><strong>tius</strong></span> <span class='ocrx_word' id='word_1_268' title='bbox 369 3242 517 3317; x_wconf 82' lang='lat' dir='ltr'><strong>auditus3</strong></span> <span class='ocrx_word' id='word_1_269' title='bbox 542 3245 622 3307; x_wconf 91' lang='lat' dir='ltr'><strong>adeo</strong></span> <span class='ocrx_word' id='word_1_270' title='bbox 636 3251 674 3308; x_wconf 88' lang='lat' dir='ltr'><strong>ut</strong></span> <span class='ocrx_word' id='word_1_271' title='bbox 689 3265 822 3327; x_wconf 86' lang='lat' dir='ltr'><strong>quaeque</strong></span> <span class='ocrx_word' id='word_1_272' title='bbox 836 3242 887 3305; x_wconf 93' lang='lat' dir='ltr'><strong>ille</strong></span> <span class='ocrx_word' id='word_1_273' title='bbox 899 3264 933 3305; x_wconf 89' lang='lat' dir='ltr'><strong>se</strong></span> <span class='ocrx_word' id='word_1_274' title='bbox 944 3242 977 3304; x_wconf 94' lang='lat' dir='ltr'><strong>in</strong></span> <span class='ocrx_word' id='word_1_275' title='bbox 988 3242 1063 3305; x_wconf 90' lang='lat' dir='ltr'><strong>locis</strong></span> <span class='ocrx_word' id='word_1_276' title='bbox 1078 3242 1196 3306; x_wconf 89' lang='lat' dir='ltr'><strong>sanetis</strong></span> <span class='ocrx_word' id='word_1_277' title='bbox 1210 3250 1389 3307; x_wconf 89' lang='lat' dir='ltr'><strong>memoratu</strong></span> 
     </span>
     <span class='ocr_line' id='line_1_35' title="bbox 291 3326 1391 3413; baseline 0.001 -23"><span class='ocrx_word' id='word_1_278' title='bbox 291 3326 388 3413; x_wconf 84' lang='lat' dir='ltr'><strong>digna</strong></span> <span class='ocrx_word' id='word_1_279' title='bbox 409 3327 524 3391; x_wconf 88' lang='lat' dir='ltr'><strong>vidisse</strong></span> <span class='ocrx_word' id='word_1_280' title='bbox 549 3330 740 3405; x_wconf 87' lang='lat' dir='ltr'><strong>testabatur,</strong></span> <span class='ocrx_word' id='word_1_281' title='bbox 763 3334 879 3391; x_wconf 88' lang='lat' dir='ltr'><strong>cuncta</strong></span> <span class='ocrx_word' id='word_1_282' title='bbox 904 3350 979 3391; x_wconf 85' lang='lat' dir='ltr'><strong>mox</strong></span> <span class='ocrx_word' id='word_1_283' title='bbox 1000 3326 1080 3391; x_wconf 84' lang='lat' dir='ltr'><strong>sistc</strong></span> <span class='ocrx_word' id='word_1_284' title='bbox 1101 3328 1216 3392; x_wconf 86' lang='lat' dir='ltr'><strong>litteris</strong></span> <span class='ocrx_word' id='word_1_285' title='bbox 1237 3329 1391 3391; x_wconf 84' lang='lat' dir='ltr'><strong>mandare</strong></span> 
     </span>
     <span class='ocr_line' id='line_1_36' title="bbox 291 3412 1392 3498; baseline 0 -21"><span class='ocrx_word' id='word_1_286' title='bbox 291 3412 459 3477; x_wconf 87' lang='lat' dir='ltr'><strong>curaverit.</strong></span> <span class='ocrx_word' id='word_1_287' title='bbox 505 3412 659 3498; x_wconf 87' lang='lat' dir='ltr'><strong>Fecitque</strong></span> <span class='ocrx_word' id='word_1_288' title='bbox 679 3436 768 3497; x_wconf 88' lang='lat' dir='ltr'><strong>opus,</strong></span> <span class='ocrx_word' id='word_1_289' title='bbox 785 3420 821 3477; x_wconf 91' lang='lat' dir='ltr'><strong>ut</strong></span> <span class='ocrx_word' id='word_1_290' title='bbox 841 3412 916 3490; x_wconf 90' lang='lat' dir='ltr'><strong>dixi,</strong></span> <span class='ocrx_word' id='word_1_291' title='bbox 934 3412 1083 3476; x_wconf 86' lang='lat' dir='ltr'><strong>tmultum</strong></span> <span class='ocrx_word' id='word_1_292' title='bbox 1102 3413 1189 3490; x_wconf 84' lang='lat' dir='ltr'><strong>utile,</strong></span> <span class='ocrx_word' id='word_1_293' title='bbox 1206 3425 1240 3477; x_wconf 88' lang='lat' dir='ltr'><strong>et</strong></span> <span class='ocrx_word' id='word_1_294' title='bbox 1254 3413 1392 3477; x_wconf 86' lang='lat' dir='ltr'><strong>maxime</strong></span> 
     </span>
    </p>
   </div>
   <div class='ocr_carea' id='block_1_3' title="bbox 293 3582 1394 3773">
    <p class='ocr_par' dir='ltr' id='par_1_6' title="bbox 293 3582 1394 3773">
     <span class='ocr_line' id='line_1_37' title="bbox 325 3582 1392 3644; baseline -0.001 -14"><span class='ocrx_word' id='word_1_295' title='bbox 325 3593 349 3621; x_wconf 82' lang='lat' dir='ltr'><strong>m</strong></span> <span class='ocrx_word' id='word_1_296' title='bbox 362 3582 503 3642; x_wconf 67' lang='lat' dir='ltr'><strong>Nanigeris</strong></span> <span class='ocrx_word' id='word_1_297' title='bbox 513 3585 597 3644; x_wconf 79' lang='lat' dir='ltr'><strong>itaque</strong></span> <span class='ocrx_word' id='word_1_298' title='bbox 609 3583 670 3629; x_wconf 88' lang='lat' dir='ltr'>V.G.</span> <span class='ocrx_word' id='word_1_299' title='bbox 758 3592 773 3621; x_wconf 79' lang='lat' dir='ltr'><strong>n</strong></span> <span class='ocrx_word' id='word_1_300' title='bbox 793 3589 866 3629; x_wconf 78' lang='lat' dir='ltr'><strong>eram</strong></span> <span class='ocrx_word' id='word_1_301' title='bbox 885 3584 990 3630; x_wconf 80' lang='lat' dir='ltr'><strong>dominic</strong></span> <span class='ocrx_word' id='word_1_302' title='bbox 1002 3583 1036 3631; x_wconf 90' lang='lat' dir='ltr'><strong>V.</strong></span> <span class='ocrx_word' id='word_1_303' title='bbox 1135 3594 1149 3623; x_wconf 88' lang='lat'>⁰</span> <span class='ocrx_word' id='word_1_304' title='bbox 1164 3598 1247 3630; x_wconf 78' lang='lat' dir='ltr'><strong>more</strong></span> <span class='ocrx_word' id='word_1_305' title='bbox 1263 3588 1392 3639; x_wconf 75' lang='lat' dir='ltr'><strong>correctos,</strong></span> 
     </span>
     <span class='ocr_line' id='line_1_38' title="bbox 293 3646 1394 3709; baseline 0.001 -15"><span class='ocrx_word' id='word_1_306' title='bbox 293 3662 377 3695; x_wconf 75' lang='lat' dir='ltr'><strong>errore</strong></span> <span class='ocrx_word' id='word_1_307' title='bbox 387 3648 470 3694; x_wconf 70' lang='lat' dir='ltr'><strong>tobim</strong></span> <span class='ocrx_word' id='word_1_308' title='bbox 478 3654 598 3694; x_wconf 70' lang='lat' dir='ltr'><strong>correctos</strong></span> <span class='ocrx_word' id='word_1_309' title='bbox 604 3646 633 3693; x_wconf 88' lang='lat' dir='ltr'><strong>V.</strong></span> <span class='ocrx_word' id='word_1_310' title='bbox 701 3656 715 3696; x_wconf 72' lang='grc' dir='ltr'>Ρ</span> <span class='ocrx_word' id='word_1_311' title='bbox 727 3648 825 3707; x_wconf 71' lang='lat' dir='ltr'><strong>suaque</strong></span> <span class='ocrx_word' id='word_1_312' title='bbox 834 3649 860 3693; x_wconf 78' lang='lat' dir='ltr'><strong>irs</strong></span> <span class='ocrx_word' id='word_1_313' title='bbox 869 3649 1017 3694; x_wconf 81' lang='lat' dir='ltr'><strong>monasterio</strong></span> <span class='ocrx_word' id='word_1_314' title='bbox 1026 3647 1055 3695; x_wconf 86' lang='lat' dir='ltr'><strong>V.</strong></span> <span class='ocrx_word' id='word_1_315' title='bbox 1072 3663 1163 3709; x_wconf 79' lang='lat' dir='ltr'><strong>suoque</strong></span> <span class='ocrx_word' id='word_1_316' title='bbox 1169 3651 1196 3695; x_wconf 82' lang='lat' dir='ltr'><strong>in</strong></span> <span class='ocrx_word' id='word_1_317' title='bbox 1205 3650 1235 3693; x_wconf 88' lang='lat' dir='ltr'><strong>G.</strong></span> <span class='ocrx_word' id='word_1_318' title='bbox 1303 3657 1318 3695; x_wconf 81' lang='lat'><strong>(1</strong></span> <span class='ocrx_word' id='word_1_319' title='bbox 1328 3650 1394 3695; x_wconf 75' lang='lat' dir='ltr'><strong>mul-</strong></span> 
     </span>
     <span class='ocr_line' id='line_1_39' title="bbox 293 3710 1161 3773; baseline 0 -14"><span class='ocrx_word' id='word_1_320' title='bbox 293 3717 380 3773; x_wconf 80' lang='lat' dir='ltr'><strong>tasque</strong></span> <span class='ocrx_word' id='word_1_321' title='bbox 391 3712 453 3760; x_wconf 89' lang='lat' dir='ltr'>V.G.</span> <span class='ocrx_word' id='word_1_322' title='bbox 528 3717 577 3759; x_wconf 81' lang='lat' dir='ltr'><strong>ree</strong></span> <span class='ocrx_word' id='word_1_323' title='bbox 587 3711 701 3758; x_wconf 74' lang='lat' dir='ltr'><strong>libenlim</strong></span> <span class='ocrx_word' id='word_1_324' title='bbox 711 3710 741 3757; x_wconf 89' lang='lat' dir='ltr'><strong>V.</strong></span> <span class='ocrx_word' id='word_1_325' title='bbox 808 3714 872 3758; x_wconf 78' lang='lat' dir='ltr'><strong>siue</strong></span> <span class='ocrx_word' id='word_1_326' title='bbox 884 3711 945 3759; x_wconf 87' lang='lat' dir='ltr'><strong>V.G.</strong></span> <span class='ocrx_word' id='word_1_327' title='bbox 1011 3713 1119 3759; x_wconf 72' lang='lat' dir='ltr'><strong>tmutris</strong></span> <span class='ocrx_word' id='word_1_328' title='bbox 1130 3713 1161 3759; x_wconf 86' lang='lat' dir='ltr'><strong>V.</strong></span> 
     </span>
    </p>
   </div>
   <div class='ocr_carea' id='block_1_4' title="bbox 292 3847 1393 4555">
    <p class='ocr_par' dir='ltr' id='par_1_7' title="bbox 327 3847 1344 3913">
     <span class='ocr_line' id='line_1_40' title="bbox 327 3847 1344 3913; baseline -0.001 -15"><span class='ocrx_word' id='word_1_329' title='bbox 327 3851 366 3898; x_wconf 79' lang='lat'><strong>28.</strong></span> <span class='ocrx_word' id='word_1_330' title='bbox 377 3851 486 3913; x_wconf 74' lang='lat' dir='ltr'><strong>scripsit]</strong></span> <span class='ocrx_word' id='word_1_331' title='bbox 508 3848 610 3910; x_wconf 77' lang='lat' dir='ltr'><strong>Scripsit</strong></span> <span class='ocrx_word' id='word_1_332' title='bbox 620 3857 645 3896; x_wconf 87' lang='lat' dir='ltr'><strong>et</strong></span> <span class='ocrx_word' id='word_1_333' title='bbox 656 3848 731 3895; x_wconf 81' lang='lat' dir='ltr'><strong>vitam</strong></span> <span class='ocrx_word' id='word_1_334' title='bbox 744 3862 764 3895; x_wconf 79' lang='lat' dir='ltr'><strong>a</strong></span> <span class='ocrx_word' id='word_1_335' title='bbox 775 3848 909 3907; x_wconf 79' lang='lat' dir='ltr'><strong>Columba,</strong></span> <span class='ocrx_word' id='word_1_336' title='bbox 920 3864 993 3909; x_wconf 85' lang='lat' dir='ltr'><strong>qnam</strong></span> <span class='ocrx_word' id='word_1_337' title='bbox 1006 3847 1031 3895; x_wconf 91' lang='lat' dir='ltr'><strong>in</strong></span> <span class='ocrx_word' id='word_1_338' title='bbox 1044 3856 1093 3896; x_wconf 81' lang='lat' dir='ltr'><strong>tres</strong></span> <span class='ocrx_word' id='word_1_339' title='bbox 1104 3848 1179 3896; x_wconf 85' lang='lat' dir='ltr'><strong>libros</strong></span> <span class='ocrx_word' id='word_1_340' title='bbox 1189 3847 1299 3909; x_wconf 77' lang='lat' dir='ltr'><strong>digessit.</strong></span> <span class='ocrx_word' id='word_1_341' title='bbox 1317 3848 1344 3897; x_wconf 89' lang='lat' dir='ltr'><strong>S.</strong></span> 
     </span>
    </p>

    <p class='ocr_par' dir='ltr' id='par_1_8' title="bbox 292 3913 1393 4232">
     <span class='ocr_line' id='line_1_41' title="bbox 325 3913 1391 3975; baseline 0.001 -15"><span class='ocrx_word' id='word_1_342' title='bbox 325 3914 358 3962; x_wconf 91' lang='lat' dir='ltr'><strong>ib.</strong></span> <span class='ocrx_word' id='word_1_343' title='bbox 371 3914 473 3975; x_wconf 81' lang='lat' dir='ltr'><strong>librum]</strong></span> <span class='ocrx_word' id='word_1_344' title='bbox 499 3914 554 3960; x_wconf 89' lang='lat' dir='ltr'><strong>Hoc</strong></span> <span class='ocrx_word' id='word_1_345' title='bbox 571 3913 709 3959; x_wconf 76' lang='lat' dir='ltr'><strong>Adamnani</strong></span> <span class='ocrx_word' id='word_1_346' title='bbox 726 3914 871 3973; x_wconf 82' lang='lat' dir='ltr'><strong>opusculum</strong></span> <span class='ocrx_word' id='word_1_347' title='bbox 889 3920 958 3960; x_wconf 84' lang='lat' dir='ltr'><strong>extat</strong></span> <span class='ocrx_word' id='word_1_348' title='bbox 975 3914 1039 3972; x_wconf 87' lang='lat' dir='ltr'><strong>apud</strong></span> <span class='ocrx_word' id='word_1_349' title='bbox 1057 3913 1186 3960; x_wconf 85' lang='lat' dir='ltr'><strong>Msbillon.</strong></span> <span class='ocrx_word' id='word_1_350' title='bbox 1199 3914 1254 3959; x_wconf 81' lang='lat' dir='ltr'><strong>Aet.</strong></span> <span class='ocrx_word' id='word_1_351' title='bbox 1266 3914 1324 3959; x_wconf 79' lang='lat' dir='ltr'><strong>Ber.</strong></span> <span class='ocrx_word' id='word_1_352' title='bbox 1336 3927 1391 3961; x_wconf 66' lang='lat' dir='ltr'><strong>sac.</strong></span> 
     </span>
     <span class='ocr_line' id='line_1_42' title="bbox 293 3976 1391 4039; baseline -0.002 -14"><span class='ocrx_word' id='word_1_353' title='bbox 293 3992 316 4039; x_wconf 78' lang='lat'><strong>3.</strong></span> <span class='ocrx_word' id='word_1_354' title='bbox 329 3986 391 4038; x_wconf 78' lang='lat' dir='ltr'><strong>part</strong></span> <span class='ocrx_word' id='word_1_355' title='bbox 401 3993 424 4026; x_wconf 79' lang='lat' dir='ltr'><strong>a.</strong></span> <span class='ocrx_word' id='word_1_356' title='bbox 437 3994 460 4037; x_wconf 86' lang='lat' dir='ltr'><strong>p.</strong></span> <span class='ocrx_word' id='word_1_357' title='bbox 471 3993 526 4039; x_wconf 79' lang='lat'><strong>502.</strong></span> <span class='ocrx_word' id='word_1_358' title='bbox 556 3978 678 4025; x_wconf 84' lang='lat' dir='ltr'><strong>incertum</strong></span> <span class='ocrx_word' id='word_1_359' title='bbox 690 3986 738 4031; x_wconf 87' lang='lat' dir='ltr'><strong>est,</strong></span> <span class='ocrx_word' id='word_1_360' title='bbox 749 3992 804 4023; x_wconf 81' lang='lat' dir='ltr'><strong>cum</strong></span> <span class='ocrx_word' id='word_1_361' title='bbox 817 3978 978 4025; x_wconf 82' lang='lat' dir='ltr'><strong>Adarnnanus</strong></span> <span class='ocrx_word' id='word_1_362' title='bbox 989 3978 1085 4039; x_wconf 81' lang='lat' dir='ltr'><strong>legatus</strong></span> <span class='ocrx_word' id='word_1_363' title='bbox 1096 3978 1127 4024; x_wconf 83' lang='lat' dir='ltr'><strong>ad</strong></span> <span class='ocrx_word' id='word_1_364' title='bbox 1138 3976 1277 4024; x_wconf 87' lang='lat' dir='ltr'><strong>Aldfridum</strong></span> <span class='ocrx_word' id='word_1_365' title='bbox 1288 3976 1391 4036; x_wconf 82' lang='lat' dir='ltr'><strong>venerit,</strong></span> 
     </span>
     <span class='ocr_line' id='line_1_43' title="bbox 292 4040 1393 4103; baseline -0.001 -13"><span class='ocrx_word' id='word_1_366' title='bbox 292 4045 332 4090; x_wconf 80' lang='lat' dir='ltr'><strong>rel</strong></span> <span class='ocrx_word' id='word_1_367' title='bbox 343 4058 411 4090; x_wconf 81' lang='lat' dir='ltr'><strong>susm</strong></span> <span class='ocrx_word' id='word_1_368' title='bbox 424 4042 513 4090; x_wconf 87' lang='lat' dir='ltr'><strong>librum</strong></span> <span class='ocrx_word' id='word_1_369' title='bbox 525 4042 547 4089; x_wconf 87' lang='lat' dir='ltr'><strong>ei</strong></span> <span class='ocrx_word' id='word_1_370' title='bbox 559 4042 701 4103; x_wconf 80' lang='lat' dir='ltr'><strong>porrexerit.</strong></span> <span class='ocrx_word' id='word_1_371' title='bbox 736 4042 792 4089; x_wconf 89' lang='lat' dir='ltr'><strong>Hoc</strong></span> <span class='ocrx_word' id='word_1_372' title='bbox 804 4048 885 4089; x_wconf 86' lang='lat' dir='ltr'><strong>autern</strong></span> <span class='ocrx_word' id='word_1_373' title='bbox 898 4048 1002 4094; x_wconf 79' lang='lat' dir='ltr'><strong>constat,</strong></span> <span class='ocrx_word' id='word_1_374' title='bbox 1014 4044 1079 4102; x_wconf 89' lang='lat' dir='ltr'><strong>quod</strong></span> <span class='ocrx_word' id='word_1_375' title='bbox 1091 4042 1121 4088; x_wconf 84' lang='lat' dir='ltr'><strong>ad</strong></span> <span class='ocrx_word' id='word_1_376' title='bbox 1138 4056 1219 4102; x_wconf 80' lang='lat' dir='ltr'><strong>regem</strong></span> <span class='ocrx_word' id='word_1_377' title='bbox 1232 4040 1325 4089; x_wconf 69' lang='lat' dir='ltr'><strong>mnerit</strong></span> <span class='ocrx_word' id='word_1_378' title='bbox 1335 4050 1393 4089; x_wconf 78' lang='lat' dir='ltr'><strong>ante</strong></span> 
     </span>
     <span class='ocr_line' id='line_1_44' title="bbox 294 4100 1392 4169; baseline -0.002 -14"><span class='ocrx_word' id='word_1_379' title='bbox 294 4122 335 4155; x_wconf 82' lang='lat' dir='ltr'><strong>an.</strong></span> <span class='ocrx_word' id='word_1_380' title='bbox 348 4118 405 4169; x_wconf 78' lang='lat'><strong>705,</strong></span> <span class='ocrx_word' id='word_1_381' title='bbox 416 4107 474 4168; x_wconf 82' lang='lat' dir='ltr'><strong>quia</strong></span> <span class='ocrx_word' id='word_1_382' title='bbox 484 4122 514 4155; x_wconf 84' lang='lat' dir='ltr'><strong>eo</strong></span> <span class='ocrx_word' id='word_1_383' title='bbox 525 4120 591 4153; x_wconf 86' lang='lat' dir='ltr'><strong>suno</strong></span> <span class='ocrx_word' id='word_1_384' title='bbox 608 4113 651 4154; x_wconf 76' lang='lat' dir='ltr'><strong>rex</strong></span> <span class='ocrx_word' id='word_1_385' title='bbox 668 4114 777 4153; x_wconf 81' lang='lat' dir='ltr'><strong>mortuns</strong></span> <span class='ocrx_word' id='word_1_386' title='bbox 794 4113 847 4153; x_wconf 81' lang='lat' dir='ltr'><strong>est:</strong></span> <span class='ocrx_word' id='word_1_387' title='bbox 869 4122 924 4154; x_wconf 86' lang='lat' dir='ltr'><strong>rum</strong></span> <span class='ocrx_word' id='word_1_388' title='bbox 942 4106 1018 4155; x_wconf 80' lang='lat' dir='ltr'><strong>etism</strong></span> <span class='ocrx_word' id='word_1_389' title='bbox 1032 4106 1103 4154; x_wconf 72' lang='lat' dir='ltr'><strong>bisti.</strong></span> <span class='ocrx_word' id='word_1_390' title='bbox 1118 4100 1220 4153; x_wconf 80' lang='lat' dir='ltr'><strong>Westm.</strong></span> <span class='ocrx_word' id='word_1_391' title='bbox 1233 4114 1325 4154; x_wconf 71' lang='lat' dir='ltr'><strong>assem</strong></span> <span class='ocrx_word' id='word_1_392' title='bbox 1335 4121 1392 4153; x_wconf 70' lang='lat' dir='ltr'><strong>curm</strong></span> 
     </span>
     <span class='ocr_line' id='line_1_45' title="bbox 294 4170 1393 4232; baseline -0.001 -13"><span class='ocrx_word' id='word_1_393' title='bbox 294 4186 335 4219; x_wconf 80' lang='lat' dir='ltr'><strong>sn.</strong></span> <span class='ocrx_word' id='word_1_394' title='bbox 354 4185 398 4232; x_wconf 81' lang='lat'><strong>70¹</strong></span> <span class='ocrx_word' id='word_1_395' title='bbox 419 4173 449 4219; x_wconf 79' lang='lat' dir='ltr'><strong>ad</strong></span> <span class='ocrx_word' id='word_1_396' title='bbox 472 4171 609 4219; x_wconf 81' lang='lat' dir='ltr'><strong>Aldiriduru</strong></span> <span class='ocrx_word' id='word_1_397' title='bbox 634 4170 746 4226; x_wconf 89' lang='lat' dir='ltr'><strong>missum,</strong></span> <span class='ocrx_word' id='word_1_398' title='bbox 763 4170 790 4217; x_wconf 93' lang='lat' dir='ltr'><strong>in</strong></span> <span class='ocrx_word' id='word_1_399' title='bbox 814 4186 840 4217; x_wconf 89' lang='lat' dir='ltr'><strong>re</strong></span> <span class='ocrx_word' id='word_1_400' title='bbox 860 4178 913 4218; x_wconf 85' lang='lat' dir='ltr'><strong>tam</strong></span> <span class='ocrx_word' id='word_1_401' title='bbox 934 4172 1037 4218; x_wconf 85' lang='lat' dir='ltr'><strong>obscura</strong></span> <span class='ocrx_word' id='word_1_402' title='bbox 1059 4170 1111 4232; x_wconf 87' lang='lat' dir='ltr'><strong>ejus</strong></span> <span class='ocrx_word' id='word_1_403' title='bbox 1134 4171 1303 4218; x_wconf 79' lang='lat' dir='ltr'><strong>auctoritatem</strong></span> <span class='ocrx_word' id='word_1_404' title='bbox 1326 4178 1393 4219; x_wconf 84' lang='lat' dir='ltr'><strong>tutus</strong></span> 
     </span>
    </p>

    <p class='ocr_par' dir='ltr' id='par_1_9' title="bbox 293 4236 1393 4555">
     <span class='ocr_line' id='line_1_46' title="bbox 339 4236 432 4284; baseline 0.011 -1"><span class='ocrx_word' id='word_1_405' title='bbox 339 4251 390 4284; x_wconf 87' lang='lat' dir='ltr'><strong>uor.</strong></span> <span class='ocrx_word' id='word_1_406' title='bbox 407 4236 432 4284; x_wconf 85' lang='lat' dir='ltr'><strong>S.</strong></span> 
     </span>
     <span class='ocr_line' id='line_1_47' title="bbox 294 4250 1393 4363; baseline 0 -16"><span class='ocrx_word' id='word_1_407' title='bbox 294 4250 367 4363; x_wconf 51' lang='lat' dir='ltr'><strong>zqup.</strong></span> <span class='ocrx_word' id='word_1_408' title='bbox 379 4300 527 4362; x_wconf 72' lang='lat' dir='ltr'><strong>Arcaulsus]</strong></span> <span class='ocrx_word' id='word_1_409' title='bbox 548 4300 615 4363; x_wconf 72' lang='lat' dir='ltr'><strong>Quis</strong></span> <span class='ocrx_word' id='word_1_410' title='bbox 624 4298 709 4362; x_wconf 75' lang='lat' dir='ltr'><strong>suerit</strong></span> <span class='ocrx_word' id='word_1_411' title='bbox 720 4299 841 4361; x_wconf 75' lang='lat' dir='ltr'><strong>Arwlfas</strong></span> <span class='ocrx_word' id='word_1_412' title='bbox 857 4302 908 4354; x_wconf 79' lang='lat' dir='ltr'><strong>iile,</strong></span> <span class='ocrx_word' id='word_1_413' title='bbox 924 4302 1008 4362; x_wconf 61' lang='lat' dir='ltr'><strong>quave</strong></span> <span class='ocrx_word' id='word_1_414' title='bbox 1019 4300 1113 4347; x_wconf 72' lang='lat' dir='ltr'><strong>Petras</strong></span> <span class='ocrx_word' id='word_1_415' title='bbox 1129 4294 1183 4360; x_wconf 79' lang='lat' dir='ltr'><strong>ejus</strong></span> <span class='ocrx_word' id='word_1_416' title='bbox 1198 4301 1278 4346; x_wconf 78' lang='lat' dir='ltr'><strong>socias</strong></span> <span class='ocrx_word' id='word_1_417' title='bbox 1293 4314 1325 4346; x_wconf 84' lang='lat' dir='ltr'><strong>ar</strong></span> <span class='ocrx_word' id='word_1_418' title='bbox 1340 4300 1393 4347; x_wconf 65' lang='lat' dir='ltr'><strong>dux</strong></span> 
     </span>
     <span class='ocr_line' id='line_1_48' title="bbox 293 4362 1393 4427; baseline -0.003 -15"><span class='ocrx_word' id='word_1_419' title='bbox 293 4367 399 4425; x_wconf 57' lang='lat' dir='ltr'><strong>iciant,</strong></span> <span class='ocrx_word' id='word_1_420' title='bbox 416 4368 600 4427; x_wconf 77' lang='lat' dir='ltr'><strong>incompertum.</strong></span> <span class='ocrx_word' id='word_1_421' title='bbox 642 4364 753 4411; x_wconf 68' lang='lat' dir='ltr'><strong>Tardum</strong></span> <span class='ocrx_word' id='word_1_422' title='bbox 769 4368 860 4411; x_wconf 67' lang='lat' dir='ltr'><strong>emmas</strong></span> <span class='ocrx_word' id='word_1_423' title='bbox 876 4363 1010 4426; x_wconf 78' lang='lat' dir='ltr'><strong>Arculsum</strong></span> <span class='ocrx_word' id='word_1_424' title='bbox 1027 4366 1164 4425; x_wconf 61' lang='lat' dir='ltr'><strong>epsicopum</strong></span> <span class='ocrx_word' id='word_1_425' title='bbox 1185 4364 1286 4411; x_wconf 80' lang='lat' dir='ltr'><strong>Gallum</strong></span> <span class='ocrx_word' id='word_1_426' title='bbox 1300 4362 1393 4424; x_wconf 77' lang='lat' dir='ltr'><strong>fuisse,</strong></span> 
     </span>
     <span class='ocr_line' id='line_1_49' title="bbox 295 4427 1393 4487; baseline 0 -12"><span class='ocrx_word' id='word_1_427' title='bbox 295 4429 402 4477; x_wconf 80' lang='lat' dir='ltr'><strong>Petrum</strong></span> <span class='ocrx_word' id='word_1_428' title='bbox 414 4432 541 4477; x_wconf 66' lang='lat' dir='ltr'><strong>cansam</strong></span> <span class='ocrx_word' id='word_1_429' title='bbox 552 4445 566 4476; x_wconf 87' lang='lat' dir='ltr'><strong>e</strong></span> <span class='ocrx_word' id='word_1_430' title='bbox 578 4429 733 4487; x_wconf 75' lang='lat' dir='ltr'><strong>Burgundio</strong></span> <span class='ocrx_word' id='word_1_431' title='bbox 749 4434 839 4475; x_wconf 77' lang='lat' dir='ltr'><strong>crtum.</strong></span> <span class='ocrx_word' id='word_1_432' title='bbox 865 4429 960 4476; x_wconf 86' lang='lat' dir='ltr'><strong>Msbill.</strong></span> <span class='ocrx_word' id='word_1_433' title='bbox 973 4430 1003 4475; x_wconf 81' lang='lat' dir='ltr'><strong>de</strong></span> <span class='ocrx_word' id='word_1_434' title='bbox 1015 4444 1034 4475; x_wconf 82' lang='lat' dir='ltr'><strong>s.</strong></span> <span class='ocrx_word' id='word_1_435' title='bbox 1048 4429 1185 4475; x_wconf 81' lang='lat' dir='ltr'><strong>Adamnan.</strong></span> <span class='ocrx_word' id='word_1_436' title='bbox 1199 4427 1253 4479; x_wconf 77' lang='lat' dir='ltr'><strong>Aet</strong></span> <span class='ocrx_word' id='word_1_437' title='bbox 1267 4427 1393 4475; x_wconf 77' lang='lat' dir='ltr'><strong>Benedict-</strong></span> 
     </span>
     <span class='ocr_line' id='line_1_50' title="bbox 295 4494 1260 4555; baseline -0.001 -14"><span class='ocrx_word' id='word_1_438' title='bbox 295 4507 348 4541; x_wconf 77' lang='lat' dir='ltr'><strong>saec.</strong></span> <span class='ocrx_word' id='word_1_439' title='bbox 363 4494 396 4541; x_wconf 88' lang='lat' dir='ltr'><strong>ni.</strong></span> <span class='ocrx_word' id='word_1_440' title='bbox 409 4508 432 4554; x_wconf 89' lang='lat' dir='ltr'><strong>p.</strong></span> <span class='ocrx_word' id='word_1_441' title='bbox 445 4494 470 4540; x_wconf 89' lang='lat' dir='ltr'><strong>ii.</strong></span> <span class='ocrx_word' id='word_1_442' title='bbox 483 4510 506 4541; x_wconf 85' lang='lat' dir='ltr'><strong>v.</strong></span> <span class='ocrx_word' id='word_1_443' title='bbox 518 4495 552 4540; x_wconf 85' lang='lat' dir='ltr'><strong>ir.</strong></span> <span class='ocrx_word' id='word_1_444' title='bbox 564 4508 587 4554; x_wconf 89' lang='lat' dir='ltr'><strong>p.</strong></span> <span class='ocrx_word' id='word_1_445' title='bbox 598 4506 653 4555; x_wconf 87' lang='lat'><strong>501.</strong></span> <span class='ocrx_word' id='word_1_446' title='bbox 1258 4507 1260 4511; x_wconf 80' lang='grc'><strong>’</strong></span> 
     </span>
    </p>
   </div>
   <div class='ocr_carea' id='block_1_5' title="bbox 0 0 1572 5125">
    <p class='ocr_par' dir='ltr' id='par_1_10' title="bbox 0 0 1572 5125">
     <span class='ocr_line' id='line_1_51' title="bbox 0 0 1572 5125; baseline 0 0"><span class='ocrx_word' id='word_1_447' title='bbox 0 0 1572 5125; x_wconf 95' lang='lat' dir='ltr'><strong> </strong></span> 
     </span>
    </p>
   </div>
  </div>
 </body>
</html>
