3100 5125
132 850 165 896 A.
174 849 207 897 l).
221 849 278 911 640.

135 916 243 962 Earcon-

133 979 206 1028 beret.

133 1554 274 1616 Edrcongo-

132 1627 164 1667 ta.

131 1810 201 1859 Fara.

621 341 858 409 Hlsnonlm
880 341 1058 410 EOOLES.
1366 343 1431 408 ΙΙΙ.
1447 345 1473 406 8·

727 571 837 636 uAP.
861 570 960 636 VIII.
1410 605 1440 639 ιο

299 673 337 730 Ut
349 674 411 730 Rea
427 673 633 732 (lacurnam
646 674 835 732 Earccaterct
848 675 921 732 idolo
935 675 1039 732 destrui
1049 673 1227 749 praeceperim
1248 682 1276 730 et
1289 674 1324 730 de
1329 675 1399 748 filia

328 755 388 828 ejus
400 756 586 830 Eorcoapota
601 763 628 811 et
640 757 792 830 propinqua
805 756 983 831 AEdilteroe,
996 756 1117 814 mia
1128 755 1191 812 Deo
1202 755 1366 830 cirquites.

338 850 436 913 Anno
450 848 627 914 Dominicac
642 849 872 915 incarnationis
892 849 1123 915 sexcentesimo
1162 848 1397 934 uadragesimo,

296 934 442 1000 Eadbald
457 957 514 1000 rex
524 934 770 1000 cantuariorum
778 935 937 1000 transiens
945 935 1141 1011 exbacvita,
1239 935 1398 999 cnbercto

295 1020 361 1084 filio
384 1021 473 1106 regni
498 1021 714 1106 gubernacula
742 1021 891 1108 reliquit:
929 1043 1001 1107 quoe
1029 1021 1081 1084 ille
1104 1026 1254 1105 suscepta
1280 1019 1396 1106 viginti
1408 1047 1437 1095 ις

295 1114 433 1192 quatuor
457 1107 550 1171 annis
567 1114 601 1171 et
623 1107 744 1192 aliquot
767 1107 928 1171 mensibus
951 1106 1144 1170 nobilissime
1166 1107 1281 1170 tenuit.
1328 1107 1396 1170 Hic

295 1191 415 1276 primus
429 1213 541 1278 regum
555 1193 733 1278 Anglorum
755 1193 791 1255 in
803 1200 876 1257 toto
897 1215 997 1278 regno
1017 1215 1075 1256 suo
1095 1189 1181 1255 idola
1199 1191 1336 1274 relinqui
1353 1215 1396 1257 ac

295 1277 427 1353 destrui,
443 1278 535 1342 simul
549 1285 583 1343 et
594 1277 749 1362 jejunium
764 1279 978 1364 quadraginta
992 1278 1116 1341 dicmm
1131 1277 1293 1342 observari
1308 1277 1396 1363 prin-

295 1363 393 1448 cipali*
405 1363 599 1428 auctoritate
614 1365 775 1449 praecepit.
821 1366 900 1445 Quae
914 1386 956 1427 ne
973 1363 1067 1428 facile
1080 1386 1102 1427 a
1116 1362 1266 1448 quopiam
1280 1371 1397 1462 posset

295 1449 465 1526 contemni,
481 1449 514 1512 in
529 1457 779 1535 transgressores
794 1450 907 1536 dignas
921 1456 956 1513 et
974 1456 1192 1534 competentes
1212 1448 1397 1534 pumtiones

294 1535 471 1621 proposuit.
531 1536 628 1620 Oujus
664 1535 730 1600 fllia
759 1535 974 1620 Earcongota,
1004 1542 1042 1599 ut
1070 1534 1229 1620 condigna
1264 1536 1395 1620 parenti

295 1623 430 1697 soboles,
447 1643 634 1706 magnarum
653 1621 715 1685 fuit
734 1621 825 1706 virgo
839 1621 1003 1698 sirtutum,
1019 1620 1178 1684 lscrvicns
1198 1620 1338 1683 Domino
1358 1621 1395 1683 in
1406 1636 1438 1670 20

295 1707 487 1772 monasterio
510 1708 595 1792 quod
616 1706 649 1769 in
670 1707 801 1792 regione
815 1707 1014 1770 Francorum
1035 1712 1256 1770 constructum
1278 1713 1329 1770 est
1350 1708 1396 1769 ab

293 1793 458 1858 abbatissa
479 1792 682 1869 nobilissima,
699 1793 854 1857 vocabulo
877 1793 972 1868 Fara,
990 1791 1023 1854 in
1041 1793 1112 1855 loco
1134 1792 1189 1874 qui
1211 1791 1331 1856 dicitur
1354 1792 1396 1854 In

294 1877 401 1964 Brige.
446 1878 530 1942 Nam
544 1900 582 1941 eo
596 1885 739 1963 tempore
753 1879 889 1943 necdum
903 1877 1012 1942 multis
1026 1876 1061 1939 in
1074 1877 1204 1962 regione
1215 1877 1397 1962 Anglorum

292 1963 495 2029 monasteriis
509 1963 711 2040 constructis,
726 1963 820 2028 multi
840 1964 881 2027 de
894 1963 1058 2028 Brittania
1082 1963 1296 2027 ²monacbicae
1319 1985 1397 2026 con-

293 2048 479 2115 versationis
493 2049 608 2134 gratia,
626 2049 825 2113 Francorum
839 2049 887 2114 vel
903 2049 1078 2113 Galliarum
1091 2049 1288 2112 monasteria
1301 2049 1398 2113 adire

292 2135 456 2209 solebant;
481 2135 537 2198 sed
555 2140 588 2198 et
601 2134 683 2198 filias
703 2157 777 2198 suas
795 2135 914 2199 eisdem
933 2133 1131 2212 erudiendas,
1147 2156 1186 2199 ac
1200 2155 1318 2219 sponso
1334 2157 1396 2198 ote-

291 2220 363 2284 lesti
387 2221 580 2320 copulandas
601 2220 794 2294 mittebant3
826 2221 964 2284 maxime
986 2219 1019 2282 in
1037 2218 1134 2304 Brige
1152 2225 1188 2283 et
1207 2220 1240 2282 in
1256 2220 1342 2297 (lale,
1359 2228 1435 2286 et²5

291 2306 324 2368 in
349 2307 541 2390 Andrlegum
564 2305 784 2370 monasterio:
822 2305 908 2370 inter
937 2327 1016 2389 quas
1042 2312 1114 2369 erat
1140 2305 1300 2390 Saetbryd
1324 2305 1396 2370 filia

291 2391 400 2455 uxoris
414 2392 519 2456 Annae
538 2391 622 2476 regis
637 2391 849 2456 Orientalium
864 2391 1051 2476 Anglorum,
1067 2391 1157 2475 cujus
1171 2412 1269 2475 supra
1283 2391 1396 2455 memi-

358 2578 478 2629 yscmper
486 2565 520 2624 V,
532 2565 997 2629 indesinentersempermtmvfi.
1119 2570 1287 2616 amm
1297 2568 1329 2617 V.

326 2735 366 2772 cr.
383 2718 465 2782 Fara]
483 2721 545 2784 Qua
558 2722 746 2783 burgundofara
760 2720 850 2769 dicitm
860 2720 906 2769 ie.
918 2721 996 2769 nobili
1011 2722 1075 2779 fara,
1087 2736 1131 2772 aen
1146 2722 1242 2771 familia
1253 2722 1318 2785 apud
1329 2722 1396 2771 Bnr-

293 2787 388 2849 gundos
399 2786 488 2848 genita
523 2788 561 2834 De
572 2786 644 2846 hrrjus
656 2786 788 2834 virtutibus
798 2785 887 2833 librum
900 2785 995 2847 scripsit
1007 2785 1087 2835 Jonas
1106 2788 1240 2841 monachus
1253 2786 1397 2842 Bobiensis,

292 2852 409 2898 insertum
434 2850 582 2899 editionibus
605 2852 713 2912 Operum
739 2850 819 2907 mnae,
838 2848 900 2897 tiii.
920 2858 946 2897 et
964 2866 979 2897 a
999 2851 1072 2897 Surio
1094 2858 1120 2899 et
1142 2851 1289 2899 Mabillonic
1312 2853 1397 2899 denno

292 2916 393 2963 editum.
408 2916 433 2961 S.
445 2914 499 2961 Vrd.
513 2915 634 2962 Mabillon
647 2914 735 2962 Annal.
748 2914 840 2961 Bened.
851 2914 895 2962 xii.
908 2927 931 2976 5.
944 2915 992 2962 vol.
1004 2915 1020 2962 i.
1034 2930 1058 2977 p.
1067 2929 1125 2976 343.
1134 2916 1180 2963 &c

326 2994 365 3027 ac.
384 2978 417 3025 In
429 2978 522 3039 Brige]
552 2979 657 3027 Tractus
676 2978 800 3041 briegium
822 2978 892 3041 sylva
913 2979 1046 3041 Brigensis,
1066 2996 1082 3027 a
1101 2995 1150 3041 qua
1167 2980 1246 3042 sylva,
1265 2980 1397 3042 provincia

291 3044 362 3091 hodie
374 3043 432 3090 Brie
450 3057 538 3090 nomen
556 3044 655 3104 accepit.
691 3044 720 3090 lu
737 3044 783 3091 bac
799 3044 899 3105 regione
910 3044 973 3091 Fara
989 3044 1129 3091 coenobium
1141 3044 1264 3106 virginum
1282 3046 1397 3093 condidit

292 3108 464 3164 Eboriaccnse,
481 3108 545 3168 quod
557 3122 572 3153 a
582 3107 718 3155 mndatrice
732 3106 913 3156 Faremoustier
929 3107 1007 3155 adhuc
1024 3108 1120 3156 dicitur.
1138 3110 1162 3157 S.
1197 3109 1295 3157 Mabill.
1307 3109 1341 3157 xi.
1354 3124 1396 3157 ιο.

291 3187 317 3232 P·
328 3184 385 3233 305·
1388 3190 1392 3193 ’

325 3247 364 3297 25.
384 3235 455 3297 Cale]
475 3234 571 3283 Chelles
587 3235 612 3283 in
630 3250 694 3298 pago
705 3236 837 3293 Parisiaco,
854 3236 925 3297 qnasi
941 3243 1040 3287 centurn
1056 3238 1143 3287 stadiis
1154 3254 1169 3286 ι
1180 3237 1287 3285 Lutetia.
1324 3237 1394 3285 Villa

291 3301 416 3362 quondum
428 3299 503 3361 regia,
516 3300 547 3347 sd
558 3300 699 3349 Matrouam
717 3301 828 3361 fluvium,
840 3300 865 3347 in
878 3316 928 3363 qno
936 3301 991 3349 loco
1002 3301 1123 3349 Bathildis
1138 3301 1295 3365 [Barthudis]
1309 3316 1392 3350 coeno

291 3364 358 3413 bium
376 3363 590 3411 sanctimonialum
610 3364 733 3427 virginum
757 3366 901 3413 construxit.
918 3367 942 3413 S.
983 3366 1064 3414 Immo
1083 3373 1208 3413 vetustum
1226 3372 1253 3413 et
1270 3366 1393 3427 dilapsum

291 3428 405 3507 restituit,
416 3428 481 3489 qnod
492 3428 674 3505 chrodechildis
685 3429 817 3478 chlodovei
829 3430 913 3493 magni
924 3429 1014 3491 conjnx
1026 3437 1098 3479 autea
1109 3432 1259 3479 condiderat.
1295 3430 1394 3479 Mabill.

290 3500 731 3619 ι”ιιῗῗζιῗιιῖιῗεὲιθιξιῖῗιὲἷῖιξὲιᾝ
741 3558 813 3620 nnus
829 3556 877 3606 ros
894 3558 942 3605 nm
959 3565 1043 3607 noum
1061 3558 1130 3607 neon
1140 3557 1277 3619 cumeum,
1288 3566 1315 3607 et
1326 3560 1395 3621 quon

292 3621 381 3670 mirum
398 3628 445 3677 est,
457 3621 622 3680 relincuere,
634 3638 706 3684 quem
722 3638 772 3683 prm
789 3622 868 3671 oculis
885 3622 970 3670 habuit
986 3624 1045 3683 situ,
1056 3622 1146 3672 falsum
1158 3624 1259 3684 alonge
1271 3624 1393 3684 qums-ivit.

292 3686 434 3734 Hadrianus
444 3686 510 3733 euim
523 3686 636 3736 Valesius
647 3688 672 3734 in
685 3687 784 3735 Notitia
794 3688 940 3743 Galliarum,
952 3688 1027 3734 verbo
1038 3689 1204 3736 Andeliacum
1216 3688 1290 3749 vulgo
1302 3688 1395 3736 Andeli

290 3752 422 3811 surSeine,
439 3750 615 3799 monasterium
628 3752 774 3813 Andilegum
792 3752 888 3813 dequo
906 3752 1015 3813 loquitur
1033 3752 1110 3810 Beda,
1133 3753 1206 3800 nobis
1222 3753 1292 3814 quasi
1313 3753 1395 3815 digito

291 3816 444 3863 monstravit.
479 3816 564 3863 Refert
574 3815 640 3862 enim
652 3830 682 3863 ex
692 3816 775 3864 codice
786 3816 854 3877 regio
862 3816 913 3863 hac
919 3816 993 3864 verba
1004 3818 1034 3865 de
1045 3832 1065 3865 s.
1076 3816 1182 3865 clotilde
1194 3817 1279 3878 regina
1286 3818 1395 3865 Franco-

290 3894 344 3926 rum
361 3879 442 3935 dicta3
466 3880 535 3926 Fecit
551 3884 576 3925 et
589 3881 661 3927 uliud
678 3882 856 3928 monasterium
873 3880 1069 3943 superfluentis
1088 3880 1213 3943 Sequanoe
1234 3883 1262 3928 in
1280 3883 1330 3929 loco
1349 3884 1395 3945 qui

290 3944 384 3991 dicitur
402 3944 546 3997 Andeleius,
564 3958 613 3989 nori
629 3946 702 4004 longe
718 3959 735 3991 ιι
749 3944 829 3991 mur-ir
845 3946 955 3993 ειύίιαιὶι
974 3945 1165 4005 Rotomagenaia
1182 3948 1210 3992 ia
1228 3947 1328 3993 nomine
1340 3946 1394 3994 Dei

289 4007 427 4067 genitricis.
462 4007 544 4054 Distat
563 4006 737 4069 Rotomago'7
756 4008 806 4056 iere
825 4009 917 4066 lenm,
935 4008 1018 4069 inquit
1028 4009 1150 4069 Valesius,
1168 4010 1212 4057 sed
1232 4010 1394 4070 Mabillom4

290 4078 387 4119 tantum
400 4071 530 4130 milliaria3
547 4078 573 4118 et
589 4078 646 4120 ants
662 4072 756 4133 aliquot
766 4087 845 4120 annos
855 4087 887 4120 er
898 4072 959 4120 cella
971 4087 1014 4120 seu
1030 4072 1140 4135 prioratu
1152 4074 1239 4131 veterI,
1253 4074 1394 4123 Benedicti-

290 4150 378 4185 narum
389 4135 488 4184 abbatia
499 4136 584 4183 evasit.
618 4136 704 4188 Annus
721 4137 808 4185 mortis
824 4144 875 4185 tam
891 4151 911 4184 a.
924 4137 1001 4194 Fara.
1013 4152 1087 4198 quam
1105 4138 1267 4200 Earcougotn
1283 4138 1393 4201 ignotus.

290 4200 318 4248 S.
335 4200 407 4248 Cous.
420 4200 515 4248 Mahill.
528 4215 550 4246 v.
563 4214 604 4258 ιο,
617 4214 639 4260 p.
651 4214 705 4262 123.

324 4264 364 4313 26.
382 4264 520 4325 saethryd]
551 4265 623 4312 Hanc
646 4280 696 4313 non
719 4265 831 4325 agnoscit
851 4263 1007 4323 Florentins3
1033 4266 1074 4326 qui
1098 4272 1186 4326 prater
1209 4266 1392 4329 AEdilbergam,

292 4328 376 4390 (quam
385 4329 425 4376 hic
438 4328 505 4378 Beda
516 4328 592 4375 filiam
610 4331 688 4377 Anum
705 4328 841 4378 naturalem
852 4327 944 4388 vocat)
960 4338 1069 4377 recenset
1080 4330 1241 4392 Serburgam,
1254 4331 1391 4382 AEtheldri-

290 4393 356 4441 mam
370 4393 492 4441 Elienscm
505 4391 664 4451 abbatissam,
674 4392 759 4457 (qnam
776 4394 842 4440 Beda
855 4393 1037 4455 AEdilthrydam
1048 4392 1121 4442 vocat
1135 4395 1193 4442 infr.
1205 4396 1240 4444 iv.
1250 4409 1287 4456 19.
1300 4394 1356 4459 υ.)
1367 4404 1393 4445 ct

289 4458 458 4519 Withbergam
469 4472 524 4518 qua
534 4456 642 4517 eiusdem
655 4458 795 4505 monasterii
806 4456 1001 4507 muctimonialis
1011 4457 1067 4507 init.
1100 4459 1201 4513 Genesi.
1214 4475 1239 4521 p.
1246 4459 1304 4523 ⁶90.

323 4534 361 4584 27.
375 4521 461 4583 cupra]
482 4520 543 4583 Cap.
555 4520 715 4582 precedente.
