3100 5125
285 246 328 313 u
619 248 851 313 nrsroamu
875 246 1051 313 aoouas.
1377 244 1406 309 1.
1418 266 1467 331 μ.
1530 193 1531 198 ¹

687 481 796 547 oue.
820 457 981 544 xxxn.
1400 516 1430 565 2⁵

501 604 539 661 Ut
551 604 722 661 AEditbercto
736 606 796 679 repi
809 606 918 661 litteras
931 610 958 659 et
972 606 1041 660 dous
1055 604 1170 660 miserit.

330 712 425 776 Mum
447 713 552 778 ¹idem
570 714 685 778 beatus
704 737 789 800 papa
807 713 978 799 Gregorius
998 713 1110 777 eodem
1124 719 1268 796 tempore
1288 711 1388 775 etiam

286 798 354 885 regi
369 798 573 864 AEdilbereto
589 800 764 884 epistolam,
777 800 871 864 simul
886 806 918 863 et
934 800 1017 863 dona
1032 796 1065 861 in
1077 798 1208 862 diversis
1219 796 1387 881 speciebus

286 886 476 970 yperplura:
500 886 728 971 temporalibus
746 908 871 985 quoque
889 884 1064 948 honoribus
1079 906 1186 969 regem
1205 882 1386 968 glorificare

286 977 444 1056 satagens,
461 971 512 1035 oui
529 971 638 1057 gloriae
654 972 789 1035 oaelestrs
805 995 862 1036 suo
876 971 986 1035 labore
1002 977 1037 1034 et
1057 968 1216 1034 industria
1235 968 1386 1032 notitiam
1395 996 1430 1045 ³0

286 1056 467 1140 provenisse
479 1058 651 1142 gaudebat.
697 1056 870 1143 Exemplar
884 1063 992 1121 autem
1007 1056 1150 1141 praefatae
1166 1054 1308 1140 epistolae
1323 1055 1386 1118 hoe

287 1149 355 1205 est:
638 1182 645 1197 ·

170 1288 176 1294 .
327 1228 458 1290 Domiuo
475 1226 686 1312 pbriosissimo
707 1239 796 1313 utque
810 1227 1087 1313 prceeelleutissiruo
1098 1224 1174 1312 filie
1195 1224 1387 1289 AEdilbereto

285 1312 348 1397 rupi
363 1313 540 1397 Aupbrum,
559 1314 720 1397 Greporius
733 1314 892 1399 piscopus.

328 1399 461 1482 Propter
488 1398 541 1461 loe
564 1400 743 1483 ortuiooteru
765 1400 850 1463 Deus
879 1398 964 1462 leues
986 1420 1111 1483 quosque
1137 1394 1182 1459 ud
1202 1397 1388 1480 populorum

285 1484 435 1565 repimiuu
451 1484 604 1568 perducit,
626 1495 660 1548 ut
677 1507 739 1569 per
760 1507 806 1549 ees
827 1484 961 1548 omuibus
982 1484 1088 1569 quibus
1107 1482 1237 1566 praeusti
1250 1483 1386 1565 fueriut,

284 1569 365 1632 douu
385 1592 447 1633 sue
465 1570 589 1653 pietatis
610 1570 773 1655 iuspeudut.
820 1570 907 1649 Quod
927 1572 961 1633 iu
982 1568 1152 1653 Auploreuu
1166 1576 1248 1652 peute
1261 1570 1426 1651 fuotuus35

284 1656 488 1741 eupuouimus:
512 1656 562 1717 eui
576 1665 674 1719 oestro
684 1655 786 1739 pluria
800 1656 915 1719 ideireo
932 1666 972 1719 est
986 1654 1166 1803 preposite,
1182 1662 1216 1715 ut
1230 1676 1292 1737 per
1311 1653 1388 1717 buuu

285 1763 352 1825 pure
366 1739 446 1804 uobis
460 1762 591 1804 emeessu
605 1752 685 1817 suut,
702 1742 792 1805 etium
806 1739 940 1824 subjectae
954 1764 988 1804 uo
1007 1742 1034 1803 is
1049 1740 1132 1824 peuti
1151 1760 1283 1823 superus
1303 1738 1386 1802 leue-

276 1826 355 1909 fieiu
370 1834 602 1910 praestarentur.
646 1828 692 1890 Et
716 1827 792 1902 ideo,
813 1826 939 1911 plurime
954 1826 1020 1909 Jili,
1044 1848 1109 1888 euru
1131 1846 1222 1909 quoru
1245 1826 1387 1910 uoopud

284 1911 433 1974 diviuitus
490 1912 596 1986 etium,
614 1910 732 1975 soiieitu
752 1922 845 1975 meute
866 1912 988 1988 custodi,
1012 1910 1219 1974 Christiuueue
1233 1912 1329 1994 fidem
1350 1912 1385 1973 iu

277 1996 403 2080 pepruiis
424 1932 490 2058 dii
498 1995 626 2059 subditis
640 1998 796 2061 osteudere
808 1996 1046 2081 freduardum
1063 1996 1250 2059 rectitudinis
1267 2006 1328 2059 tuce
1349 1997 1386 2059 iu

283 2102 383 2144 eorum
395 2081 577 2144 souuersioue
587 2082 770 2167 multiplice,
781 2084 951 2147 iudoloruru
962 2082 1058 2145 uultus
1069 2082 1385 2166 iusequere,fuuorsuu
1392 2100 1426 2145 ‘40

284 2166 419 2249 cedifieiu
428 2175 531 2241 everte,
541 2166 727 2231 subditorum
737 2191 830 2233 mores
843 2183 896 2231 zeu
906 2191 1017 2253 ruupuu
1029 2168 1100 2231 uitce
1111 2167 1274 2243 usuuditiu,
1283 2167 1384 2230 erior-

283 2253 386 2327 taudo,
410 2251 556 2329 terreude,
579 2251 767 2330 lluudieude,
790 2254 972 2339 oerripeudO,
995 2264 1022 2317 et
1044 2252 1111 2315 boui
1132 2253 1230 2337 operis
1249 2253 1385 2337 eeeupia

283 2338 475 2401 moustruudo
497 2338 636 2421 cedifieu:
667 2349 702 2402 ut
729 2339 818 2403 iilum
847 2338 1053 2403 retributorem
1082 2336 1217 2402 iuueuius
1242 2340 1277 2401 iu
1301 2338 1383 2415 eeu,

283 2424 368 2505 eujus
384 2444 488 2487 uomeu
507 2433 594 2508 utque
612 2424 805 2509 sepuitiuueru
825 2424 1005 2489 dilataveris
1024 2424 1058 2487 iu
1075 2434 1167 2488 terre.
1212 2425 1284 2509 Ipse
1304 2425 1385 2486 euius

282 2518 386 2572 vestre
401 2530 513 2594 quoque
523 2509 632 2593 pbrice
644 2532 747 2574 rurueu
761 2512 853 2574 etiuus
861 2510 990 2597 posteris
1000 2510 1160 2596 plerissius
1173 2508 1284 2587 reddet,
1300 2510 1385 2592 eujus

282 2595 480 2658 maturiorem
495 2597 814 2680 queritisetseruutu's
828 2598 861 2660 iu
873 2597 1014 2679 pertibus.
1393 2601 1423 2651 45

326 2681 381 2744 Sir
402 2681 508 2744 etesius
537 2682 748 2745 Oomtuutiuus
770 2683 921 2766 quouduue
939 2683 1100 2766 piissimus
1125 2683 1297 2766 imperator,
1323 2681 1384 2743 Ro-

281 2787 405 2828 morsum
432 2766 644 2851 respublieuru
670 2790 692 2831 u
721 2769 872 2852 peruersis
900 2768 1047 2830 idolerum
1078 2767 1205 2832 uultibus
1234 2787 1383 2842 reuersus,

185 2910 188 2914 Δ
282 2851 475 2935 emuipoteuti
498 2853 563 2914 Deo
587 2853 719 2916 Domiuo
743 2862 842 2916 uestro
866 2853 941 2916 Jesu
967 2853 1085 2916 Oiristo
1113 2874 1209 2916 seouru
1236 2850 1381 2929 subdidit,

282 2955 366 3020 seque
379 2957 447 2999 eum
461 2935 598 3020 subjectis
611 2938 737 3022 populis
750 2949 812 3002 totu
826 2939 871 3002 ud
884 2952 969 3002 aeuru
984 2949 1077 3002 uuuu
1090 2937 1243 3002 eoueertit.
1296 2938 1383 3000 Uude
1393 2949 1432 3014 73

274 3023 399 3106 furtum
411 3031 453 3084 est
467 3031 502 3083 ut
514 3023 706 3106 antiquorum
721 3024 904 3108 priucipum
920 3045 1023 3087 uorueu
1036 3023 1099 3087 suis
1113 3023 1228 3087 uiride
1242 3021 1383 3086 leudibus

282 3108 420 3184 eiueeret,
436 3115 464 3170 et
481 3116 563 3170 teuto
580 3107 614 3169 iu
631 3109 769 3191 (piuioue
783 3131 976 3194 precessore
992 3132 1066 3186 suos,
1083 3117 1192 3194 quuuto
1212 3118 1240 3172 et
1259 3108 1293 3170 iu
1311 3107 1383 3172 ioue

283 3213 369 3274 opere
381 3201 544 3275 superaret.
589 3193 633 3256 Et
646 3214 726 3257 uuue
740 3195 841 3279 itaque
856 3204 953 3258 restro
970 3195 1071 3279 pierio
1085 3196 1277 3277 espuitioueue
1291 3195 1384 3257 uuius

282 3276 353 3352 Dei,
379 3278 499 3352 Putris,
526 3286 554 3340 et
582 3277 673 3354 Filii,
697 3289 725 3343 et
754 3281 891 3364 Spiritus
918 3281 1025 3357 surueti,
1053 3279 1170 3365 repibus
1198 3302 1235 3343 ue
1257 3279 1369 3364 pepul‘

281 3359 398 3424 sibimet
418 3360 551 3444 sapietis
563 3364 691 3447 festiuet
711 3365 880 3448 iufuudere,
902 3375 929 3428 et
950 3367 1087 3450 autiquos
1106 3366 1201 3448 pestis
1219 3387 1282 3427 sure
1305 3385 1406 3448 repess

283 3445 424 3509 leudibus
445 3469 483 3510 ue
505 3449 621 3511 uueritis
642 3459 785 3526 truuseut,
811 3461 838 3514 et
861 3462 970 3535 quuuto
994 3453 1028 3514 iu
1050 3451 1185 3534 subjectis
1207 3451 1270 3513 suis
1291 3451 1384 3512 etium

281 3532 384 3594 alueo
398 3542 525 3616 peeeetu
546 3533 709 3611 deterserit,
732 3544 815 3599 toute
836 3537 928 3600 etiuru
950 3537 987 3599 de
1002 3537 1135 3621 peeoutis
1149 3535 1292 3621 propriis
1313 3543 1384 3599 aute

280 3616 485 3702 oruurpoteutis
499 3619 562 3682 Dei
575 3618 710 3682 terribih
722 3643 844 3684 meuses
857 3621 989 3685 securior
994 3623 1065 3703 fiet.

323 3703 588 3768 Resereutissiruus
607 3705 714 3787 freter
738 3716 835 3769 uester
859 3709 1049 3792 Aupustiuus
1077 3709 1236 3791 episeopus,
1261 3707 1295 3768 iu
1320 3725 1380 3768 mu

281 3790 409 3853 uusterii
428 3789 539 3874 repulu‘
553 3788 696 3866 bedoctus,
712 3813 808 3854 suerce
823 3793 994 3876 Scripturce²
1007 3793 1132 3856 seirutio
1146 3793 1282 3878 repletus,
1299 3789 1382 3854 bouis

313 3988 328 4020 ¹
340 3983 440 4028 elidem
453 3982 482 4027 V.
634 3991 649 4028 r
657 3984 794 4042 perpulcra
806 3983 835 4030 V.
995 3993 1006 4020 z
1023 3985 1060 4032 lta
1072 3985 1100 4046 V,⁸
1114 3985 1150 4032 St.
1165 3984 1193 4031 G.
1207 3986 1233 4030 iu
1246 3983 1338 4031 Beued.
1356 3989 1381 4029 et

281 4049 352 4094 tacite
365 4047 390 4093 S.
555 4055 565 4077 ·
577 4047 660 4091 Deum
671 4048 701 4092 V.
866 4047 877 4080 b
889 4049 973 4095 doetus
985 4049 1014 4095 V.

313 4229 352 4276 30.
365 4215 553 4277 leecest1Greg.
567 4215 645 4274 Epist
657 4216 689 4263 xi.
703 4215 742 4264 otu

295 4293 352 4391 ὦ.
358 4279 569 4391 wiffam]
587 4280 667 4341 Hujus
676 4288 794 4341 quantum
809 4281 924 4342 poeuituit
936 4283 1081 4344 Gregorium
1092 4285 1146 4331 vide
1155 4301 1229 4346 supra
1242 4285 1264 4331 in
1276 4285 1380 4345 epistola

279 4358 293 4388 a
351 4359 455 4391 erum.
486 4379 492 4390 .
