3100 5125
266 280 307 341 11
595 278 831 344 HISTOBIAE
855 276 1032 341 EOOLES.
1335 274 1359 337 I.
1377 294 1449 359 3-

263 430 388 496 tutilem
417 430 596 515 reipublicae
625 437 789 495 ostentare
816 429 999 515 principem,
1028 428 1145 493 bellum
1174 427 1300 511 ubique,
1331 434 1364 491 et

265 514 432 582 victoriam
460 518 678 599 undecumque
706 516 860 600 quaesivit.
922 516 1037 599 Itaque
1068 512 1303 599 expeditionem
1331 512 1364 576 iu

266 600 462 666 Brittaniam
484 601 592 677 movit,
617 623 688 685 quae
713 601 856 667 excitata
884 600 1115 664 191919911919
1143 605 1276 684 propter
1300 620 1363 663 nou

266 686 850 772 ιι199111111119911999193999111919191.
881 687 1092 751 Transvectus
1107 684 1140 749 in
1155 684 1291 749 insulam
1305 692 1362 761 eet,

266 794 363 855 quam
376 794 478 856 neque
492 779 569 837 ante
583 774 607 835 J
608 772 706 838 ulium
721 772 888 849 Oaesarem,
904 794 1006 855 neque
1020 777 1095 856 post
1113 792 1184 835 eum
1198 770 1364 853 quisquam

266 858 356 927 adite
376 880 473 921 ausus
493 857 608 934 luerat,
624 858 730 942 ibique
751 858 819 921 sine
841 858 904 921 ullo
925 858 1034 942 praelio
1054 878 1092 939 ao
1112 856 1265 941 sanguine
1280 856 1365 919 intra

268 943 472 1028 paucissimos
494 943 561 1007 dics
583 944 751 1028 plurimam
773 944 882 1007 insulae
904 950 1029 1027 partem
1050 942 1083 1005 in
1102 940 1297 1005 deditionem
1318 963 1364 1005 re
1375 964 1408 997 1ο

268 1029 362 1113 oepit.
407 1029 549 1093 Orcadas
577 1029 676 1094 etiam
704 1029 823 1093 insulas
852 1028 937 1093 ultra
963 1026 1158 1092 Brittaniam
1186 1026 1219 1089 in
1248 1048 1365 1091 oceano

268 1114 389 1198 positae
413 1115 557 1178 Romano
581 1114 699 1199 adjecit
728 1114 869 1199 imperio,
894 1135 931 1179 ao
960 1120 1051 1177 sexto
1082 1134 1177 1197 quam
1205 1112 1365 1211 profectus

268 1207 340 1263 erat
366 1222 473 1264 mense
503 1200 638 1264 Romam
666 1199 772 1275 rediit,
803 1198 930 1283 filioque
962 1222 1020 1264 suo
1050 1197 1221 1263 Brittanior
1253 1218 1366 1261 nomen

269 1284 428 1369 imposuit.
474 1285 547 1348 Hoc
569 1292 677 1350 autem
695 1285 812 1350 bellum
834 1292 949 1369 quarto
971 1283 1094 1369 imperii
1114 1284 1163 1347 sui
1181 1304 1266 1349 anno
1285 1305 1367 1347 com·

121 1381 190 1429 1-1).
203 1378 242 1440 46·
268 1370 375 1455 plevit,
391 1370 444 1455 qni
467 1378 517 1435 est
539 1392 641 1435 annus
663 1372 704 1435 ab
725 1370 943 1435 internetione
961 1369 1090 1435 Domini
1108 1368 1367 1453 quadragesimus

269 1463 398 1523 sextus:
431 1479 494 1540 quo
515 1456 613 1521 etiam
634 1456 835 1521 9999199199
854 1455 1041 1541 gravissima
1060 1477 1117 1539 per
1140 1454 1264 1539 Syriam
1283 1454 1368 1518 facta

270 1548 328 1617 est,
353 1565 424 1625 quse
449 1542 482 1605 in
506 1542 645 1605 Actibus
666 1542 896 1626 Apostolorum
924 1564 982 1626 por
1006 1541 1195 1625 prophetam
1218 1540 1409 1624 Agabum²5

106 1642 198 1698 Vespa·
270 1627 424 1712 praedicta
447 1650 515 1691 esse
537 1634 741 1695 memoratur.
789 1628 840 1691 Ab
861 1627 972 1691 eodem
992 1626 1124 1692 Olaudio
1144 1625 1368 1709 Vespasianus,

108 1704 198 1751 ³³⁸¹¹¹¹¹³⁴
271 1712 326 1796 qui
351 1721 425 1797 post
449 1713 609 1777 Neronem
632 1712 808 1797 imperavit,
834 1712 867 1775 in
896 1712 1090 1776 Brittaniam
1118 1710 1242 1788 missus,
1274 1710 1371 1775 etiam

273 1798 410 1863 Vectem
424 1798 559 1863 insulam
574 1798 743 1865 Brittaniae
761 1797 940 1882 proximam
960 1820 980 1861 a
999 1796 1140 1873 meridie,
1156 1796 1371 1862 Romanorum

370 1961 511 2016 ι9111911199
523 1959 553 2005 V.
565 1958 667 2015 Orosius
678 1960 843 2019 Hevercamp.
855 1960 884 2012 G.
1098 1970 1114 1998 11
1124 1960 1232 2011 redditos
1244 1959 1273 2006 V.

309 2109 345 2153 14.
365 2095 461 2156 amuco]
482 2095 616 2143 0111191199
632 2110 730 2143 causam
749 2111 825 2157 agens
846 2097 898 2144 MS.
917 2098 954 2143 sui
972 2097 1140 2150 Treverensis.
1160 2112 1204 2159 pro
1225 2112 1289 2145 nono
1308 2112 1373 2144 auno

273 2169 372 2208 strenue
382 2166 468 2220 certat,
480 2160 590 2221 aliosque
601 2161 678 2221 carpit
688 2162 754 2221 quod
763 2170 878 2209 octavum
889 2160 927 2207 vel
938 2161 1067 2222 septimum
1077 2162 1215 2217 exhibeant,
1225 2178 1279 2209 cum
1290 2170 1372 2209 tamen

273 2224 565 2273 991199191191191911991
577 2226 740 2286 chronologia
752 2225 852 2287 propius
863 2226 986 2279 accedere,
998 2240 1071 2285 quam
1085 2240 1185 2274 nouum.
1219 2226 1315 2273 Claudii
1330 2241 1372 2273 ex·
1394 2227 1401 2259 t

274 2290 421 2350 peditiouem
434 2289 501 2336 Beda
512 2290 543 2335 ad
554 2299 668 2349 quartum
679 2290 776 2351 imperii
788 2290 840 2350 ejus
853 2305 943 2337 annum
956 2290 1035 2350 ponit,
1046 2296 1071 2337 et
1082 2291 1113 2337 ad
1124 2305 1215 2338 aunum
1228 2290 1318 2338 Christi
1328 2288 1372 2348 463

270 2354 323 2415 jam
335 2368 394 2401 vero
410 2354 455 2399 hos
471 2368 550 2401 99999
567 2355 596 2400 ad
615 2369 707 2401 aunum
721 2355 750 2403 U.
760 2355 788 2402 C.
800 2360 922 2415 aptantes,
936 2368 1033 2401 necesse
1044 2362 1082 2401 eat
1094 2362 1122 2401 ut
1133 2355 1158 2401 19
1171 2370 1262 2402 999991
1276 2367 1322 2417 797
1335 2356 1373 2401 rel

276 2418 322 2482 798
334 2418 480 2465 incidamus.
514 2418 619 2466 Occisus
628 2419 694 2466 euim
706 2425 744 2467 est
755 2420 830 2467 Caius
843 2428 884 2476 24⁰
896 2419 935 2465 dic
944 2420 1001 2467 dan.
1016 2421 1045 2466 A.
1058 2418 1087 2465 U.
1097 2420 1125 2466 0.
1135 2432 1191 2481 794,
1203 2420 1245 2480 qui
1259 2422 1288 2467 A.
1301 2422 1330 2467 l).
1341 2432 1372 2479 41

275 2483 412 2542 respondet.
451 2482 561 2543 Quartus
581 2483 656 2543 igitur
677 2483 774 2530 Claudii
798 2484 944 2531 successoris
966 2497 1045 2531 99999
1067 2483 1175 2543 aliquam
1198 2491 1291 2543 partem
1315 2484 1372 2530 9991

276 2547 308 2595 U.
316 2547 343 2596 C.
357 2546 495 2610 7971191191,
509 2547 641 2594 maximam
653 2563 711 2595 rero
724 2547 831 2610 7911991
849 2563 914 2595 9999
933 2548 964 2595 D.
975 2546 1006 2609 46
1023 2548 1149 2606 convenit,
1160 2555 1185 2596 et
1200 2564 1271 2610 quem
1289 2563 1374 2596 omues

274 2619 370 2660 veteres
382 2613 456 2660 Beda
467 2612 543 2659 MSS.
555 2613 620 2660 clare
632 2613 754 2660 exhibent.
766 2614 792 2660 S.
816 2613 919 2660 Occisus
931 2621 968 2660 est
980 2613 1054 2660 Caius
1065 2613 1099 2660 A.
1110 2613 1138 2660 U.
1148 2615 1176 2660 C.
1188 2613 1386 2674 7939111141.
1404 2663 1407 2671 ,

275 2677 358 2726 Rediit
369 2676 486 2726 Claudius
499 2692 565 2723 9999
580 2677 676 2738 imperii
693 2677 730 2724 sui
742 2685 840 2738 quarto,
852 2678 893 2738 qui
906 2677 953 2724 fuit
964 2678 996 2725 A.
1007 2677 1038 2724 D.
1048 2690 1088 2739 45.
1113 2679 1168 2725 Vid.
1182 2678 1240 2726 Dio.
1252 2678 1320 2726 Cass.
1333 2679 1375 2725 lix.

276 2757 316 2804 50.
332 2743 366 2790 lx.
378 2755 417 2801 13.
440 2742 541 2788 Sueten.
556 2743 603 2788 &a
625 2742 698 2789 0991.
714 2743 781 2804 Pagi.
816 2741 925 2789 Eundem
944 2742 1063 2788 calculum
1076 2757 1148 2804 quem
1166 2743 1204 2790 1119
1220 2743 1292 2790 habet
1309 2743 1376 2790 Beda

274 2807 349 2855 etiarn
361 2806 387 2853 in
399 2805 521 2854 Chronico
532 2821 577 2853 suo
588 2821 618 2853 ex
630 2806 727 2854 Eusebii
740 2807 830 2854 chron.
843 2807 988 2868 Hieronym.
999 2806 1161 2867 (1999919199.

270 2906 274 2912 .
312 2883 349 2931 17.
367 2871 530 2933 transfiges]
549 2871 682 2917 Suetonius
697 2871 809 2918 nominat
825 2871 981 2928 Admiuium,
1000 2871 1111 2932 Caligula
1127 2883 1175 2929 443
1197 2871 1244 2918 Dio
1262 2871 1375 2919 Berisum

277 2936 319 2983 lib.
332 2935 365 2982 lx.
377 2935 484 2998 [19:ed.
497 2934 608 2994 Sturu.];
623 2934 664 2981 ubi
677 2942 753 2982 totam
766 2936 907 2983 Claudianus
918 2936 1080 2996 expeditionis
1091 2935 1220 2983 historiam
1232 2937 1377 2997 1119991999-

276 3001 367 3062 quitur.
379 3002 404 3046 S.
425 3000 496 3048 0991.
507 3002 573 3046 Suet.
584 2999 669 3046 Claud.
680 3011 718 3060 17.
742 3001 790 3046 Sed
802 3001 843 3046 vix
854 3014 912 3046 vera
924 3007 981 3046 sunt
993 2999 1043 3047 haec
1054 3015 1108 3061 999
1119 3000 1223 3048 Orosius
1234 3015 1247 3047 e
1260 3000 1377 3048 Suetonio

272 3064 445 3124 ·919911991119
455 3064 521 3111 199111
534 3065 594 3111 adeo
611 3070 636 3110 et
652 3064 723 3111 celeri
738 3064 871 3111 Britannias
887 3063 1034 3111 subactione.
1068 3065 1153 3112 Tradit
1168 3065 1233 3112 99119
1247 3065 1297 3112 Dio
1308 3064 1378 3112 Plau-

278 3129 339 3176 tium
352 3129 431 3189 primo
446 3145 502 3176 cum
515 3128 639 3175 Britannis
656 3129 812 3190 pugnavisse,
824 3135 849 3175 et
865 3143 907 3174 eos
923 3128 1012 3188 partim
1030 3143 1075 3175 nee
1092 3129 1147 3176 sinc
1162 3129 1269 3189 periculo
1280 3130 1377 3183 vicisse,

279 3204 337 3240 mox
356 3201 437 3240 autem
456 3195 486 3240 ad
505 3193 634 3241 Claudium
653 3193 683 3240 de
699 3193 771 3240 rebus
788 3195 837 3240 suis
856 3192 955 3240 nuntios
973 3193 1084 3250 misisse3
1103 3194 1231 3241 Claudiurn
1251 3207 1308 3242 vero
1325 3202 1380 3254 post

279 3273 355 3305 unum
373 3258 483 3320 prelium
502 3273 557 3305 cum
578 3257 703 3304 Britannis
719 3272 795 3318 prope
806 3257 923 3304 Tamesin
940 3259 1097 3304 commissum
1110 3258 1163 3305 loca
1175 3259 1284 3318 quadam
1297 3266 1322 3306 et
1338 3260 1380 3304 bo-

274 3323 359 3368 ’911999
371 3323 478 3382 99919999
496 3329 615 3384 postque
626 3322 784 3382 peractacito
797 3322 828 3369 ud
840 3322 943 3368 Romam
960 3336 1097 3382 regressum
1114 3323 1237 3370 ceteruia
1250 3323 1379 3370 Britannia

279 3385 375 3432 Plautio
387 3387 520 3448 subigenda
533 3387 659 3447 reliquisse
671 3387 703 3433 lx.
715 3399 817 3450 19—21.

272 3508 274 3511 ι
316 3450 353 3497 18.
371 3465 449 3512 neque
462 3459 516 3512 post
533 3465 589 3498 eum
605 3450 746 3512 quisquam]
767 3451 891 3512 Augustus
907 3451 940 3496 A.
952 3449 1019 3497 U.C.
1035 3461 1089 3512 717.
1107 3457 1192 3498 contra
1210 3451 1336 3498 Brittanos
1353 3451 1379 3498 19

280 3515 386 3562 Galliam
398 3515 476 3573 venit,
489 3517 530 3564 scd
542 3516 573 3562 ab
584 3515 722 3562 oratoribus
732 3529 816 3562 eorum
829 3521 939 3575 pacatus,
952 3513 1030 3562 rediit.
1064 3514 1179 3562 Proximo
1194 3531 1259 3562 9999
1275 3517 1380 3563 9991919

280 3581 378 3626 eosdem
391 3579 549 3628 meditantem
564 3587 643 3626 motus
655 3579 796 3626 Cantabrici
808 3579 978 3638 impedierunt.
1012 3579 1125 3627 Tiberius
1140 3581 1219 3627 Roma
1236 3582 1318 3640 pedem
1331 3581 1381 3628 fere

282 3659 407 3704 rrrruquam
426 3645 523 3693 extulit.
558 3644 632 3691 Caius
647 3658 766 3690 occanum
785 3650 880 3690 tautum
898 3643 991 3701 inrisit,
1010 3653 1035 3692 91
1052 3644 1129 3705 spolia
1146 3644 1248 3692 ridicula
1265 3646 1381 3692 reducens

282 3709 429 3768 triumphum
443 3709 533 3756 frustra
545 3709 664 3768 quaesivit.
677 3709 704 3755 S.
870 3743 873 3750 .

315 3772 492 3834 1901999199]
513 3776 568 3820 Hoc
585 3773 654 3819 nullo
672 3773 744 3818 modo
757 3771 870 3818 concedit
884 3771 994 3828 Tacitus,
1012 3773 1107 3820 laurum
1125 3773 1188 3820 hanc
1200 3774 1321 3835 Agricola
1337 3787 1381 3820 suo

282 3837 403 3898 propriam
417 3838 518 3896 volens;
535 3838 580 3885 sub
595 3836 666 3896 cujus
682 3836 797 3896 auspiciis
814 3836 950 3896 imperante
966 3837 1064 3884 demum
1078 3837 1231 3894 Domitiano,
1245 3839 1381 3885 Romanam

282 3902 384 3948 classem
405 3901 553 3962 Incognitas
569 3903 605 3948 ad
620 3903 647 3948 id
661 3909 757 3961 tempus
776 3899 889 3947 01999199
907 3900 999 3948 1999199
1015 3901 1137 3950 iuvenisse
1155 3903 1196 3960 911,
1212 3909 1237 3950 91
1252 3903 1382 3949 domuisse.

286 3965 378 4026 [Agric.
389 3967 438 4027 ro.]
475 3969 520 4014 Sed
538 3981 593 4013 cum
611 3965 701 4012 bellum
716 3963 878 4011 Brittanicum
891 3965 1040 4024 temporibus
1052 3965 1158 4024 Claudii,
1171 3967 1231 4014 duce
1244 3969 1274 4014 A.
1286 3966 1382 4014 Plautio

283 4038 308 4076 et
319 4029 410 4078 victore
421 4045 464 4092 per
475 4045 487 4092 7
500 4046 578 4078 annos
589 4031 719 4078 continuos
731 4037 826 4089 gestum
839 4029 920 4084 fuerit,
935 4044 983 4076 999
1001 4031 1150 4092 impossibile
1166 4037 1204 4078 991
1221 4033 1286 4092 quod
1304 4031 1341 4078 hic
1353 4031 1383 4078 de

283 4095 419 4142 Orradibus
429 4111 443 4142 a
453 4095 557 4142 Claudio
568 4095 670 4155 receptis
681 4110 711 4141 ex
725 4093 830 4142 Errsebio
842 4103 867 4140 et
880 4095 997 4155 Eutropio
1009 4097 1132 4143 asseritur.
1145 4095 1169 4142 S.

317 4171 355 4216 24.
368 4173 415 4220 quo
431 4175 497 4206 anno
508 4160 603 4221 fames]
618 4160 752 4206 Annalium
767 4157 906 4206 conditores
916 4159 1005 4206 1919991
1018 4161 1080 4208 hanc
1093 4161 1139 4208 110
1148 4160 1244 4208 Claudii
1255 4175 1320 4226 9999
1332 4159 1384 4207 affi-

283 4230 351 4281 gunt.
387 4223 491 4271 Orosius
502 4231 583 4271 tamen
595 4231 621 4271 91
636 4224 703 4271 Beda
715 4223 848 4271 Eusebium
861 4230 1001 4282 sequuntur.
1015 4226 1039 4272 S.
1075 4224 1181 4272 Duravit
1198 4225 1291 4286 aliquot
1307 4238 1385 4271 99999

283 4287 333 4332 haec
345 4287 430 4333 199199.
457 4288 512 4334 Vid.
524 4289 626 4349 Joseph.
638 4289 725 4349 Antiq.
737 4305 779 4335 xx.
792 4299 815 4332 1.
828 4298 851 4347 5.
863 4295 888 4334 ct
899 4301 921 4348 5.
936 4301 958 4334 1.
981 4288 1084 4351 Prosper
1096 4290 1125 4336 ad
1138 4291 1170 4336 A.
1179 4289 1212 4337 D.
1223 4304 1262 4352 51·
1275 4290 1352 4351 pouit.

317 4363 355 4410 25.
368 4354 395 4398 ia
406 4354 510 4399 Accitur
520 4353 701 4414 Apostolorum]
716 4354 749 4400 ri.
760 4353 799 4400 18.

317 4413 356 4462 16.
372 4417 545 4476 Vespasianus]
568 4417 627 4464 Haec
643 4425 701 4464 sunt
717 4433 730 4464 e
749 4417 875 4475 Suetonio,
893 4417 994 4478 Vespas.
1005 4429 1030 4475 4.
1064 4417 1136 4466 0991.
1153 4417 1212 4466 item
1230 4417 1305 4466 Dion.
1318 4418 1386 4466 0999.

283 4480 317 4528 lx.
331 4494 370 4529 1ο.
381 4494 422 4541 30.
433 4481 470 4528 ed.
485 4481 565 4528 Stura.
