3100 5125
484 279 647 345 GENTIS
670 276 940 344 ANGLORUM.
1214 280 1257 345 57

152 429 199 493 nei
211 430 388 513 inpunitate
405 434 539 510 conenit,
554 432 720 496 omnimodo
741 433 805 495 nae
826 432 938 495 tamn
959 452 1017 495 non
1039 440 1079 494 oet
1100 432 1253 506 commta,-

151 518 226 599 qaia
246 517 325 581 nane
346 520 508 581 marcionem
530 520 704 583 neecientem
719 518 882 602 portatione
903 518 1000 600 napis
1021 517 1181 580 donndnm
1204 530 1253 596 ert,

153 622 245 685 qnam
259 602 380 685 sociere.
426 606 502 667 Cam
526 626 594 668 cero
620 604 704 667 oltrn
727 604 847 667 modam
872 603 1020 687 appetitas
1042 604 1125 689 pain
1147 604 1181 666 in
1205 624 1255 667 en-

152 688 711 775 meadioalimentnoapotar,on1ne
738 690 853 752 ideirco
881 690 1039 751 nnrnoran
1068 691 1255 773 receptocnta

149 783 333 857 precanter,
359 773 445 837 nant
472 776 579 838 eaiade
608 776 729 838 animae
756 776 889 858 ationem
919 784 1044 851 reatina,
1069 794 1127 837 non
1157 785 1255 839 temen

151 880 243 943 acqno
257 859 303 922 ad
313 859 547 944 prohibitionem
555 860 751 945 percipiendi
764 861 863 923 candi
876 860 1018 942 mysterii,
1035 860 1081 923 od
1093 862 1255 923 miecnrnm

112 944 305 1010 sennenn
327 944 517 1009 eenbraadi:
550 968 617 1011 onon
633 947 767 1029 fortene
791 955 846 1009 ant
862 946 961 1028 fectae
985 945 1049 1008 dieo
1072 947 1173 1031 occipit,
1200 957 1255 1010 ant

151 1028 286 1093 cohiberi
297 1032 482 1113 mycterimn,
495 1052 557 1117 pro
576 1053 607 1095 eo
620 1032 701 1116 qnod
712 1031 848 1094 cacano
862 1031 945 1094 atine
959 1030 993 1092 in
1008 1032 1068 1095 noo
1082 1032 1168 1107 deest,
1184 1032 1254 1115 ipra

151 1116 307 1181 maeatae
328 1117 485 1200 conpellit.
529 1119 617 1180 Nara
641 1117 670 1179 ei
692 1116 803 1180 adeant
828 1117 887 1180 aiii
908 1116 961 1201 qai
984 1117 1106 1201 impnro
1130 1119 1253 1180 ”minin

151 1201 260 1264 teriora
281 1201 410 1279 canant,
433 1202 543 1266 inlatio
558 1224 620 1287 pro
641 1202 788 1287 ⁰conpnn
803 1203 904 1285 sacto,
926 1224 946 1265 a
962 1202 1151 1286 perceptione
1171 1205 1254 1266 caeti

150 1308 181 1349 on
200 1287 286 1350 eterni
299 1286 459 1371 pronibere
475 1310 534 1351 non
551 1288 655 1361 noa·
679 1289 731 1351 ted
744 1284 783 1351 ab
803 1288 1003 1351 immontione
1019 1290 1102 1351 oncri
1121 1290 1255 1370 mysterii

204 1373 306 1449 tinore,
337 1383 371 1436 nt
398 1372 542 1450 arbitror,
572 1374 725 1437 imniiiter
753 1371 856 1437 debet:
893 1375 921 1437 a·
948 1384 1049 1437 tanton
1076 1375 1253 1438 dormientia

111 1486 141 1533 35
153 1467 277 1521 anatem
291 1458 377 1543 tempi
392 1458 629 1543 Pimapinatnne
643 1481 702 1522 non
721 1459 907 1521 contemserit.
951 1460 1039 1521 Nam
1059 1469 1128 1522 caat
1146 1458 1253 1544 qniine

153 1544 200 1605 ita
207 1543 385 1629 pnrnmqne
399 1544 511 1607 inineio
524 1544 670 1620 naooitnr,
686 1554 719 1607 nt
740 1564 841 1606 omnm
857 1545 985 1620 animno,
1001 1546 1091 1608 etiam
1106 1546 1140 1607 in
1154 1567 1252 1608 somno

153 1629 287 1712 emporio
294 1630 421 1712 poeitae,
437 1629 576 1714 tnrpibnc
589 1628 856 1715 inopinationibno
870 1650 929 1691 non
941 1630 1085 1711 sndetar.
1136 1631 1202 1709 Qooa
1217 1632 1252 1694 in

152 1735 186 1775 re
196 1736 290 1777 maon
303 1711 348 1777 ibi
362 1716 535 1792 conroditrm
546 1716 616 1799 ipae
630 1737 712 1779 mem
725 1737 788 1789 rea,
803 1736 863 1777 non
879 1725 977 1777 tamen
996 1714 1044 1778 oei
1063 1737 1116 1778 noo
1129 1714 1251 1797 jndicio

153 1798 259 1875 libera,
288 1822 355 1862 enm
384 1822 424 1873 se,
454 1803 509 1863 etsi
533 1801 692 1864 dormienti
716 1822 846 1885 corpore,
872 1799 953 1863 ninii
973 1802 1109 1863 meminit
1133 1801 1250 1877 cidisse,

152 1886 301 1949 tamenin
315 1884 431 1969 oipiliie
450 1888 592 1971 cooperio,
607 1886 742 1949 meminit
762 1888 798 1948 in
820 1884 981 1971 inpineiem
1003 1886 1147 1950 cecidisse.
1193 1888 1252 1949 Sin

152 1991 220 2033 oero
248 1992 285 2033 en
313 1970 399 2055 tnrpi
427 1972 601 2055 capitatione
626 1972 783 2056 oipinntic
808 1970 906 2034 oritnr
935 1971 1044 2035 inimic
1067 1970 1250 2048 dormientis,

109 2079 143 2125 40
144 2065 233 2139 patet
245 2056 347 2118 anian
361 2067 463 2121 reatae
476 2080 566 2120 enne:
590 2058 671 2121 oidet
684 2058 765 2121 enim
779 2078 800 2119 a
815 2078 876 2141 qao
890 2057 994 2119 radin
1008 2057 1180 2140 inquinatio
1195 2058 1252 2121 nn

143 2142 330 2224 proeeeeerit,
345 2142 420 2226 qaia
434 2142 516 2227 qaod
527 2143 668 2227 eopitaoit
681 2143 784 2216 eciem,
799 2140 851 2204 noe
866 2139 1008 2225 qportant
1022 2143 1161 2205 nesciens.
1193 2144 1254 2207 Sed

143 2226 334 2310 penecadam
355 2237 406 2303 ert,
425 2228 495 2312 inea
515 2229 654 2313 copitatio
670 2237 773 2290 atram
790 2229 976 2311 enpantioon,
991 2250 1033 2291 an
1053 2228 1250 2303 denotatione,

150 2312 205 2388 eei,
232 2312 313 2398 qaod
334 2313 433 2396 majac
455 2324 506 2389 eet,
527 2315 647 2398 peccati
671 2334 810 2376 consensa
838 2314 992 2376 occiderit.
1041 2311 1150 2377 Triins
1172 2315 1251 2376 enim

149 2397 248 2460 modio
260 2398 404 2481 inmntar
414 2420 497 2462 onnee
503 2408 683 2482 peccatam
701 2398 838 2460 eideiicet
901 2398 1038 2481 pectione,
1050 2398 1249 2475 denotatione,

151 2504 299 2547 centenno
362 2484 514 2570 Sappeetio
542 2485 653 2570 qnippe
673 2485 715 2566 fit
736 2504 796 2568 per
823 2482 879 2546 dia
896 2484 984 2559 olam,
1014 2482 1167 2547 delectatio
1189 2506 1251 2570 per

109 2586 141 2634 45
151 2591 281 2647 carerem,
295 2591 448 2634 nanneno
455 2593 515 2654 per
527 2571 691 2654 spiritam:
714 2571 788 2653 qnia
803 2580 830 2633 et
845 2571 984 2653 primam
998 2569 1119 2654 ennom
1132 2592 1250 2654 serpens

148 2655 298 2739 suppetent,
315 2656 387 2719 an
408 2656 486 2720 coint
503 2678 574 2719 earo
594 2656 738 2719 denotata
757 2663 808 2730 eet,
824 2655 931 2718 Adam
948 2677 1016 2718 noro
1031 2656 1111 2718 oeint
1122 2657 1250 2739 spiritne

149 2740 313 2804 comente:
336 2749 363 2804 et
376 2743 542 2805 neceesaria
556 2751 597 2805 eet
611 2761 722 2824 noapna
736 2741 885 2816 diseretio,
901 2749 935 2802 nt
948 2741 1028 2803 inter
1041 2742 1249 2824 snppestionem

148 2835 239 2909 atqae
253 2826 482 2904 denotationem,
505 2828 586 2891 inter
601 2827 824 2901 denotationem
845 2836 871 2888 ot
892 2847 1067 2902 nmenenm,
1082 2825 1179 2908 jndae
1199 2827 1250 2890 cai

148 2911 270 2975 animno
283 2912 459 2996 praeideet.
507 2913 583 2975 Onon
603 2913 683 2974 enim
703 2911 855 2993 antipam
868 2911 995 2995 epiritao
1013 2922 1168 2995 meantem
1180 2933 1249 2996 onp-

145 2997 227 3081 perit
253 2996 287 3059 in
312 3006 414 3074 mente,
437 2999 466 3062 oi
488 2997 575 3061 nain
597 2998 716 3082 peceati
741 2996 894 3059 denotatio
916 3006 1067 3080 seqaatar,
1090 3007 1249 3081 peccatam

107 3109 140 3158 50
149 3081 314 3146 omm'rmdo
328 3092 538 3168 perpetratam
552 3105 611 3146 non
624 3092 688 3146 eet.-
712 3104 777 3146 onm
793 3104 861 3145 ooro
876 3081 1018 3146 denotari
1033 3104 1103 3146 caro
1117 3085 1248 3168 caperit,

147 3177 220 3230 tane
233 3179 390 3252 peccatam
415 3166 525 3252 incipit
545 3169 650 3232 nacci:
682 3169 710 3230 oi
731 3178 831 3230 anteon
853 3168 959 3230 ¹'etiam
980 3190 1017 3232 en
1038 3166 1249 3232 deliberatione

147 3254 297 3330 consentit,
325 3263 397 3316 tane
417 3264 576 3337 peccatam
609 3254 792 3338 eopnoccitnr
821 3253 939 3338 perfici.
1000 3254 1043 3316 In
1070 3255 1249 3338 sappestione

146 3338 244 3421 ipitar
265 3339 386 3422 peceati
410 3340 536 3404 initiam
558 3349 607 3414 oct,
635 3339 669 3402 in
694 3339 883 3402 denotatione
899 3341 941 3420 fit
963 3339 1186 3417 nntrimentnm,
1212 3341 1247 3403 in

146 3445 284 3486 concana
305 3425 463 3508 perfectio.
508 3426 552 3488 Et
578 3446 657 3509 cape
683 3424 827 3509 continpit
855 3433 888 3487 at
912 3424 964 3486 noo
991 3425 1073 3508 qnod
1098 3425 1248 3510 maiipnne

146 3509 275 3592 spiritns
292 3510 420 3572 seminat
434 3511 467 3573 in
482 3509 665 3594 copitatione,
680 3531 750 3573 caro
765 3511 798 3572 in
813 3509 1031 3572 denotationem
1045 3509 1147 3574 tranat
1157 3537 1173 3584 ,·
1195 3533 1247 3574 neo

94 3601 138 3680 69
148 3601 247 3658 tamen
259 3596 366 3658 anima
380 3595 475 3660 eidem
489 3595 676 3660 donnationi
689 3596 858 3658 consentiat.
904 3595 949 3658 Et
967 3617 1033 3658 enm
1053 3595 1246 3660 arestone

147 3690 214 3742 tare
226 3680 290 3744 eine
308 3682 410 3744 anione
429 3693 561 3765 neqaeat,
576 3681 640 3765 ipre
659 3691 758 3744 tamen
780 3679 901 3743 animno
922 3681 1025 3743 earnis
1046 3680 1247 3764 eonmtntibno

179 3829 584 3874 amoeniorem-dotentas
596 3828 625 3872 V.
725 3837 740 3865 n
752 3829 897 3886 mysterium
911 3827 938 3873 V.
1042 3835 1052 3855 ⁰
1061 3841 1107 3885 per
1118 3829 1246 3886 crepidem

146 3891 240 3938 nmen.
252 3892 286 3937 St.
299 3891 329 3937 G.
341 3905 390 3951 per
400 3894 505 3952 compulo
518 3893 544 3938 L.
669 3893 854 3951 nenggeoticne
868 3891 896 3935 V.
1014 3899 1028 3936 (1
1037 3891 1142 3950 'notant
1154 3890 1246 3936 C.L.G.

145 3965 157 3993 r
169 3958 246 4002 etiam
257 3968 306 4002 om.
320 3955 380 4002 V.G.
481 3965 492 3995 ⁸
504 3958 621 4003 delectari
633 3957 694 4003 V.G.

178 4078 328 4140 superfla]
341 4079 394 4126 Vox
405 4088 443 4127 est
455 4094 475 4126 e.
485 4079 581 4139 tanoni,
592 4078 608 4136 ἡ
618 4077 645 4126 δὲ
655 4077 757 4141 ἁμαρτία
766 4078 963 4134 ἀποτελεσθεῖσα,
974 4078 1019 4124 &c
1032 4076 1049 4124 i.
1061 4089 1098 4137 15·
1109 4077 1178 4139 eujus
1189 4076 1246 4124 doc·

144 4143 215 4190 trion
225 4142 266 4189 bic
276 4143 389 4205 Gregorii
400 4147 467 4192 locun
478 4144 572 4204 optima
583 4143 758 4204 estexpocino.
1239 4161 1241 4166 ·

179 4221 200 4254 ι.
211 4208 344 4268 denotare]
363 4208 459 4268 Nempe
473 4209 605 4255 hominem.
640 4209 705 4255 Nom
722 4208 774 4268 ipae
791 4208 864 4259 homo
882 4221 931 4254 non
949 4204 1179 4254 recondebantur
1195 4206 1244 4255 nisi

143 4271 277 4320 animract
289 4273 352 4318 ratio
363 4272 483 4333 voluptati
494 4273 656 4320 consentione
692 4273 776 4332 ltaque
794 4269 911 4331 potiorem
928 4283 1026 4318 sensum
1038 4269 1111 4319 efficit
1122 4269 1244 4320 delectare

142 4349 217 4396 qoenm
230 4337 349 4383 denotari
357 4353 374 4384 .··
386 4352 442 4384 nam
454 4351 512 4383 aare
523 4343 576 4384 ciete
585 4340 668 4384 animo
684 4343 786 4384 eatenus
798 4335 913 4383 delectari
930 4342 1010 4396 potest
1026 4341 1147 4397 quatenus
1158 4336 1244 4396 volup·

141 4408 218 4450 tatem
230 4400 330 4458 annot,
343 4402 386 4448 sed
397 4401 521 4449 hominem
533 4402 654 4450 delectare
666 4401 751 4461 nequit
765 4400 834 4460 cuijus
851 4415 919 4448 mens
930 4399 1049 4460 voluptati
1063 4401 1208 4459 reluctetur,
1220 4407 1245 4449 et

141 4463 184 4526 qui
195 4464 251 4512 ideo
265 4464 304 4527 (ut
316 4480 373 4513 mox
384 4465 465 4527 inquit
475 4459 618 4530 θῐεςοήυε)
633 4466 819 4514 delectationem
826 4473 913 4526 portat
925 4468 1023 4512 incitas.

186 4550 283 4591 mm.
699 4552 710 4590 I
