3100 5125
119 355 218 422 -23.
519 336 684 402 sunus
706 336 978 403 Anenonuu.
1237 340 1299 404 eru

198 491 338 575 jurando
361 497 399 555 ut
423 491 544 556 rediret
565 493 614 556 vel
638 493 805 576 pecuniam
827 491 871 555 illi
897 513 956 576 pro
981 513 1015 554 se
1038 490 1190 568 mitteret,
1215 493 1303 557 venit

203 576 352 641 (lantiam
374 577 417 641 ad
442 599 549 662 regem
575 578 735 654 Hlotheri,
762 578 817 662 qui
846 582 918 641 erat
946 577 1029 640 filius
1056 577 1173 641 sororis
1196 579 1302 643 AEdil-

202 661 327 747 thrydae
342 662 461 748 reginae
480 663 521 727 de
540 686 604 747 qua
622 664 859 748 supradictum
878 668 937 739 est,
954 663 1049 748 uquia
1068 669 1102 726 et
1122 663 1188 748 ipse
1204 686 1301 748 quon-

179 748 277 812 sdam
291 749 432 833 ejusdem
446 749 563 835 reginas
578 748 723 813 minister
741 750 865 814 fuerat:
891 748 1047 833 petiitque
1068 756 1101 813 et
1120 749 1245 833 accepit
1259 750 1301 813 ab

202 855 240 898 eo
262 834 401 919 pretium
420 855 486 898 suae
505 834 741 919 redemptionis,
756 857 796 899 ac
816 856 874 899 suo
891 834 1019 897 domino
1039 856 1098 919 pro
1117 855 1161 912 se,
1176 841 1214 898 ut
1230 857 1302 920 pro-

201 918 342 998 miserat,
357 919 454 985 misit.

247 1005 308 1086 Qui
322 1013 405 1105 ,post
428 1007 496 1070 haec
519 1004 678 1091 ¹patriam
701 1027 844 1069 reversus
864 1012 962 1090 atque
985 1006 1027 1069 ad
1052 1027 1145 1069 suum
1169 1006 1456 1082 fratremtnpntrtsm

202 1112 397 1177 pervenrens,
424 1091 587 1176 replicavit
616 1113 656 1155 ex
686 1092 796 1154 ordine
825 1098 940 1156 cuncta
969 1113 1039 1174 quae
1070 1091 1129 1155 sibi
1158 1083 1381 1171 adversaret-

202 1199 313 1260 quaeve
328 1177 361 1239 in
374 1177 516 1241 adversis
530 1177 645 1242 solatia
661 1177 897 1262 provenissent:
922 1176 1130 1262 cognovitque
1145 1177 1301 1244 referente

203 1261 265 1339 illo,
280 1263 341 1326 illis
363 1263 499 1327 maxime
514 1264 710 1348 temporibus
729 1286 788 1326 sua
804 1263 901 1325 fuisse
920 1263 1042 1327 vincula
1063 1263 1168 1328 soluta
1188 1263 1302 1350 quibus

165 1370 262 1433 :opro
277 1370 311 1411 se
325 1349 492 1413 missarum
507 1349 635 1413 fuerant
649 1350 810 1413 celebrata
825 1348 995 1412 sollemnia.
1027 1348 1139 1413 Sedet
1154 1348 1216 1413 alia
1231 1371 1301 1434 quae

203 1434 396 1519 periclitanti
418 1434 448 1498 ei
471 1435 636 1498 commoda
657 1435 865 1519 contigissent
886 1441 920 1497 et
942 1455 1104 1518 prospera,
1128 1457 1185 1519 per
1207 1437 1302 1500 inter-

201 1520 376 1583 cessionem
397 1521 572 1584 fraternam
594 1527 628 1584 et
653 1521 846 1584 oblationem
870 1519 982 1584 hostiae
1009 1519 1157 1586 salutaris
1183 1521 1303 1586 caelitus

202 1605 264 1669 sibi
286 1605 381 1670 fuisse
405 1607 525 1670 donata
549 1606 714 1670 intellexit.
761 1605 919 1690 Multique
943 1606 1011 1668 haec
1035 1629 1055 1668 a
1078 1607 1213 1690 praefato
1236 1607 1303 1670 viro

202 1691 369 1755 audientes
390 1691 512 1755 accensi
536 1699 611 1756 sunt
634 1692 667 1754 in
681 1693 744 1755 fide
762 1714 800 1754 ac
817 1691 982 1755 devotione
1001 1691 1131 1775 pietatis
1150 1693 1193 1756 ad
1212 1714 1303 1757 oran-

204 1776 289 1862 dum,
305 1777 354 1842 vel
368 1779 409 1841 ad
424 1778 637 1862 eleemosynas
650 1778 819 1852 faciendas,
836 1777 883 1840 vel
898 1778 941 1840 ad
956 1777 1130 1840 offerendas
1146 1778 1304 1842 yDomino

166 1878 194 1926 15
204 1861 349 1927 victimas
364 1886 462 1927 sacras
477 1863 656 1940 oblationis,
672 1886 730 1948 pro
745 1862 908 1947 ereptione
923 1884 1050 1925 suorum
1066 1863 1119 1946 qui
1135 1863 1174 1926 de
1189 1864 1303 1927 saeculo

203 1949 436 2033 migraverant:
457 1949 681 2031 intellexerunt
696 1950 780 2012 euim
796 1948 891 2031 zquia
906 1948 1092 2011 sacrificium
1109 1949 1247 2013 salutare
1261 1950 1303 2013 ad

203 2034 453 2117 redemptionem
468 2036 587 2099 valeret
601 2042 635 2099 et
649 2035 763 2098 animae
779 2040 812 2097 et
827 2033 968 2116 corporis
983 2033 1217 2118 sempiternam.

249 2119 344 2183 Hanc
358 2120 435 2183 mihi
450 2120 617 2184 historiam
632 2121 729 2185 etiam
746 2119 876 2204 quidam
890 2141 1008 2195 eorum,
1025 2119 1078 2202 qui
1093 2121 1134 2182 ab
1150 2120 1220 2205 ipso
1236 2119 1304 2183 viro

204 2204 238 2268 in
260 2228 322 2289 quo
343 2207 431 2269 facta
452 2214 503 2270 est
524 2206 662 2282 audiere,
678 2211 869 2269 narrarunt:
898 2205 982 2268 unde
1004 2227 1074 2268 eam
1089 2206 1164 2288 quia
1185 2205 1304 2289 liquido

204 2291 352 2375 comperi,
369 2291 588 2356 indubitanter
604 2292 758 2356 Historiae
781 2297 898 2354 nostrae
916 2290 1147 2354 Ecclesiasticae
1168 2292 1304 2355 inseren-

205 2377 281 2441 dam
295 2376 426 2440 credidi.

165 2501 197 2538 :o
615 2479 723 2542 OAP.
755 2479 896 2541 XXIII.

483 2596 530 2651 De
544 2597 630 2658 ⁸vita,
645 2602 672 2649 et
686 2594 758 2649 obitu
771 2594 858 2649 Hilde
872 2594 1023 2649 abbatissae.

247 2696 364 2760 bAsso
378 2704 452 2781 post
469 2697 552 2759 hunc
567 2703 728 2781 sequente,
744 2695 805 2759 hoc
826 2701 885 2771 est,
902 2716 985 2759 anno
1006 2694 1180 2758 Dominicae
1203 2694 1303 2759 incar·
1322 2722 1390 2769 al).
1400 2720 1456 2772 ⁶30,

203 2782 343 2847 nationis
364 2783 593 2846 sexcentesimo
615 2781 818 2866 octogesimo,
843 2779 1094 2865 creligiosissima
1117 2780 1236 2843 Christi
1258 2782 1303 2845 fa-
1313 2786 1393 2863 uites

203 2868 290 2931 mula
312 2868 400 2944 HiId‚
415 2867 581 2932 abbatissa
602 2865 786 2930 monasterii
804 2867 890 2949 quod
910 2865 1028 2929 dicitur
1049 2853 1401 2944 Streaneshalch,⁰¹'¹‘¹¹⁸·

164 2959 243 3031 :sut
264 2975 360 3039 supra
381 2954 555 3029 retulimus,
571 2959 645 3037 post
666 2953 767 3017 multa
783 2974 853 3035 quae
867 2952 942 3015 fecit
964 2951 997 3013 in
1011 2950 1105 3015 terris
1127 2974 1224 3037 opera
1244 2974 1303 3016 cae-

203 3038 306 3116 lestia,
325 3040 368 3102 ad
389 3040 590 3125 percipienda
612 3038 744 3123 praemia
763 3037 837 3101 vitae
860 3036 994 3101 caelestis
1017 3037 1056 3101 de
1078 3038 1173 3100 terris
1194 3038 1303 3102 ablata

204 3124 354 3188 transivit
383 3125 435 3188 die
459 3125 706 3208 quintadecima
735 3123 943 3187 kalendarum
972 3122 1203 3200 Decembrium,
1231 3146 1465 3212 eumNov.e.17.

205 3216 290 3274 esset
307 3232 461 3273 annorum
481 3210 649 3296 sexaginta
667 3230 741 3273 sex:
766 3209 880 3293 quibus
900 3230 991 3292 aequa
1006 3207 1171 3293 dportione
1186 3208 1302 3289 divisis,
1314 3214 1389 3261 AEtau.

205 3295 340 3380 triginta
355 3304 421 3360 tres
436 3296 554 3380 primos
570 3296 603 3359 iu
617 3294 760 3359 saeculari
775 3294 889 3359 habitu
907 3293 1099 3357 nobilissime
1117 3302 1304 3359 conversata

205 3381 382 3465 complevit,
405 3389 439 3445 et
462 3382 598 3445 totidem
619 3387 788 3465 sequentes
810 3379 945 3443 nobilius
971 3380 1004 3441 in
1030 3379 1215 3444 monachica
1238 3380 1304 3445 vita

206 3466 345 3530 Domino
359 3468 562 3531 consecravit.
608 3467 691 3530 Nam
710 3473 744 3530 et
764 3466 878 3529 nobilis
896 3471 1068 3540 natuerat,
1085 3466 1144 3529 hoc
1162 3472 1220 3543 est,
1237 3466 1403 3533 filiaGenus.

167 3577 198 3625 30
205 3552 331 3637 nepotis
345 3553 482 3615 AEduini
496 3553 589 3637 regis,
602 3552 752 3616 vocabulo
765 3551 928 3615 Hererici:
945 3573 1016 3614 cum
1031 3572 1094 3634 quo
1109 3551 1206 3615 etiam
1218 3574 1302 3637 rege,

205 3639 248 3702 ad
262 3638 519 3722 praedicationem
534 3640 638 3702 beatae
653 3636 814 3701 memorias
831 3636 966 3713 Paulini,
978 3635 1070 3721 primi
1084 3636 1303 3723 Nordanhym-

205 3725 336 3787 brorum
355 3724 502 3809 episcopi,
518 3724 615 3787 fidem
634 3730 667 3787 et
687 3731 887 3787 sacramenta
902 3722 1031 3787 Christi·
1044 3722 1191 3807 suscepit,
1208 3728 1305 3806 atque

205 3808 273 3873 haec
289 3810 463 3893 usquedum
477 3811 520 3873 ad
537 3811 604 3894 ejus
620 3809 771 3873 visionem
789 3808 952 3893 pervenire
971 3806 1097 3883 meruit,
1114 3807 1306 3873 intemerata

205 3895 352 3959 servavit.

250 3981 329 4061 Quae
344 4003 417 4045 oum
431 3981 542 4045 relicto
557 3980 671 4044 habitu
685 3979 838 4057 saeculari,
851 3978 894 4042 illi
909 3978 965 4041 soli
978 3978 1094 4041 servire
1106 3978 1303 4057 decrevisset,
1324 3990 1353 4035 A.
1360 3989 1391 4036 D·
1402 3987 1457 4050 647·

204 4107 349 4219 Μν·
448 4107 696 4170 sm:
797 4104 979 4231 :uua
1020 4106 1305 4233 ‘rotate

240 4346 263 4394 3.
271 4333 347 4395 filius
363 4334 464 4397 armis]
493 4334 589 4395 Nempe
610 4333 750 4394 Sexburgs,
770 4346 825 4394 qna
843 4344 906 4378 uxor
925 4330 973 4377 fuit
992 4328 1165 4379 Eercoubercti
1183 4327 1247 4392 regis
1263 4330 1305 4391 qui

206 4405 276 4463 peter
287 4398 335 4445 fuit
346 4398 469 4446 Hlotheri.
493 4400 550 4459 Sup.
565 4413 602 4461 ¹9·
613 4405 639 4446 ct
648 4397 685 4446 iii.
697 4397 721 4444 8.

240 4476 279 4523 ²4·
290 4462 381 4525 rupa]
392 4462 429 4511 iii.
438 4469 481 4524 24,
495 4476 534 4526 2⁵·

241 4540 279 4591 29·
291 4526 396 4590 amerb]
410 4527 461 4577 Hic
472 4528 520 4576 suit
529 4526 613 4577 fratris
624 4526 696 4589 filius,
709 4541 758 4575 uon
770 4526 823 4575 nati
835 4525 906 4585 filius,
919 4524 1030 4575 AEduiui.
1054 4523 1111 4573 Vid.
1123 4524 1195 4573 infra.
