3100 5125
282 321 347 389 ΜΒ
621 317 857 386 HISTORIAE
881 317 1058 386 EOOLES.
1280 353 1283 358 Δ
1350 315 1395 382 V.
1416 335 1465 382 η.

273 475 424 558 perflante
458 481 547 556 atque
581 481 713 536 mrrente
741 493 801 535 nan
836 471 936 535 minas
964 469 1150 534 intolerabile
1179 469 1382 554 preferebat.
1394 487 1425 536 ²5

288 560 453 643 Utrnnnqae
466 569 567 621 antem
580 568 647 621 erat
664 556 824 620 animabus
840 557 992 620 bominum
1007 556 1143 641 plenum,
1159 577 1229 640 quce
1249 556 1386 618 uicissim

281 644 353 707 bina
375 644 446 707 inde
467 641 649 707 uidebantur
673 644 761 727 quasi
786 642 967 726 tempestatis
989 643 1102 726 impetu
1121 642 1250 724 parturi.
1306 643 1386 704 Oum

281 731 361 793 enim
383 730 446 792 uim
465 729 604 812 servaris
631 729 770 792 immensi
798 727 924 791 tolerare
952 749 1011 790 nan
1033 738 1162 811 possent,
1226 725 1386 790 sumebant

281 817 400 878 miserm
418 815 453 877 in
471 815 603 877 medinm
615 815 751 899 stipans
768 814 892 898 infesti:
915 823 942 876 et
960 835 1027 876 eum
1046 834 1137 896 neque
1158 813 1172 874 i
1190 813 1204 875 i
1221 813 1387 897 quippiam

281 901 396 985 requei
416 901 553 964 inuenire
574 899 715 976 ualerent,
730 897 902 962 resiliebant
921 920 1028 962 rursm
1049 897 1172 960 urenda
1193 897 1229 960 in
1250 899 1386 960 numium

272 988 474 1069 flammarum
491 984 776 1070 meatinpnibilium.
824 986 956 1068 Omnque
970 984 1026 1047 bae
1040 984 1162 1067 infeliei
1176 983 1385 1046 emmsitmline

283 1071 366 1156 lenpe
389 1071 515 1156 lateque,
535 1080 631 1152 pram
652 1071 785 1154 aspicere
802 1080 952 1154 poteram,
975 1070 1040 1132 sine
1066 1069 1131 1133 ulle
1155 1069 1263 1153 quiuis
1287 1070 1384 1132 inter·
1395 1083 1432 1133 30

282 1158 426 1242 capedine
445 1154 676 1220 innumerabilis
692 1156 859 1240 spirituum
875 1155 1074 1238 ²desarmium
1091 1155 1251 1218 multitude
1265 1163 1385 1238 torque—

282 1253 391 1316 retur,·
417 1243 546 1328 aopitare
567 1243 643 1326 oapi
663 1243 744 1327 qued
765 1242 814 1304 bie
826 1242 961 1325 fortasse
981 1251 1052 1304 esset
1071 1240 1217 1324 infernus,
1240 1239 1277 1302 de
1297 1240 1387 1322 eujus

281 1329 434 1392 temnentis
447 1326 683 1392 intolerabilibus
696 1349 829 1390 narrare
842 1327 955 1411 sapius
968 1326 1088 1390 audiui.
1126 1325 1292 1409 Respenelit
1305 1325 1387 1410 aepi-

280 1414 392 1477 tatiani
415 1435 488 1478 mea
516 1414 623 1477 <lumem
649 1413 704 1498 qui
725 1434 770 1475 me
793 1411 1003 1498 prandebat:
1039 1407 1112 1475 Non
1138 1411 1206 1488 hou,
1233 1411 1385 1496 inquines,

282 1498 470 1584 suspiceris;
493 1520 558 1563 non
573 1498 658 1561 enim
672 1498 723 1562 hie
738 1497 878 1561 infernus
893 1505 942 1562 est
956 1497 1008 1561 ille
1023 1518 1117 1580 quem
1129 1503 1235 1580 putus.

323 1588 371 1649 At
382 1605 450 1648 aum
463 1606 508 1648 me
521 1585 574 1648 boe
588 1584 752 1668 mummulo
769 1593 833 1648 tam
849 1583 996 1647 barrensis
1008 1583 1209 1668 perterritum
1222 1579 1385 1666 paulztim
1395 1597 1429 1646 35

280 1671 317 1735 in
337 1671 484 1734 uterina
583 1679 687 1747 meret,
709 1668 778 1732 eiii
798 1668 894 1733 nebito
914 1669 983 1732 aneti
997 1690 1049 1732 nes
1070 1667 1224 1732 absimari
1250 1667 1386 1750 insipere

281 1757 356 1832 bea,
377 1766 406 1820 et
423 1766 487 1820 tene
530 1754 537 1769 '
570 1756 673 1820 emnia
693 1756 816 1840 repbri.
863 1755 945 1834 Quas
965 1775 1033 1818 aum
1054 1755 1246 1831 intraremus,
1262 1755 1296 1816 in
1314 1762 1384 1816 tam·

280 1852 345 1906 tum
359 1842 521 1928 paulmper
533 1841 718 1905 eandensatee
735 1851 814 1917 unet,
829 1850 863 1904 ut
882 1839 964 1904 nibil
973 1849 1092 1924 prater
1108 1840 1191 1923 ipsas
1204 1839 1384 1923 aspicerem

279 1937 399 2014 sarepta
420 1928 581 1991 ‹lmntauat
597 1927 692 2012 speria
713 1937 740 1990 et
760 1936 835 1990 ueste
855 1925 917 2010 mus
956 1926 991 1990 ui
1008 1947 1054 1989 me
1073 1923 1206 1988 demebat.
1251 1925 1295 1987 m
1313 1945 1385 1986 enan
1451 2001 1456 2010 ‚

273 2014 525 2100 prapreelernnnr
545 2013 608 2076 sela
627 2010 682 2076 sub
702 2024 784 2077 mete
797 2033 858 2097 per
948 2033 1009 2088 ras,
1031 2032 1093 2074 eeee
1115 2007 1210 2074 subito
1229 2019 1384 2094 apparent

280 2110 350 2164 ante
363 2121 415 2162 nes
433 2097 532 2162 crebri
543 2101 744 2180 flammarum
763 2108 911 2161 tetrarum
927 2096 1016 2182 plebi,
1032 2096 1216 2160 aseendentes
1233 2097 1322 2180 quasi
1342 2096 1381 2160 de
1391 2113 1430 2159 40

274 2194 366 2269 puteo
383 2205 500 2268 napae,
516 2205 693 2268 rursumque
710 2184 877 2248 uendentes
898 2183 934 2246 in
955 2183 1099 2246 eumdem.
1146 2182 1209 2260 Qem
1223 2203 1290 2246 enm
1303 2203 1380 2266 per.

279 2271 387 2334 elnetns
410 2291 508 2345 essem,
532 2278 648 2352 repente
672 2269 779 2333 laeter
802 2291 883 2332 meus
907 2269 1073 2354 disparuit,
1096 2289 1134 2331 aa
1155 2289 1202 2332 me
1224 2266 1320 2331 solean
1343 2268 1382 2330 in

280 2356 377 2419 medie
395 2354 581 2418 tembrarum
600 2364 629 2418 et
641 2355 794 2419 ”iamiam
812 2355 936 2418 unionis
955 2355 1111 2438 reliquit-e
1131 2357 1177 2417 At
1198 2374 1266 2415 anm
1285 2353 1381 2416 iidem

277 2440 358 2526 plebi
380 2440 498 2526 ipnium
521 2441 585 2504 siue
606 2441 821 2504 intermissione
843 2441 928 2504 medo
953 2440 1019 2504 alla
1037 2448 1179 2524 peterent,
1204 2439 1289 2502 made
1313 2439 1381 2501 ima

283 2525 422 2591 riarum·
436 2536 609 2612 repeterent,
624 2547 709 2627 aerum
722 2527 825 2590 amnia
836 2548 913 2626 'quae
929 2524 1124 2627 ascendebant
1137 2524 1273 2623 fastipia
1285 2527 1382 2607 flani-

274 2610 1427 2797 summumspslrrr

284 2787 390 2849 traetis
416 2786 533 2870 mnium
561 2782 723 2868 uaporibas
750 2782 951 2847 relaberentur
975 2806 1011 2847 uu
1034 2782 1216 2867 cprofunde.
1270 2781 1333 2845 Sed
1355 2792 1384 2845 et

275 2871 371 2955 sutor
394 2868 641 2955 ineamparabilis
665 2891 733 2932 aum
755 2868 888 2933 deiselmn
911 2867 1075 2954 vaporibus
1102 2865 1251 2944 ebullimus,
1278 2866 1384 2931 omnia

170 2997 174 3002 -
281 2956 340 3019 ille
354 2955 543 3020 tenebrarum
558 2955 622 3019 mea
640 2954 781 3039 replebat.
826 2956 956 3019 Etcum
975 2952 1300 3037 diutiusibipariebm
1313 2974 1382 3016 aen

280 3042 421 3117 sisterem
437 3051 535 3125 utpote
553 3040 682 3104 ineertns
702 3040 781 3125 quid
797 3062 921 3124 eperum,
937 3062 993 3125 quo
1008 3049 1150 3103 verterem
1168 3060 1310 3122 pressum,
1326 3039 1384 3123 qni

281 3140 344 3189 enee
356 3128 434 3208 sena
447 3137 579 3190 emineret
588 3151 598 3188 :
621 3126 715 3189 audio
730 3123 873 3189 fsubitum
886 3136 956 3211 post
974 3136 1060 3211 terpa
1079 3125 1208 3188 sonitum
1223 3124 1382 3187 immanis-
1392 3146 1430 3196 50

280 3212 353 3275 simi
364 3214 457 3294 fletm
477 3234 515 3275 ae
536 3212 709 3288 miserrimi,
723 3212 817 3274 simul
836 3222 862 3275 et
882 3212 1059 3275 eaebirmum
1081 3209 1273 3294 crepitantem
1291 3210 1383 3293 quasi

280 3298 366 3382 enlpi
380 3297 494 3361 iudeati
508 3298 605 3382 captis
623 3296 751 3361 bestibus
764 3297 948 3362 insultantis.
1000 3295 1041 3360 Ut
1055 3306 1155 3361 autem
1170 3295 1288 3358 sonitus
1297 3295 1383 3358 idem

281 3384 396 3447 clarior
415 3383 552 3446 redelitus
571 3382 616 3445 ael
633 3404 679 3445 me
697 3404 788 3467 nsque
801 3383 950 3467 peremit,
966 3382 1116 3445 aensidero
1136 3378 1256 3443 turbam
1269 3380 1382 3464 mulip-

280 3491 388 3532 normu
415 3470 588 3554 spiritualia,
619 3490 688 3551 quoe
718 3469 871 3552 &quinque
899 3468 1019 3531 animas
1048 3466 1200 3529 beminmu
1228 3476 1382 3529 maerentes
1402 3476 1469 3542 170

281 3555 488 3639 ejulantesque,
505 3553 542 3615 hi
562 3576 597 3616 sa
618 3552 745 3616 mubnm
761 3554 897 3617 multans
918 3564 945 3617 et
966 3553 1149 3616 eaabinuans
1170 3552 1286 3615 medias
1307 3551 1382 3615 illas

281 3639 417 3703 trabebat
430 3640 465 3702 in
478 3650 541 3703 tene
575 3659 630 3701 as:
654 3636 791 3722 equibus
809 3639 947 3703 eiclelieet
965 3636 1143 3713 inminibus,
1157 3643 1193 3699 ut
1208 3636 1383 3721 eb'prmsaere

275 3725 374 3811 potui,
389 3726 516 3810 qnidam
529 3733 595 3787 erat
608 3723 800 3787 adtonsus‘ut
819 3725 954 3798 clericus,
970 3725 1096 3809 quidam
1117 3723 1224 3799 laicus,
1238 3726 1381 3807 quadam

271 3812 407 3895 femina.
455 3810 616 3874 Trabentes
636 3808 735 3873 antem
756 3831 801 3873 eos
821 3808 951 3895 malipni
969 3809 1096 3895 spiritus
1117 3808 1328 3872 descenderunt
1344 3808 1380 3871 in

281 3896 427 3961 inedium
448 3895 568 3959 baratri
588 3894 675 3959 illins
695 3895 855 3969 ardentis,-
871 3896 1050 3979 suetamque
1068 3904 1109 3959 est
1128 3904 1162 3957 ut
1181 3916 1249 3957 eum
1262 3894 1406 3978 laeepiuss

279 3980 541 4057 annuntius-ets,
562 3981 672 4063 fletum
695 3980 855 4057 bominum,
879 3991 907 4044 et
932 3982 1027 4045 risum
1052 3980 1269 4043 doemmiamnn
1297 3978 1380 4044 clare

280 4068 447 4131 discernere
459 4066 622 4151 nequirem,
634 4086 738 4129 unum
753 4076 852 4129 tamen
871 4066 970 4130 adbuc
983 4066 1190 4151 pmneiseuum
1204 4066 1239 4128 in
1252 4063 1382 4128 auribus

279 4151 424 4217 iuberem.
469 4154 591 4215 Interea
604 4151 799 4215 asemderum
813 4153 939 4237 quidam
955 4152 1120 4237 spirituum
1141 4148 1330 4215 obscurorum
1343 4150 1382 4213 de

280 4239 383 4322 abysso
397 4238 722 4322 temperantiorem
736 4238 928 4302 adcurrentes
948 4236 1208 4301 airenmeleelernmt
1221 4258 1276 4313 me,
1291 4245 1382 4321 atam

313 4402 326 4431 Ζ
338 4390 487 4453 deesmminm
497 4391 631 4451 spirituum
642 4388 673 4435 V.
796 4401 811 4429 a
822 4390 951 4437 temnendae
962 4390 1026 4437 V.G.
1145 4390 1159 4426 b
1172 4389 1288 4436 barathri
1299 4388 1332 4435 St.
1349 4388 1379 4435 G.

192 4448 196 4453 ⁴
279 4456 354 4503 hicet
365 4455 431 4502 alibi.
508 4453 754 4515 eprafiendumV.G.
839 4451 972 4516 diJ'usdem
982 4454 1013 4501 V.
1097 4453 1218 4500 emiesiv.
1304 4452 1383 4499 fene·

279 4519 390 4569 aava.
489 4529 569 4581 §qna
579 4521 678 4567 animm
688 4518 717 4565 V.
816 4520 900 4581 hipsa
910 4534 967 4565 uere
979 4519 1009 4566 V.
1109 4516 1290 4565 imeaeov..
