3100 5125
271 270 337 342 270
599 265 837 334 HISTORIAE
861 263 1038 332 EOOLES.
1347 265 1394 332 V.
1415 283 1461 332 12.
1529 255 1530 258 ¹

271 425 284 488 i
354 429 405 488 est
418 423 507 486 locus
526 421 559 484 in
577 437 641 504 quo
660 419 882 491 examinandae
903 426 936 484 et
956 418 1151 504 castigandae
1172 425 1248 484 sunt
1262 419 1381 486 animm

271 445 406 584 iidbemm,
433 507 488 607 qui
511 506 693 571 differentes
718 505 864 570 confiteri
891 511 924 570 et
950 505 1119 570 emendare
1142 504 1283 568 qscelera
1306 529 1381 590 quae

272 595 423 671 fecerant,
438 615 472 656 m
486 591 556 692 ipso
570 592 701 658 tandem
720 590 833 654 mortis
853 589 988 656 articulo
1003 591 1046 656 ad
1065 591 1288 676 poenitentiam
1305 613 1381 656 con-

272 679 412 765 fugiunt,
427 685 459 743 et
475 700 520 742 sle
538 678 578 742 de
601 698 734 761 corpore
753 684 890 741 exeunt:
915 674 969 761 qui
990 683 1099 741 tamen
1117 673 1192 761 quia
1207 677 1380 741 confessio-

273 787 347 829 nem
368 772 403 830 et
477 763 646 828 nitentiam
668 763 716 827 vel
740 761 773 824 in
797 769 900 826 morte
925 763 1116 838 habuemmt,
1138 783 1247 826 omnes
1268 762 1303 824 in
1325 763 1381 827 die

271 849 384 936 judieii
398 786 589 934 edoeregnum
602 847 974 932 eaelommrparveniunt.
1006 848 1129 914 Multos
1143 854 1251 912 autem
1287 863 1424 914 rcces50
1531 810 1532 896 i

273 935 447 1000 viventium
474 941 509 999 et
533 935 739 1018 eleemosynae
767 939 802 997 et
828 931 949 1018 jejunia
972 940 1006 998 et
1034 933 1173 997 maxime
1202 871 1380 1000 celebratio

273 1021 452 1097 missarum,
476 1027 514 1085 ut
536 1019 635 1084 etiam
659 1026 736 1084 ante
761 1019 846 1082 diem
866 1018 976 1103 judicii
1001 1017 1185 1096 liberentur,
1208 1019 1378 1104 adjurant.

275 1106 380 1172 Porro
395 1114 510 1192 puteus
524 1105 576 1170 ille
590 1103 819 1170 flammivomus
833 1126 871 1168 ac
885 1104 1016 1188 putidus
1032 1127 1126 1204 quem
1140 1104 1255 1181 vidisti,
1271 1105 1379 1190 ipsum

274 1200 325 1258 est
347 1214 384 1256 os
404 1192 566 1278 gebemrre,
588 1191 703 1274 inquo
724 1190 912 1276 quicumque
932 1190 1028 1254 semel
1047 1189 1195 1254 inciderit
1212 1212 1379 1274 nunquam

274 1276 349 1342 inde
370 1277 558 1342 liberabitur
578 1275 612 1340 in
630 1297 742 1340 aevum.
789 1275 893 1340 Locus
913 1297 987 1339 vero
1006 1275 1084 1341 sistc
1105 1275 1232 1354 florifer,
1255 1275 1288 1340 in
1312 1297 1378 1362 quo

275 1363 518 1463 prdcherrimam
532 1362 614 1426 banc
625 1362 827 1445 juventutem
842 1359 1009 1445 jocundari
1024 1383 1061 1426 ac
1076 1361 1195 1446 fulgere
1210 1363 1376 1446 conspicis,
1388 1377 1419 1426 55

277 1469 347 1535 tpse
360 1457 410 1514 est
424 1449 458 1511 in
472 1469 536 1533 que
549 1446 744 1532 recipiuntur
757 1446 872 1512 animae
888 1469 998 1524 eorum
1012 1447 1066 1531 qui
1086 1447 1120 1510 in
1140 1446 1232 1512 bonis
1247 1449 1379 1532 quidem
1398 1461 1457 1528 197
1533 1523 1534 1528 .

275 1532 425 1635 operibus
439 1535 479 1598 de
493 1554 626 1618 corpore
640 1539 778 1607 exeunt3
804 1553 867 1595 non
882 1539 991 1598 tamen
1006 1539 1081 1596 sunt
1095 1540 1195 1598 tantae
1211 1535 1380 1618 perfectio-
1533 1541 1534 1614 i

275 1643 335 1698 ma,
350 1617 441 1684 utin
462 1641 595 1704 regnum
616 1617 765 1682 caelomm
785 1615 897 1682 statim
918 1626 1101 1683 mereantur
1121 1618 1299 1684 introduci:
1324 1621 1380 1705 qui

276 1713 386 1772 tamen
396 1727 506 1771 omncs
520 1705 553 1768 in
567 1704 620 1768 die
630 1703 741 1789 judicii
755 1704 798 1768 ad
810 1703 960 1768 visionem
972 1703 1092 1769 Christi
1105 1711 1140 1768 et
1153 1705 1272 1790 gaudia
1286 1707 1378 1792 regni

276 1792 412 1858 coelestis
426 1791 603 1856 intrabunt.
648 1785 732 1855 Nam
751 1788 941 1875 quicumque
960 1787 993 1854 in
1013 1790 1099 1854 omni
1112 1792 1209 1855 verbo
1226 1799 1260 1855 et
1280 1814 1378 1877 opere

276 1884 312 1942 et
325 1877 520 1963 cogitatione
540 1874 672 1962 perfecti
690 1880 775 1952 sunt,
798 1897 873 1940 mcx
891 1876 932 1940 de
952 1897 1085 1961 corpore
1105 1876 1223 1962 egressi
1244 1878 1287 1941 ad
1305 1887 1402 1964 reg-5

275 1984 354 2028 num
367 1963 493 2028 caeleste
512 1961 718 2048 perveniunt:
742 1961 786 2025 ad
806 1961 895 2047 cujus
911 1960 1028 2026 tvicina
1047 1961 1187 2046 pertinet
1207 1962 1295 2026 locus
1314 1961 1376 2040 idle,

276 2049 332 2114 nbi
346 2071 459 2114 sonum
473 2047 637 2114 cantilenae
652 2045 753 2110 dulcis
766 2068 840 2111 cum
855 2047 953 2112 odoro
973 2047 1140 2112 suavitatis
1154 2069 1192 2112 ac
1207 2049 1377 2133 splendore

275 2133 356 2200 lucis
380 2132 509 2199 audisti.
564 2132 614 2195 Tu
639 2138 749 2197 autem
773 2132 848 2217 qnia
873 2155 957 2198 nunc
984 2134 1028 2199 ad
1056 2155 1169 2219 corpus
1198 2134 1315 2200 reverti
1342 2143 1378 2200 et

275 2239 402 2284 rursum
422 2218 509 2284 inter
528 2218 671 2282 homines
693 2218 798 2282 vivere
824 2219 929 2296 debes,
953 2217 979 2282 si
1001 2225 1093 2284 aetus
1118 2226 1192 2283 tuos
1221 2221 1376 2286 curiosius
1535 2247 1536 2316 q

276 2303 445 2382 discutere,
460 2311 495 2369 et
515 2325 620 2367 mores
638 2325 861 2388 sermonesque
880 2311 953 2368 tuos
975 2304 1008 2366 in
1030 2305 1221 2370 rectitudine
1242 2329 1280 2370 ac
1302 2307 1378 2371 sim·
1535 2317 1536 2328 ¹

276 2387 420 2474 plicitatc
434 2411 560 2455 servare
574 2388 744 2466 studueris,
755 2389 891 2474 accipies
906 2396 939 2454 et
954 2390 1021 2474 ipsc
1035 2397 1110 2475 post
1124 2399 1259 2456 mortem
1272 2392 1375 2457 locum

275 2475 448 2540 mansionis
462 2475 546 2542 inter
560 2476 629 2540 haec
649 2497 720 2559 quae
740 2475 843 2540 cernis
862 2475 990 2561 agmina
1008 2475 1191 2540 laetabunda
1205 2477 1375 2564 spirituum
1389 2501 1420 2535 ιο

275 2560 453 2628 beatorum.
497 2563 643 2647 Namque
662 2583 722 2647 ego
742 2584 816 2626 eum
835 2560 877 2627 ad
897 2568 1024 2647 tempus
1038 2563 1258 2629 abscessissem
1273 2579 1315 2630 ua
1329 2573 1373 2642 tc,

274 2651 320 2715 ad
343 2650 404 2714 boc
427 2649 486 2713 feci
508 2655 545 2714 ut
567 2648 644 2732 quid
667 2646 707 2711 de
733 2653 767 2711 te
789 2647 858 2710 fieri
883 2646 1014 2713 deberet
1038 2670 1251 2734 agnoscerem.
1295 2652 1377 2715 Hoec

275 2735 352 2799 midi
376 2758 444 2799 carc
468 2734 602 2810 disisam
626 2732 755 2797 mabam
780 2733 939 2798 detestatus
959 2756 1026 2798 sum
1054 2735 1164 2799 receati
1188 2736 1234 2801 cd
1259 2758 1374 2821 corpses,

275 2822 435 2885 mmsis
448 2821 598 2885 cimicum
609 2818 759 2883 amatote
772 2842 811 2883 cc
824 2818 926 2885 dacore
941 2820 997 2883 loct
1017 2820 1102 2885 illics
1121 2842 1206 2907 qaccm
1225 2822 1373 2900 imccdcr,

273 2906 367 2971 dcccl
390 2916 417 2971 ct
442 2906 585 2971 eoascnic
609 2926 711 2969 wacca
732 2926 804 2989 qccs
825 2906 859 2969 ic
882 2904 961 2969 xilla
983 2905 1129 2971 videbam.
1184 2910 1251 2972 Nec
1275 2918 1375 2975 tumea

153 2994 157 2999 ’
274 2990 399 3075 cbiqcid
417 2992 568 3056 morem
587 3012 684 3077 memo
703 3012 809 3075 repere
828 2990 994 3055 cumdem:
1023 2992 1077 3055 ssd
1096 2992 1174 3057 ictor
1193 2994 1258 3059 brec
1279 2995 1375 3061 aare
1388 3015 1419 3065 ¹5

274 3098 332 3161 quo
345 3077 452 3141 ordios
466 3086 583 3161 repento
596 3098 642 3139 mo
655 3078 737 3140 ictor
748 3075 878 3139 micea
892 3077 990 3140 circe
1002 3099 1097 3141 ccum

319 3158 402 3225 Haec
425 3168 458 3225 et
479 3161 543 3241 alia
564 3184 634 3248 quae
658 3161 783 3226 viderat
804 3161 888 3226 idem
909 3161 958 3225 vir
979 3161 1119 3240 Domini,
1141 3186 1205 3227 non
1228 3165 1376 3231 omnibus

275 3246 393 3347 passim
408 3246 574 3312 desidiosis
593 3247 719 3312 accitae
740 3268 806 3311 suae
825 3246 989 3311 incuriosis
1009 3249 1127 3313 referre
1148 3249 1293 3325 volebat;
1318 3252 1376 3315 sed
1506 3260 1512 3267 '

274 3332 335 3397 dlis
350 3333 556 3411 solummodo,
572 3332 626 3420 qui
641 3333 689 3397 vel
703 3339 937 3397 tormentorum
954 3340 1043 3398 metu
1062 3335 1234 3419 perteniti,
1250 3337 1298 3400 vel
1319 3359 1377 3422 spe

275 3419 464 3504 gaudiorum
488 3418 673 3504 perennium
699 3418 858 3496 delectati,
881 3419 1060 3504 profectum
1085 3420 1216 3505 pietatis
1241 3444 1282 3485 ex
1307 3424 1377 3507 ejus

276 3503 381 3569 verbis
395 3505 523 3569 haurire
537 3506 694 3569 volebant.
739 3504 887 3589 Denique
901 3505 934 3569 in
949 3504 1063 3571 vicinia
1078 3507 1163 3571 cellae
1185 3507 1267 3571 illins
1287 3509 1376 3573 habi-

115 3598 234 3662 Haemgua
277 3588 372 3656 tabat
408 3588 536 3675 quidam
571 3591 754 3666 monachus,
784 3590 911 3655 nomine
941 3590 1105 3677 Haemgils,
1136 3595 1376 3678 presbyteratus
1388 3622 1423 3658 ιο

114 3666 256 3714 ¹”⁰”⁸⁰¹¹'¹⁸·
276 3675 383 3752 etiam,
409 3698 503 3761 quem
524 3674 616 3741 bonis
637 3674 784 3739 tactibus
806 3677 1007 3760 adaequabat,
1029 3679 1132 3763 gradu
1157 3680 1376 3763 praeeminens,

177 3780 184 3793 ·
277 3761 331 3848 qui
348 3762 452 3826 adhuc
470 3768 623 3847 superest,
639 3767 673 3825 et
694 3761 727 3823 in
748 3760 907 3827 Hibernia
928 3762 1031 3827 insula
1051 3764 1210 3829 solitarius
1232 3766 1377 3830 ultimam

276 3848 353 3915 vitre
380 3854 512 3912 aetatem
537 3869 620 3933 pane
645 3846 764 3911 cibario
788 3853 822 3911 et
847 3847 962 3933 frigida
987 3872 1071 3933 aqua
1097 3856 1267 3915 sustentat.
1313 3851 1377 3915 Hic

309 4010 427 4056 terebra
437 4022 485 4056 suc
495 4023 550 4070 qcoe
561 4006 592 4054 V.
704 4014 716 4043 r
721 4010 869 4070 pervenient
880 4008 911 4055 V.
1007 4016 1019 4046 ⁸
1030 4011 1072 4058 cte
1083 4010 1113 4058 V.
1221 4010 1231 4047 t
1243 4014 1335 4059 mania
1346 4012 1376 4061 V.

276 4088 396 4186 ἵιπωῧαᾶκ
407 4072 437 4120 G.
526 4081 544 4111 α
554 4072 598 4119 atr
609 4078 634 4119 te
643 4072 674 4122 V.
773 4080 790 4112 ¹
801 4075 842 4121 illc
854 4088 904 4121 esee
910 4072 943 4122 V.
1042 4084 1058 4124 r
1069 4076 1137 4123 caua
1148 4077 1261 4139 operitur
1270 4078 1379 4124 admeto.

309 4287 350 4337 5¹·
362 4274 491 4322 celebratio
501 4274 645 4337 missarum]
667 4275 794 4336 Quantum
805 4276 878 4325 fuerit
888 4292 972 4326 esrum
985 4276 1090 4339 pretium
1104 4277 1157 4340 jam
1167 4284 1240 4326 antea
1251 4285 1378 4326 narratum

276 4346 530 4465 “banbinddvitiiiafl
549 4403 611 4465 Qun
621 4402 669 4453 fnit
682 4404 709 4451 in
725 4411 818 4453 secreto
833 4405 888 4455 icco
904 4420 978 4468 prope
993 4406 1170 4456 monasterium
1188 4407 1308 4457 Mcilrcs:
1329 4408 1377 4456 vid.

277 4481 361 4530 snpra,
372 4466 428 4515 init.
440 4482 494 4529 cap.
