3100 5125
276 286 340 349 150
599 281 831 350 merome
853 280 1030 349 nocam.
1324 275 1396 340 111.
1410 297 1465 363 19.

275 435 518 512 avcriticrased
614 444 658 499 ter
676 433 859 500 mleaadam
876 433 941 516 q‘ss
955 433 1094 498 crimme
1113 431 1260 516 mcepd:
1281 450 1380 494 cessa·

276 523 375 606 aitque
389 522 477 606 ipaia
552 527 568 584 t
585 541 752 584 conversus
768 520 812 583 ad
831 541 904 582 eum
921 518 1071 603 angelus:
1097 518 1185 596 Quod
1199 515 1377 593 tacendam,

276 607 389 690 inquit,
414 606 467 672 loc
490 606 569 670 arsit
592 606 627 668 ic
652 615 687 668 ta
731 606 769 668 st
794 606 875 669 caim
899 604 987 688 bayas
1012 604 1076 666 ciri
1098 604 1134 666 ic
1153 603 1286 686 peccatis
1309 602 1379 664 ecia

276 693 387 756 matut
394 692 560 776 peccatam
573 712 632 753 aon
646 692 813 775 cremesa,
827 712 880 754 aec
886 711 981 774 peno
994 689 1057 772 eriis
1070 689 1105 751 ia
1117 697 1145 750 te
1157 687 1286 751 arderet.
1328 686 1379 750 Et
1386 709 1420 754 40

277 779 369 862 plura
383 777 515 852 locutus,
526 776 602 860 quid
616 797 692 861 erga
707 777 842 840 salutem
856 797 966 839 eorum
980 773 1054 856 cqui
1068 774 1112 838 ad
1125 780 1262 836 mortem
1272 773 1378 857 poeni-

276 869 393 940 terent,
409 868 493 926 esset
514 862 681 947 agendum,
698 861 816 924 salubri
830 881 975 924 sermone
988 859 1108 923 docuit.
1154 858 1217 938 Qui
1233 865 1379 942 postmo-

277 950 354 1012 dum
378 948 411 1010 in
437 968 567 1032 corpore
591 947 769 1022 restitutus,
792 945 877 1009 omni
899 945 974 1010 vitae
996 966 1061 1009 suae
1081 951 1226 1028 tempore
1247 943 1378 1029 signum

277 1033 414 1097 incendii
439 1033 524 1118 quod
548 1033 581 1095 in
604 1032 711 1096 anima
733 1032 875 1117 pertulit,
898 1030 1020 1094 visibile
1041 1029 1165 1094 cunctis
1186 1029 1220 1092 in
1241 1029 1377 1093 humero

277 1119 467 1204 maxillaque
490 1118 651 1203 portavit:
687 1117 863 1202 mirumque
886 1116 920 1178 in
945 1116 1075 1179 modum
1098 1115 1183 1200 quod
1207 1113 1316 1180 anima
1341 1115 1378 1178 in

278 1205 402 1269 occulto
430 1225 524 1288 passa
554 1204 604 1280 sit,
635 1226 710 1268 caro
739 1201 866 1288 dpalam
894 1203 1172 1288 praemonstrabat.
1231 1200 1379 1265 curabat

278 1297 386 1354 autem
401 1311 533 1373 semper,
549 1288 631 1353 sicut
649 1295 683 1352 et
700 1295 797 1353 antea
810 1288 914 1352 facere
933 1294 1110 1364 consuerat,
1127 1286 1273 1350 omnibus
1294 1309 1378 1371 opus
1387 1308 1420 1356 45

279 1376 434 1440 virtutum
448 1383 481 1438 et
496 1373 646 1458 exemplis
660 1374 828 1437 ostendere
842 1381 876 1438 et
890 1372 1063 1458 praedioare
1077 1371 1284 1436 sermonibus.
1315 1372 1379 1435 Or-

280 1461 386 1524 dinem
407 1466 515 1524 autem
535 1459 689 1525 visionum
711 1481 849 1536 suarum,
869 1459 931 1522 illis
952 1459 1148 1522 solummodo
1168 1457 1223 1541 qui
1244 1465 1381 1542 propter

281 1545 470 1610 desiderium
498 1545 748 1630 compunctionis
777 1545 1027 1629 interrogabant,
1052 1565 1210 1627 exponere
1239 1542 1379 1607 volebat.

282 1633 433 1716 Superest
456 1631 560 1695 adhuc
583 1632 684 1695 frater
706 1630 835 1714 quidam
856 1630 961 1695 senior
985 1628 1170 1693 monasterii
1196 1628 1299 1692 nostri
1323 1628 1381 1712 qui

281 1740 412 1782 narrare
431 1717 521 1794 solet,
538 1717 654 1780 dixisse
673 1716 733 1780 sibi
753 1716 911 1800 quendam
929 1716 1065 1780 multum
1084 1735 1229 1778 veracem
1248 1737 1288 1778 ac
1307 1715 1381 1777 reli-

280 1803 403 1888 giosum
421 1803 589 1878 hominem,
606 1803 691 1886 quod
713 1801 835 1885 ‘ipsum
852 1801 1010 1864 Furseum
1024 1799 1138 1865 viderit
1160 1799 1192 1862 in
1214 1798 1382 1883 provincia

282 1887 492 1952 Orientalium
515 1887 701 1972 Anglorum,
720 1886 852 1970 illasque
870 1886 1005 1950 visiones
1027 1909 1066 1952 ex
1088 1885 1188 1970 ipsius
1208 1907 1264 1948 ore
1289 1885 1427 1955 audi-50

281 1973 360 2037 erit:
385 1972 535 2056 adjiciens
551 1973 625 2055 quia
639 1979 764 2057 tempus
778 1973 890 2035 hiemis
904 1972 1000 2036 fuerit
1014 1971 1212 2048 acerrimum,
1227 1977 1262 2034 et
1274 1970 1382 2056 glacie
1400 1991 1464 2052 124

282 2057 500 2134 constrictum,
513 2079 584 2119 cum
599 2057 710 2120 sedens
724 2058 758 2120 in
769 2057 858 2123 tenui
869 2064 956 2121 veste
969 2057 1044 2134 svir,
1055 2057 1103 2120 ita
1114 2056 1199 2120 inter
1209 2055 1382 2120 dicendum

282 2150 414 2241 propter
431 2142 689 2206 hmultitudinem
708 2143 876 2207 memorati
890 2143 1016 2207 timoris
1031 2143 1078 2208 vel
1093 2141 1272 2220 suavitatis,
1287 2142 1382 2227 quasi

282 2250 315 2290 1n
330 2227 434 2292 media
448 2227 572 2292 aestatis
582 2235 732 2294 ‘caumate
748 2229 918 2293 sudaverit.

121 2333 274 2384 necessasia
327 2312 406 2377 (lum
417 2335 502 2398 ergo,
515 2319 553 2376 ut
566 2314 608 2377 ad
623 2315 785 2398 superiora
799 2316 974 2390 redeamus,
990 2313 1099 2378 multis
1112 2311 1205 2376 annis
1220 2313 1254 2376 in
1270 2313 1382 2378 Scotia

122 2401 244 2462 ungriam.
282 2399 412 2463 verbum
427 2399 488 2461 Dei
503 2399 648 2462 omnibus
662 2400 866 2473 adnuncians,
882 2400 1039 2463 tumultus
1058 2399 1252 2462 inruentium
1268 2401 1408 2468 turba-5

283 2506 354 2547 rum
368 2507 432 2546 non
446 2484 538 2548 facile
552 2484 659 2560 ferret,
676 2485 794 2549 relictis
816 2486 961 2549 omnibus
976 2507 1047 2569 quae
1066 2484 1186 2548 habere
1199 2484 1380 2563 videbatur,

283 2571 325 2635 ab
341 2570 411 2655 ipsa
423 2593 547 2655 quoque
558 2571 660 2634 insula
673 2571 780 2655 patria
791 2571 952 2635 discessit:
970 2582 1004 2634 et
1018 2571 1129 2655 paucis
1143 2571 1383 2635 cumfratribus

285 2678 341 2741 per
359 2656 522 2721 Brittones
542 2656 575 2719 in
592 2656 788 2741 provinciam
802 2657 979 2742 Anglorum
995 2656 1130 2732 devenit,
1146 2656 1253 2740 ibique
1268 2656 1384 2742 praedi-

285 2762 360 2805 cans
386 2741 540 2818 iverbum,
566 2748 603 2805 ut
633 2741 779 2820 diximus,
803 2741 1031 2805 monasterium
1059 2741 1164 2805 nobile
1192 2742 1384 2806 construxit.

285 2826 406 2905 Quibus
428 2826 490 2890 rite
512 2827 621 2911 gestis,
645 2827 775 2911 cupiens
798 2849 832 2891 se
857 2829 899 2891 ab
921 2826 1068 2891 omnibus
1090 2827 1198 2890 saeonli
1221 2828 1326 2912 hujus,
1350 2834 1385 2891 et

206 2954 221 2981 ,-
283 2910 381 2995 ipsius
405 2933 529 2995 qnoque
552 2912 736 2976 monasterii
761 2912 897 2997 negotiis
921 2912 1069 2989 alienare,
1095 2912 1223 2995 reliquit
1253 2912 1384 2976 kmona-

284 2995 382 3071 sterii,
399 3004 432 3059 et
453 2996 630 3060 animarum
652 3020 761 3061 curam
778 2998 871 3062 fratri
892 3019 950 3060 sno
971 2997 1115 3073 Fullano,
1132 3005 1166 3061 et
1181 2997 1385 3082 Presbyteris
1396 3024 1429 3058 ιο

283 3078 453 3144 lblobbano
475 3088 508 3144 et
531 3082 666 3157 Dicullo‚
682 3090 716 3146 et
737 3083 805 3167 ipse
826 3084 868 3147 ab
884 3081 1031 3146 omnibus
1050 3082 1159 3145 mundi
1178 3084 1274 3147 rebus
1291 3084 1382 3159 liber,

283 3164 316 3227 in
327 3165 560 3230 manchoretica
572 3168 809 3232 conversatione
820 3168 918 3232 vitam
932 3167 1024 3232 finire
1038 3168 1205 3253 disposuit,
1255 3168 1385 3233 Habuit

317 3353 330 3381 0
342 3344 384 3403 qui
391 3346 540 3404 poeniterent
551 3346 580 3392 V.
723 3347 738 3385 a
745 3348 833 3407 palam
845 3346 956 3393 omnibus
964 3362 1082 3405 proe—
1093 3345 1122 3392 V.
1265 3354 1279 3383 θ
1290 3347 1343 3405 ipse
1352 3347 1384 3392 G.

285 3417 300 3455 Β
312 3408 407 3454 viriste
418 3408 478 3455 V.G.
490 3424 512 3455 o.
525 3412 581 3456 Dei,
595 3410 625 3456 al.
725 3408 737 3441 ¹²
749 3412 948 3469 magnitudinem
961 3410 1024 3457 V.G.
1122 3408 1244 3455 lumbum
1259 3409 1309 3455 Dei
1320 3409 1400 3477 V.G.'

284 3471 486 3582 kmonusterxqam
498 3472 528 3519 V.
622 3472 770 3531 'Galliena
788 3474 908 3532 Galbano,
924 3474 1033 3521 Golbuno
1044 3474 1074 3523 V.
1168 3476 1385 3521 monumentum

284 3550 414 3583 conversus
448 3568 455 3582 .

316 3704 339 3746 4.
353 3687 553 3735 Scotto-insuta
559 3688 658 3749 patria]
673 3690 712 3735 Sc.
723 3688 860 3735 Hibernia:
878 3703 943 3749 supr.
957 3689 1011 3737 init.
1025 3704 1077 3750 cap.

320 3766 357 3800 ιο.
369 3752 486 3813 Fbllcno]
502 3754 550 3799 Hie
565 3758 660 3799 mortuo
676 3752 767 3800 Furseo
780 3753 805 3798 in
818 3753 977 3799 Brabantiam
989 3768 1045 3803 cum
1057 3754 1132 3800 fratre
1144 3752 1238 3799 Ultano
1251 3753 1386 3813 profectus,

285 3815 401 3864 Fossense
413 3816 586 3864 monasterium
597 3816 716 3873 condidit,
728 3816 828 3877 ejusque
839 3831 896 3863 eura
906 3818 999 3864 'Ultano
1008 3818 1126 3865 relictain
1138 3816 1276 3864 Nirislensi
1286 3817 1387 3864 Parthe-

284 3894 358 3935 none,
369 3896 389 3928 s.
402 3882 530 3929 Gertrudis
541 3881 644 3941 virginis
654 3881 836 3928 contubernalis
846 3881 988 3941 aliquandiu
999 3881 1063 3929 vixit
1093 3881 1200 3929 Densum
1210 3881 1344 3941 aliquando
1354 3880 1387 3927 ad

283 3944 401 3993 Fossenss
416 3959 482 3992 mon.
499 3946 593 3993 Rhodio
609 3945 792 3993 Cameracensis
808 3945 911 3993 diocesis
927 3946 1016 4006 oppido
1032 3946 1180 4007 proximum,
1193 3946 1278 3993 fratris
1288 3944 1387 3993 visendi

283 4009 364 4069 gratia
375 4010 483 4069 tendens,
496 4010 521 4056 in
535 4010 603 4071 sylva
615 4024 656 4057 seu
670 4009 728 4056 villa
740 4011 841 4058 Sonesia
853 4026 867 4057 a
879 4010 973 4057 nefario
983 4011 1090 4070 homine,
1101 4025 1156 4057 cum
1169 4010 1248 4057 tribus
1259 4010 1334 4057 sociis
1346 4010 1386 4057 in-

284 4078 417 4135 teremptus
436 4080 474 4121 est
490 4088 525 4134 pr.
537 4074 571 4121 kl.
590 4073 656 4120 Nov.
673 4073 739 4121 eirca
755 4090 777 4121 a.
795 4072 852 4136 656,
869 4074 986 4135 sepelitur
1001 4075 1026 4121 in
1045 4074 1157 4122 Fossensi
1176 4074 1335 4121 monasterio.
1357 4074 1384 4122 S.

285 4136 344 4183 Hac
355 4146 436 4185 sante
449 4138 543 4184 Mabill.
554 4138 602 4184 xiv.
613 4152 636 4184 a.
648 4153 671 4198 p.
680 4151 737 4195 411.
745 4140 787 4191 ιθ.
800 4154 822 4199 p.
834 4153 892 4197 420,
904 4140 963 4185 &cz
976 4138 1015 4185 nbi
1030 4138 1148 4186 Fanum
1158 4138 1305 4199 appellatur,
1318 4139 1385 4187 sicut

284 4200 358 4247 etiam
371 4202 483 4249 aMatth.
499 4202 601 4249 Westm.
1163 4249 1165 4252 .

319 4278 356 4312 η.
373 4264 504 4326 Ultanum]
522 4266 566 4313 lile
578 4273 632 4325 post
643 4280 721 4313 annos
735 4265 827 4327 aliquot
839 4268 987 4313 monasterio
997 4267 1109 4314 Perronre
1123 4267 1165 4314 ubi
1180 4266 1256 4315 frater
1272 4282 1333 4315 suus
1346 4281 1386 4315 se·

283 4328 366 4387 pultus
374 4328 480 4389 jacebat,
494 4328 568 4376 abbas
581 4330 708 4388 praefectus'
718 4336 760 4377 est.
797 4331 866 4377 Obiit
877 4332 941 4378 circa
952 4346 973 4378 a.
983 4328 1038 4380 680.
1074 4331 1170 4379 Colitur
1180 4330 1206 4377 in
1221 4331 1384 4393 Martyrolog.

282 4392 382 4451 Bened.‚
394 4392 505 4454 aliisque,
517 4392 551 4438 kl.
565 4393 633 4439 Maii.
656 4392 850 4453 Distinguendns
861 4394 891 4441 ab
905 4394 997 4445 Ultano
1009 4395 1129 4460 mopsebo
1140 4395 1246 4443 Lindiss.
1255 4396 1339 4457 quivi.
1351 4396 1387 4444 id.

282 4456 349 4518 Aug.
361 4464 517 4504 memoratur.
533 4456 556 4503 S.
593 4456 686 4503 Malrill.
699 4457 757 4503 ibid.
