3100 5125
272 334 338 401 326
596 332 816 399 HISTORIA
840 332 1070 399 ABBATUM

273 508 349 551 mox
363 493 475 551 sanem
489 484 676 549 ‘inaseitura
693 490 825 549 oeternae
843 484 1015 563 lelioitatis‚
1036 486 1220 552 serenitatis
1238 495 1273 553 et
1291 488 1382 553 lueis.

275 572 499 637 Convenerunt
520 571 638 633 fratres
660 569 705 633 ed
727 568 900 646 eoolesiam,
927 571 1088 637 insomnes
1116 573 1316 637 orationibus
1348 581 1383 638 et

274 656 404 741 psalmis
432 655 615 739 transigimt
642 655 772 719 umbras
798 655 920 719 noetis:
956 663 990 719 et
1018 664 1160 741 patemae
1191 658 1383 722 decessionis
1394 687 1424 722 ιο

276 742 400 826 pondus
420 740 576 803 eontinua
600 739 715 803 divinae
736 738 840 805 laudis
865 740 1083 806 modulatione
1106 744 1257 807 solantur.
1311 743 1382 809 Alii

277 826 456 891 eubioulnm
479 825 514 887 in
536 846 600 908 quo
620 846 715 909 aeger,
730 824 838 888 animo
859 826 1011 890 robustus
1030 850 1192 913 egressum
1211 828 1326 893 mortis
1346 836 1382 893 et

276 912 350 975 vitae
373 911 565 995 expeetabat
586 909 771 994 ingressum,
788 931 852 973 non
872 910 1033 977 deserimt.
1079 913 1289 997 Evangelium
1307 920 1382 979 tole

276 1003 371 1061 noete
385 1016 445 1079 pro
459 994 577 1059 doloris
591 994 754 1071 levamine,
771 995 857 1078 quod
871 1002 905 1059 et
918 996 988 1059 aliis
1002 998 1150 1061 nootibus
1164 998 1233 1063 fieri
1247 1019 1380 1062 eonsue-

277 1087 376 1156 verat,
399 1104 421 1145 a
441 1082 629 1164 presbytero
649 1079 785 1163 legitur3
818 1080 974 1144 Dominioi
997 1083 1139 1167 eorporis
1161 1090 1195 1146 et
1217 1084 1381 1169 sanguinis

277 1173 511 1231 ssoramentum
532 1166 614 1229 hora
633 1164 739 1228 exitus
760 1165 903 1231 instante
924 1189 982 1251 pro
997 1167 1114 1231 viatico
1136 1170 1251 1243 detur3
1277 1176 1310 1232 et
1333 1170 1380 1233 sio

276 1251 384 1315 anima
405 1250 459 1315 illa
480 1257 594 1315 saneta
614 1249 717 1334 longis
741 1250 937 1335 flagellorum
962 1252 1101 1317 felicium
1124 1261 1256 1317 exeoota
1281 1260 1420 1337 atquae
1532 1260 1533 1277 .

276 1336 461 1401 examinate
474 1335 610 1399 flammis
623 1336 743 1399 luteam
756 1335 861 1399 earnis
872 1336 1033 1399 fornaoem
1045 1338 1172 1415 deserit,
1185 1345 1219 1402 st
1234 1360 1380 1423 supemae

276 1420 486 1521 beatitudinis
499 1420 600 1484 libera
612 1420 756 1519 perpolat
769 1421 812 1485 nd
820 1421 974 1520 .g¹⁰¹l¹l'¹l¹·.
1013 1422 1111 1522 Oujup
1124 1424 1263 1509 egrefflui
1279 1424 1378 1488 vieto-

277 1526 458 1654 tttttt
481 1506 1040 1676 ttffistmdd'sstttltt
1057 1509 1268 1677 “dulit
1282 1531 1380 1657 ”tlt

278 1678 384 1750 batur,
399 1674 617 1739 testimonium
631 1638 698 1738 dal.
742 1675 888 1761 Namque
902 1676 1018 1741 fratres
1039 1679 1082 1741 ad
1104 1678 1269 1743 ecelesiam
1291 1678 1378 1763 prin·

279 1759 362 1843 oipio
383 1760 486 1823 noetis
508 1767 740 1836 eoneurrentes,
758 1761 945 1844 psalterium
965 1784 1006 1825 ex
1028 1762 1138 1826 ordine
1160 1764 1379 1841 decantantes,
1390 1788 1424 1823 ιο
1532 1736 1533 1741 ἵ

279 1844 322 1909 ed
349 1844 578 1930 octogesimum
605 1852 683 1908 tuno
712 1851 747 1908 et
775 1846 949 1909 seeundum
978 1848 1138 1911 cantando
1167 1855 1381 1933 pervenerant

278 1929 443 2014 psalmum,
471 1929 525 2012 qui
550 1930 650 1993 habet
672 1930 706 1992 in
731 1930 856 2013 eapite:
887 1933 973 1995 Delu
993 1933 1061 2015 qois
1081 1932 1193 1996 emtus
1214 1934 1274 1996 erit
1295 1934 1381 1997 titt?

279 2015 377 2097 (lujus
391 2021 481 2078 totus
500 2015 560 2077 hoo
581 2021 712 2078 resonet
733 2021 854 2093 textus,
869 2015 954 2099 quod
972 2016 1089 2079 inimiei
1106 2018 1242 2079 nominis
1259 2017 1382 2081 christi

279 2099 343 2197 sive
355 2100 498 2163 oamales
509 2100 574 2162 sive
589 2099 780 2183 spin'tunles,
789 2121 916 2197 semper
930 2100 1104 2201 Eeolesiem
1115 2102 1244 2178 Christi,
1256 2124 1382 2186 semper

278 2206 596 2351 limilolllmlll
614 2184 743 2332 llll
758 2185 1007 2347 tttzltttt
1027 2187 1380 2355 ltt‘tttttltlt

277 2353 391 2429 eulum,
408 2360 579 2416 enervante
598 2353 668 2417 illos
683 2353 830 2431 Domino,
849 2354 899 2417 eui
919 2377 983 2419 non
1003 2362 1053 2418 est
1072 2356 1239 2440 quisquam
1262 2356 1380 2435 similis,
1391 2372 1422 2423 ²5

278 2437 332 2521 qui
353 2444 405 2501 est
431 2437 516 2501 solus
539 2438 711 2501 altissimus
734 2460 830 2522 super
853 2461 978 2503 omnem
1001 2446 1130 2504 terram.
1176 2442 1272 2505 Unde
1291 2448 1381 2505 reete

278 2522 417 2588 dabatur
435 2522 568 2608 intelligi
588 2523 715 2588 eoelitus
735 2524 962 2608 dispensatum,
979 2531 1016 2592 ut
1036 2526 1109 2590 talis
1124 2526 1283 2590 diceretur
1297 2526 1380 2610 psel-

277 2629 348 2672 mus
363 2631 401 2672 ea
415 2609 573 2692 horaque
587 2610 689 2672 exiret
703 2610 744 2672 de
758 2631 890 2692 eorpore
904 2610 1019 2686 anima,
1035 2611 1085 2674 oui
1096 2611 1227 2694 juvante
1241 2613 1381 2675 Domino

114 2705 209 2752 rann.
224 2718 260 2751 ια.
278 2694 382 2756 nullus
410 2695 582 2778 praevalere
610 2701 719 2777 posset
748 2694 901 2759 inimicus.
958 2696 1179 2760 Sextodeoimo
1210 2703 1382 2780 postquam

117 2771 147 2816 A.
156 2770 190 2817 Ι).
197 2767 254 2832 690.

116 2833 179 2881 obiit
191 2834 236 2881 Be-

117 2898 234 2945 nedictus.

117 3627 233 3692 Ceolfrid'

116 3709 199 3756 abbas.

279 2779 507 2842 monesterium
535 2778 681 2842 fundavit
709 2801 803 2855 anno,
835 2780 954 2865 quievit
982 2779 1015 2844 in
1045 2781 1183 2844 Domino
1208 2783 1380 2860 confessor,

279 2863 380 2946 pridie
401 2864 512 2926 iduum
536 2864 793 2940 rJanmriarum,
817 2866 959 2950 sepultus
984 2865 1017 2926 in
1041 2865 1171 2930 eoelesie
1194 2866 1281 2930 beati
1302 2889 1380 2952 apo·

278 2947 353 3010 stoli
369 2948 479 3026 Pet1i3
503 2956 541 3013 ut
556 2971 649 3033 quem
671 2949 789 3034 degens
806 2950 839 3012 in
859 2971 953 3014 earne
974 2971 1097 3036 semper
1117 2951 1239 3016 solebat
1259 2973 1378 3030 amere,
1388 2977 1423 3023 30

279 3053 342 3114 quo
361 3034 522 3116 pandente
537 3034 670 3116 jannem
687 3034 778 3117 regni
797 3035 935 3099 eoelestis
955 3035 1108 3111 intrabat,
1130 3038 1171 3100 ab
1191 3037 1285 3120 hujus
1307 3037 1379 3100 reli-

301 3115 360 3178 uiis
376 3124 410 3180 et
423 3119 518 3180 altari
533 3125 758 3201 postmortem
771 3141 831 3182 nee
851 3142 984 3204 eorpore
1003 3121 1126 3206 longius
1141 3123 1276 3186 abesset.
1323 3122 1379 3186 Se-

278 3139 381 3262 decim
400 3208 438 3264 ut
459 3202 596 3264 diximus
615 3226 715 3267 annos
735 3205 963 3268 monesterium
982 3205 1074 3284 rexit,
1091 3207 1210 3290 primos
1227 3213 1300 3270 outo
1320 3229 1380 3305 per

279 3305 313 3346 se
337 3285 405 3348 sine
428 3286 558 3350 alterius
581 3288 796 3373 assumptione
816 3290 962 3363 abbatim
987 3291 1124 3374 reliquos
1144 3292 1279 3355 totidem
1301 3292 1379 3354 viris

280 3370 510 3434 venerabilibus
524 3381 558 3436 et
575 3373 694 3437 sanetis
712 3373 913 3452 Easteruino,
931 3375 1068 3459 Sigln'do
1085 3383 1120 3440 et
1142 3377 1300 3440 Geolfrido
1322 3378 1379 3440 el»

279 3455 365 3519 batis
393 3478 427 3518 se
455 3457 590 3534 nomine,
614 3457 818 3535 auctoritate,
843 3466 877 3522 et
907 3460 1009 3523 officio
1035 3461 1240 3542 juvantibus3
1274 3461 1378 3545 primo
1386 3483 1420 3532 ³5

280 3547 418 3623 quatuor
430 3563 540 3619 annos,
555 3543 693 3605 seeundo
708 3549 786 3618 tres,
801 3543 899 3608 tertio
913 3567 1019 3606 unum.

328 3644 374 3688 ιι.
385 3625 446 3704 Qui
457 3632 491 3688 et
502 3627 569 3710 ipse
577 3627 704 3703 tertius,
718 3627 752 3688 id
763 3635 821 3704 est,
833 3628 1008 3692 Oeolfiidus
1018 3629 1193 3694 industrius
1204 3653 1262 3714 per
1272 3631 1379 3696 omnia

280 3709 336 3786 vir,
356 3717 471 3773 acutus
489 3711 625 3796 ingenio,
648 3718 723 3775 actu
745 3712 891 3798 impiger,
914 3714 1195 3792 maturusanimO,
1218 3715 1378 3800 religionis

280 3795 346 3856 uelo
359 3795 491 3870 fervens,
506 3796 603 3878 prius,
620 3796 702 3859 sieut
720 3803 755 3860 et
774 3819 872 3882 supra
885 3798 1093 3876 meminimus,
1105 3801 1238 3882 jubente
1256 3801 1378 3885 pariter

116 3896 187 3944 nl).
197 3895 253 3946 682.
279 3885 313 3942 et
324 3879 456 3962 juvante
471 3880 654 3956 Benedieto‚
664 3883 893 3945 monesterium
903 3883 991 3948 beeti
1004 3883 1096 3948 Pauli
1107 3887 1243 3969 apostoli
1254 3891 1377 3970 septem

278 3963 378 4038 annis,
395 3963 547 4039 fundavit,
563 3965 704 4048 perfecit,
720 3967 822 4042 rexit;
846 3990 883 4031 ee
899 3969 1012 4032 deinde
1027 3969 1153 4054 utrique
1171 3969 1375 4044 monasterio,

278 4048 326 4109 vel
347 4047 430 4112 siout
450 4048 568 4112 reotius
588 4050 690 4113 dioere
710 4073 886 4134 possumus,
902 4054 935 4116 in
952 4055 1076 4124 duobus
1097 4054 1173 4118 loeis
1196 4055 1299 4139 posito
1321 4055 1420 4117 uni⁴0

115 4145 147 4191 A.
156 4145 187 4191 D.
201 4141 256 4192 688.
278 4135 471 4196 monasterio
490 4135 658 4197 beatorum
679 4137 896 4219 apostolorum
917 4139 1007 4202 Petri
1031 4146 1064 4202 et
1089 4139 1190 4216 Pauli,
1214 4139 1323 4224 viginti
1341 4146 1375 4202 et

473 4286 487 4323 (1
499 4277 611 4323 nuscitur
621 4276 651 4323 V.
993 4280 1139 4328 tunnam-s
1152 4281 1180 4328 V.

311 4406 351 4450 28.
364 4405 543 4466 Sertodecimo]
564 4407 637 4452 Anno
650 4405 750 4466 proinde
764 4421 813 4454 nou
827 4417 881 4468 703.
893 4409 934 4455 ubi
947 4410 1033 4457 scribit
1044 4410 1117 4457 Mau.
1130 4411 1244 4468 Westm„
1257 4411 1298 4458 sed
1311 4410 1375 4474 6903

277 4468 376 4514 ineunte
388 4469 506 4528 siquidem
518 4484 583 4515 anuo
595 4469 644 4530 674
656 4470 859 4520 Uuiremuthense
872 4474 1046 4522 monasterium
1059 4475 1184 4522 conditum
1198 4483 1241 4523 est.
1262 4476 1287 4523 S.
