3100 5125
509 353 675 422 ennrls
698 355 967 423 ANGLORUM.
1224 357 1285 423 241

193 510 227 566 ut
250 505 301 568 eui
322 505 416 569 simul
438 507 473 570 ic
496 509 585 571 terris
606 510 791 586 servivimus,
815 510 860 572 cd
883 509 945 592 ey'ce
968 508 1127 573 uidendam
1153 509 1289 592 prolium

193 587 285 652 amul
297 599 484 655 transcamus
498 593 544 656 cd
560 593 651 657 ooebrc.
696 594 788 657 Nocti
807 595 886 658 cuim
905 595 979 678 quic
997 594 1042 657 cd
1059 594 1106 658 tui
1123 595 1184 657 cris
1197 595 1288 678 impc-

152 673 276 744 μήπω
289 695 404 760 mmor
418 678 517 740 cicere
529 679 643 755 stuwi,
658 689 687 742 et
699 679 848 763 quioquid
864 680 1038 764 ignorantie
1057 679 1104 743 cel
1111 679 1289 763 fragilitate

193 758 317 843 deliqui,
332 783 415 845 reque
435 763 480 825 cd
499 773 560 826 tuae
581 764 743 828 colcutctrb
763 786 887 828 eramen
908 786 975 828 mcc
995 765 1151 830 erocudcre
1172 763 1287 829 curcei.

194 841 344 910 Incubuit
361 847 507 930 precibus
525 849 670 924 antistes,
689 849 862 935 statimque
883 850 1013 914 edoctus
1033 850 1066 912 in
1085 849 1198 934 spiritu
1213 848 1289 912 ⁰im-

192 937 335 1013 petresse
350 953 384 996 se
403 933 488 1016 quod
504 935 637 1018 petebat
651 957 671 997 a
686 935 844 998 Domino:
869 937 973 1020 Scrpe,
989 935 1102 1020 inquit,
1114 936 1222 1020 freter
1236 935 1288 1012 mi,

192 1024 221 1077 et
234 1016 298 1079 coli
307 1017 444 1102 pbrcre,
459 1019 513 1082 sed
527 1019 642 1104 pccdc’o
658 1020 757 1104 pccde
779 1021 852 1104 quic
870 1021 950 1104 quod
965 1020 1144 1105 rogavimus,
1159 1040 1290 1104 superne

192 1099 275 1164 uodc'c
288 1103 443 1166 clementie
457 1103 590 1168 deoccd.

151 1199 182 1249 35
236 1186 334 1270 Oujus
366 1187 512 1272 promissi
546 1197 580 1254 et
613 1190 789 1274 prophetiae
818 1189 986 1255 veritatem
1022 1211 1155 1274 sequens
1183 1211 1289 1254 rerum
1300 1197 1450 1248 Marsuae.

191 1271 332 1336 astruxit
361 1282 502 1351 eventus,
527 1275 601 1358 qnia
629 1281 663 1339 et
692 1275 905 1360 digredientes
934 1278 975 1340 ab
1005 1274 1137 1339 invicem
1166 1297 1229 1338 non
1255 1261 1451 1378 scgffiffih

192 1357 277 1420 ultra
299 1359 506 1444 corporaliter
527 1360 683 1437 viderunt,
706 1361 763 1424 sed
785 1383 848 1422 uno
870 1361 1042 1445 eodemque
1066 1361 1125 1437 die,
1148 1361 1209 1424 hoe
1229 1369 1442 1441 eflbcmberctc.

192 1441 413 1508 tertiadecima
438 1445 667 1508 Pkalendarum
691 1446 859 1530 Aprilium,
887 1445 1085 1530 egredientes
1108 1468 1126 1509 e
1148 1467 1288 1530 corpore,

192 1526 324 1611 spiritus
353 1551 463 1592 eorum
491 1552 565 1593 mox
595 1531 691 1595 beata
720 1531 852 1594 invicem
876 1529 993 1595 visione
1022 1531 1182 1615 conjuncti
1204 1538 1288 1607 sunt,

192 1619 290 1696 atque
305 1614 446 1698 angelico
461 1615 636 1680 ministerio
651 1616 772 1701 pariter
787 1617 829 1680 ad
843 1638 976 1700 regnum
994 1617 1118 1679 ceelestc
1132 1616 1289 1679 translati.

153 1711 187 1756 40
195 1697 259 1761 Sed
279 1698 458 1763 Hereberct
475 1701 603 1765 cdivina
624 1701 712 1785 prius
733 1701 919 1765 infirmitate
942 1700 1148 1784 decoquitur;
1172 1701 1234 1776 illa,
1253 1707 1291 1765 ut

194 1783 341 1847 credibile
370 1791 428 1862 est,
454 1785 688 1870 dispensatione
718 1787 892 1850 Dominicae
923 1786 1061 1870 pietatis,
1093 1794 1130 1849 nt
1159 1784 1185 1849 si
1215 1785 1291 1870 quid

123 1887 183 1953 179
193 1867 297 1932 minus
316 1870 449 1935 haberet
468 1871 574 1935 meriti
588 1896 609 1935 a
623 1873 718 1936 beato
734 1873 923 1948 (ludbercto,
940 1871 1099 1956 suppleret
1120 1870 1180 1934 hoc
1197 1871 1291 1935 casti-

192 1976 273 2038 gans
293 1954 395 2040 longae
413 1956 613 2041 aegritudinis
634 1956 742 2021 dolor:
766 1965 922 2040 quatenus
941 1963 1087 2042 aequatus
1147 1955 1214 2020 etia
1234 1978 1291 2020 suo

194 2039 403 2116 intercessori,
419 2041 502 2105 sicut
520 2065 584 2105 uno
603 2043 776 2127 eodemque
797 2050 941 2125 tempore
961 2064 1032 2105 oum
1052 2063 1089 2106 eo
1128 2063 1291 2126 eoorpore

194 2125 310 2224 egredi,
326 2125 374 2188 ita
388 2127 485 2190 etiam
500 2148 564 2190 una

578 2135 676 2212 atque
690 2127 867 2191 indissimili
884 2129 958 2191 sede
978 2134 1139 2212 perpetuae
1154 2127 1291 2191 beatitu-

194 2209 277 2272 dinis
291 2211 458 2275 meruissct
471 2211 578 2297 recipi

171 2320 185 2368 ⁵
240 2294 329 2359 Obiit
343 2303 452 2360 autem
465 2305 560 2381 pater
574 2295 843 2361 reverentissimus
861 2298 894 2360 in
909 2298 1010 2361 insula
1026 2297 1141 2375 Farne,
1157 2296 1292 2360 multum

195 2381 385 2464 deprecatus
406 2383 523 2446 fratres
544 2390 582 2447 nt
604 2382 648 2445 ibi
671 2405 795 2467 quoquc
818 2382 1011 2468 sepeliretur,
1031 2381 1085 2446 ubi
1108 2405 1171 2446 non
1193 2403 1291 2466 parvo

195 2473 339 2549 tempore
353 2489 411 2550 pro
427 2467 564 2531 Domino
579 2468 742 2531 militarat.
782 2467 938 2532 Attamen
953 2469 1084 2532 tandem
1098 2490 1207 2531 eorum
1222 2489 1291 2567 prc-

195 2551 283 2615 cibus
298 2552 402 2617 victus
415 2576 580 2617 assensum
595 2553 693 2631 dedit,
709 2560 747 2617 ut
766 2553 808 2617 ad
833 2553 967 2617 insulam
988 2552 1292 2617 Lindisfarnensrum

194 2637 324 2714 relatus,
350 2638 383 2700 in
413 2639 543 2703 ecclesia
571 2640 791 2723 deponeretur.
836 2639 929 2718 Quod
953 2639 1029 2701 dum
1052 2639 1172 2702 factum
1197 2644 1291 2714 esset,

194 2722 411 2807 episcopatum
431 2724 568 2788 ecclesiae
590 2724 673 2787 illius
690 2745 774 2787 anno
790 2746 853 2788 uno
869 2725 1016 2788 servabat
1031 2723 1217 2787 venerabilis
1237 2746 1292 2785 an-

157 2808 288 2872 ¹0tistes
315 2808 440 2885 Vilfrid,
465 2811 565 2874 donec
590 2809 760 2894 eligeretur
786 2810 838 2893 qui
870 2831 927 2893 pro
954 2810 1133 2873 Oudbercto
1158 2808 1293 2873 antistes
1301 2818 1398 2866 Vilfriu.

195 2894 335 2963 ordinari
351 2896 490 2959 deberet.

239 2980 414 3043 Ordinatus
433 2987 483 3043 est
506 2988 615 3045 autem
632 2987 721 3064 rpost
739 2982 809 3044 haec
830 2980 1001 3055 Eadberct,
1017 2980 1065 3043 vir
1084 2979 1216 3043 scientia
1230 2976 1438 3041 sdi.a.1).688.

194 3064 338 3128 vinorum
349 3065 584 3150 scripturarum
599 3066 690 3128 simul
705 3074 739 3129 et
753 3072 985 3150 praeceptorum
999 3065 1171 3129 caelestium
1186 3043 1453 3169 obser-fssdffiffisf·

194 3149 312 3223 vantia,
328 3173 366 3215 ac
382 3151 518 3214 maxime
532 3151 801 3235 eleemosynarum
815 3150 998 3235 operatione
1018 3150 1168 3236 insignis;
1194 3150 1241 3213 ita
1255 3156 1292 3213 ut
1332 3142 1338 3156 ⁶

191 3235 287 3319 juxta
300 3236 410 3321 legem,
421 3236 565 3300 omnibus
580 3237 671 3301 annis
686 3238 839 3300 decimam
854 3259 917 3299 non
930 3236 1029 3299 solum
1042 3236 1291 3320 quadrupedum,

195 3343 305 3385 vorum
325 3321 422 3385 etiam
441 3322 567 3406 frugum
587 3322 727 3384 omnium
747 3329 844 3405 atque
866 3343 1040 3407 pomorum,
1058 3344 1179 3385 necnon
1195 3327 1228 3386 et
1242 3343 1292 3383 ve·

158 3422 186 3469 15
196 3406 419 3470 stimentorum
433 3414 558 3491 partem
572 3406 763 3491 pauperibus
779 3408 880 3471 daret.

229 3560 244 3589 ⁰
263 3552 408 3612 nuperum
427 3552 493 3613 quod
508 3551 539 3599 V.
697 3560 712 3599 Ρ
729 3552 892 3597 kalendarum
909 3551 1036 3613 Aprilium
1058 3552 1132 3597 terrio
1151 3551 1246 3597 cedma
1262 3551 1291 3599 V.

195 3614 322 3663 adierim
332 3614 394 3662 V.G.
482 3625 492 3654 ¹
506 3622 543 3664 ert
549 3622 607 3676 porr
616 3614 647 3662 V.
741 3616 868 3662 uolentia
880 3614 1072 3677 Scripturcmm
1081 3617 1112 3662 V.

231 3768 270 3817 39.
284 3752 432 3815 Hereterrt]
449 3752 512 3800 Vide
531 3752 605 3799 Bedae
622 3752 704 3799 Vitam
724 3766 745 3799 s.
761 3751 901 3809 cudbercti,
921 3766 973 3812 cap.
993 3750 1032 3798 28.
1063 3750 1091 3797 In
1112 3750 1193 3797 insule
1211 3750 1292 3810 stagni

197 3818 373 3867 Deruentionis
390 3818 417 3876 fl.
434 3818 506 3879 juxtu
525 3816 650 3872 Kcswick‚
670 3816 695 3861 in
714 3831 762 3876 quc
782 3816 915 3863 Hereberot
931 3815 1084 3862 mansionem
1102 3814 1158 3861 ritae
1178 3814 1293 3863 solitaria

196 3883 287 3945 posuit,
303 3888 443 3930 coniuncta
458 3889 496 3929 ert
511 3888 595 3941 postea
609 3882 711 3928 ccclesia
727 3882 754 3927 in
773 3879 889 3927 honorem
910 3881 987 3927 sancti
1006 3879 1072 3926 illins
1091 3879 1251 3935 anachoretae,
1269 3887 1294 3927 ct

196 3948 294 3995 devotio
302 3948 327 3993 in
335 3946 416 3993 locum
426 3945 586 4009 indulgentiis
594 3945 771 4005 episcopalibus
780 3945 939 3992 communita.
956 3943 1134 4003 VideAppend.
1145 3943 1178 3989 N.
1186 3942 1255 3989 xxiii.
1268 3944 1292 3989 S.

197 4013 227 4059 ln
239 4027 287 4071 qua
296 4011 449 4072 indulgentia
461 4011 593 4058 notandum
605 4018 643 4056 est
655 4008 796 4069 scriptorem
813 4009 943 4070 (Thomnm
952 4008 1066 4070 Appleby
1077 4007 1182 4069 episcop.
1193 4007 1292 4055 Carliol.

197 4080 227 4123 A.
235 4074 268 4123 D.
282 4075 355 4139 1374)
369 4076 433 4123 diem
445 4075 489 4121 xiii
500 4075 549 4122 kcl.
563 4075 624 4134 Apr.
637 4082 753 4134 tanquam
765 4073 830 4120 diem
847 4073 968 4120 decimum
984 4072 1082 4120 tertium
1100 4070 1190 4119 niensis
1202 4071 1294 4133 Aprilis

197 4140 326 4201 accepisse,
336 4147 361 4188 et
371 4139 417 4187 hcc
427 4140 468 4187 dic
479 4139 639 4187 cuthbertum
651 4147 677 4186 et
689 4138 851 4186 Hereberturn
863 4138 1049 4186 commemorari
1062 4135 1211 4199 precepisse.
