3100 5125
275 250 319 315 ec
604 250 835 314 ntsrourn
859 246 1036 315 neonus.
1323 244 1351 307 Ι·
1368 261 1455 328 3³·-
1519 221 1520 224 Ὺ

121 407 259 521 Iit·-
273 397 1378 572 mmtlfflfflfflfflmltttm

276 578 412 659 Augusto
425 595 504 637 emto
518 573 631 637 mama
644 594 729 650 acuo,
741 583 813 658 post
829 572 1015 637 mutatum
1028 570 1157 654 medem
1171 592 1251 635 cauo
1265 570 1421 633 marum

275 670 385 737 οοίαυο,
400 659 563 724 mdictt'oue
575 668 697 744 quana.

668 802 776 867 CAP.
804 800 983 865 XXXIII.

279 917 317 974 Ut
330 918 501 993 Augustinus
515 916 654 973 ecclesiam
673 916 830 975 salvatoris
843 914 1046 977 instauraverit,
1062 920 1088 969 ct
1101 913 1292 969 monasterium
1306 911 1380 967 beati

416 998 499 1054 Petri
511 996 756 1073 apostolifeccrit,·
779 1002 806 1052 ct
819 996 851 1051 de
860 996 951 1071 primo
966 996 1023 1066 gua
1037 994 1133 1051 abbate
1146 993 1241 1049 Petro.

320 1099 372 1163 Ar
386 1098 597 1185 Augustinus,
614 1098 669 1161 ubi
684 1098 718 1161 in
731 1096 821 1183 regia
835 1096 966 1161 civitate
981 1096 1088 1159 sedem
1103 1095 1323 1181 episcopalem,
1341 1102 1380 1159 ut

277 1185 491 1271 praediximus,
518 1184 653 1269 accepit,
680 1182 882 1268 recuperavit
912 1181 944 1244 in
970 1204 1017 1258 ea,
1045 1181 1133 1267 regio
1156 1182 1253 1246 fultus
1278 1181 1420 1245 admi-4⁵

277 1271 390 1349 uitulo,
407 1270 573 1334 ecclesiam
587 1292 683 1355 quam
698 1268 810 1332 minibi
826 1268 981 1353 ssantiquo
1001 1267 1218 1331 Romanorum
1237 1266 1379 1330 fidelium

278 1379 374 1443 opere
386 1357 508 1421 iactam
521 1355 618 1419 tuisse
633 1355 800 1432 didicerat,
817 1361 850 1419 et
865 1375 936 1418 eam
955 1353 988 1415 in
1008 1353 1134 1417 nomine
1149 1352 1253 1417 sancti
1270 1353 1379 1417 Salva-

277 1443 359 1508 tcris
375 1442 437 1505 Dei
452 1449 486 1506 et
501 1440 631 1505 Domini
645 1440 749 1505 nostri
760 1441 784 1503 J
785 1462 841 1505 esu
853 1438 974 1504 Christi
989 1438 1138 1517 sacravit,
1150 1442 1248 1524 atque
1260 1438 1379 1502 ibidem

277 1528 339 1592 sibi
354 1527 588 1592 habitationem
601 1526 728 1604 statuit,
743 1533 777 1590 et
792 1525 915 1589 cunctis
930 1524 1165 1589 successoribus
1180 1524 1254 1588 suis.
1285 1524 1380 1588 Fecit
1389 1533 1433 1597 74

277 1622 386 1678 autem
400 1622 434 1679 et
448 1613 676 1676 monasterium
690 1634 754 1674 non
768 1611 861 1696 longe
875 1612 917 1675 ab
934 1610 1004 1695 ipsa
1015 1610 1145 1675 civitate
1160 1610 1378 1687 adorientem,

279 1701 313 1762 in
327 1722 399 1785 quo,
415 1700 484 1783 ejus
498 1700 640 1774 hortatu,
656 1698 843 1761 AEdilberct
857 1697 1023 1761 ecclesiam
1037 1697 1205 1760 beatorum
1219 1696 1379 1781 apostolo

277 1808 348 1848 rum
375 1785 466 1849 Petri
494 1790 527 1848 et
556 1783 649 1848 Pauli
674 1806 695 1847 a
723 1782 938 1847 fundamentis
968 1782 1159 1859 construxit,
1183 1804 1222 1846 ae
1246 1781 1380 1845 diversis

277 1872 370 1935 donis
384 1870 529 1946 ⁰ditavit,
545 1869 578 1931 in
593 1892 657 1955 qua
672 1876 705 1933 et
728 1869 827 1968 ipsius
843 1868 1026 1953 Augustini,
1043 1873 1077 1931 et
1098 1867 1239 1931 omnium
1258 1867 1379 1952 episco

278 1978 392 2041 porum
407 1954 704 2031 Doruvernensinm
720 1955 814 2018 sunul
834 1961 867 2018 et
886 1975 998 2039 regum
1013 1953 1135 2019 Cantiae
1150 1954 1225 2038 poni
1244 1963 1405 2038 conponas

279 2048 419 2127 possent.
463 2042 568 2121 Quam
589 2047 698 2104 tamen
724 2040 890 2105 ecclesiam
912 2061 977 2103 non
998 2040 1066 2125 ipse
1088 2039 1299 2125 Augustinus,
1323 2040 1379 2102 sed

279 2149 443 2191 successor
464 2127 532 2211 ejus
556 2126 747 2191 Laurentius
769 2125 978 2191 consecravit.
1024 2124 1151 2189 Primus
1170 2132 1279 2189 autem
1298 2126 1380 2208 ejus

410 2258 433 2286 m
445 2248 479 2294 ibi
490 2247 551 2294 V.G.
711 2256 726 2285 n
738 2250 899 2309 antiquorum
910 2246 940 2293 V.
1093 2254 1104 2276 ⁰
1116 2246 1207 2293 deterit
1218 2244 1248 2293 V.

314 2357 354 2403 40·
365 2344 499 2390 inilicitum
510 2344 611 2405 quarte]
625 2343 710 2391 Aliam
722 2342 851 2405 epistolam
867 2342 933 2390 misit
947 2341 1079 2405 Gregorius
1091 2342 1121 2389 ad
1134 2342 1242 2403 reginam
1256 2342 1380 2401 Beretum,

279 2408 363 2454 eodem
376 2414 494 2468 tempore,
505 2415 534 2455 ut
543 2408 649 2463 ridetur,
661 2408 785 2469 scripum,
797 2422 851 2468 quar
862 2414 899 2454 est
910 2407 952 2454 lib.
965 2407 998 2454 xI.
1013 2420 1052 2472 ²9·
1064 2407 1102 2454 ed.
1117 2407 1175 2454 Ben.
1211 2408 1239 2453 Iu
1256 2407 1300 2453 huc
1316 2407 1380 2468 regi-

280 2486 337 2519 nam
353 2473 464 2519 hortatus
478 2480 516 2521 cst
531 2480 559 2520 ut
577 2474 686 2520 animum
699 2472 764 2534 regis
775 2471 858 2519 urariti
869 2472 906 2519 sui
918 2473 949 2520 ud
960 2472 1124 2519 Christianam
1137 2472 1209 2519 fidem
1222 2472 1380 2520 accenderet:

279 2537 345 2598 quod
356 2551 386 2584 eo
397 2537 493 2586 facibus
504 2537 583 2586 facere
595 2546 735 2599 possetque
746 2543 812 2585 esset
827 2536 880 2597 ipsa
891 2543 916 2584 et
932 2543 997 2585 recta
1009 2536 1055 2584 fide
1067 2536 1161 2584 munita
1172 2544 1197 2584 et
1209 2536 1287 2584 literis
1299 2538 1379 2584 docta.

280 2603 381 2649 Addidit
396 2618 492 2663 quoque
507 2603 691 2650 conversionem
705 2603 841 2663 Auglorum
856 2599 908 2662 jam
921 2601 986 2649 fama
1004 2601 1150 2649 celebratam
1162 2601 1237 2649 fuisse
1254 2609 1281 2650 et
1292 2617 1380 2664 perve-

281 2667 347 2714 nisse
357 2683 434 2728 usque
446 2667 683 2727 ConstantinopcIIm
696 2668 727 2714 ad
738 2668 916 2727 imperatorem.

313 2731 353 2790 46.
364 2734 392 2779 in
403 2733 511 2794 armine]
527 2733 622 2794 smptus
633 2739 728 2779 murmur
740 2732 850 2786 nomine,
862 2730 988 2791 antIquum
1007 2731 1078 2778 hodie
1093 2731 1192 2790 Christi,
1205 2733 1231 2778 S.
1244 2731 1381 2780 salvatoris

278 2795 383 2844 obtinet.
393 2797 418 2844 S.

317 2875 336 2906 ι.
348 2861 535 2922 monasterium]
551 2861 624 2908 Liber
637 2862 689 2908 MS.
702 2863 731 2908 Α.
738 2860 767 2907 Τ.
777 2861 804 2906 C.
815 2860 905 2920 aliique
918 2859 1082 2908 meminerunt
1093 2859 1143 2907 faui
1153 2860 1258 2920 untiquI,
1268 2868 1293 2908 et
1304 2861 1382 2908 eccle-

282 2925 324 2971 siae
334 2925 360 2971 S.
372 2925 504 2982 Pancratii,
516 2925 610 2972 ratione
627 2926 701 2972 etIam
717 2924 825 2972 nominis
842 2923 936 2971 redditu
948 2925 1012 2971 unde
1023 2924 1179 2986 Augustinus
1189 2925 1225 2971 illi
1240 2933 1325 2972 sancto
1341 2939 1381 2972 ec·

279 2989 378 3035 deuiam
390 2989 546 3037 deditaverit.
562 2991 603 3036 sed
615 2990 646 3036 de
656 2989 691 3037 eis
706 2989 768 3036 nihil
782 2990 808 3035 in
822 2989 896 3044 Beda,
908 2989 959 3035 imo
977 3003 1021 3036 nec
1037 2989 1062 3036 in
1081 2989 1170 3038 chartis
1183 2990 1333 3038 AEdilbercti.
1353 2991 1379 3038 S.

280 3053 334 3100 Vid.
346 3053 431 3100 'lborn
441 3053 458 3099 i.
471 3067 496 3116 5,
518 3053 651 3116 (Twysdeu
667 3055 755 3115 Script.
769 3069 792 3100 x.
807 3070 828 3114 p.
840 3051 923 3114 1760,)
945 3068 998 3113 quae
1013 3053 1054 3100 ille
1071 3069 1084 3101 e
1102 3054 1201 3114 Sprotto
1218 3055 1327 3102 hausisse
1344 3055 1381 3102 vi-

280 3118 358 3164 detur.
391 3117 482 3230 Chggtu
493 3119 632 3165 donationis
643 3118 785 3166 AEdilbercti
798 3118 829 3165 ad
841 3118 992 3165 fundandum
1006 3119 1180 3166 monasterium
1192 3120 1277 3167 datum
1288 3135 1315 3168 se
1326 3134 1380 3168 esse

281 3182 330 3229 t‘ert
340 3181 370 3228 A.
380 3181 413 3229 D.
458 3197 481 3243 5.

313 3260 336 3305 5.
352 3247 425 3293 Petri
435 3253 459 3293 et
469 3247 558 3308 Paule]
579 3247 650 3294 Huic
662 3248 827 3308 apostolorum
845 3245 940 3294 nomini
959 3261 973 3293 a
988 3246 1135 3307 temporibus
1148 3247 1272 3296 Duustaui
1289 3263 1380 3296 nomen

281 3310 413 3372 Augustini
425 3312 543 3373 additum,
554 3312 618 3372 qnod
630 3319 736 3359 veterem
749 3311 935 3372 appellationem
949 3311 973 3358 iu
986 3312 1109 3358 corrrmuni
1122 3327 1166 3358 usu
1179 3311 1308 3373 absorpsit
1321 3315 1346 3360 S.
1380 3371 1385 3378 ι

313 3394 335 3434 4.
350 3375 448 3437 ditavit]
468 3376 529 3423 Tres
546 3377 706 3423 donationum
722 3377 818 3423 chartus
832 3376 949 3423 habemus
960 3375 985 3421 in
999 3375 1067 3423 Mon.
1081 3378 1145 3436 Aug.
1157 3376 1198 3422 ubi
1211 3391 1283 3436 supra
1297 3378 1380 3425 notari

280 3440 314 3502 [c.
328 3439 381 3500 26‚]
400 3446 511 3500 quartam
529 3441 554 3487 in
572 3440 627 3488 MS.
644 3440 749 3488 A.T.C.
765 3455 838 3500 quarn
856 3439 926 3500 posui
943 3441 967 3486 in
987 3441 1096 3500 Appcud.
1108 3441 1140 3487 N.
1154 3439 1188 3488 ix.
1222 3441 1262 3488 De
1276 3457 1380 3502 quarum

281 3505 418 3552 chartarum
436 3505 580 3551 auctoritate
597 3505 698 3565 antiqua
714 3505 746 3551 lis
762 3512 805 3552 est.
836 3506 873 3551 Ea
884 3504 932 3550 fuit
944 3505 1128 3561 monachorum,
1140 3511 1165 3552 et
1181 3507 1302 3566 praecipue
1314 3507 1380 3554 Can-

280 3568 441 3622 tumendum,
453 3569 478 3614 in
491 3569 581 3616 chartis
591 3569 708 3616 cudendis
718 3569 820 3616 lIccntia
831 3577 858 3615 ut
869 3569 942 3615 ettam
955 3583 1066 3615 verarum
1080 3569 1151 3616 fidem
1169 3577 1307 3632 suspectam
1326 3573 1380 3619 red-

280 3635 355 3680 deret.
386 3633 449 3680 vids
459 3648 513 3694 quae
524 3633 702 3694 Papebrochius
713 3634 738 3680 in
750 3633 847 3695 Propyl.
857 3632 886 3679 T.
896 3632 923 3680 ii.
934 3633 1012 3693 April,
1026 3633 1094 3696 [Act.
1109 3634 1191 3682 Sanct.
1203 3649 1224 3681 v.
1237 3635 1272 3696 n]
1288 3643 1314 3683 et
1326 3637 1381 3684 Ma·

281 3697 364 3746 billon.
377 3697 407 3746 de
418 3698 455 3745 Re
466 3697 574 3758 Diplom.
586 3698 701 3759 utrinque
717 3699 747 3745 de
761 3698 800 3746 his
810 3698 882 3745 rebus
900 3705 1081 3758 congesserunt.
1116 3699 1165 3746 Sed
1182 3709 1268 3760 praeter
1284 3701 1382 3749 chartas

280 3762 355 3823 regis,
368 3763 506 3811 habuerunt
521 3763 596 3810 ctiam
607 3761 720 3809 monachi
731 3763 823 3810 bullam
835 3762 975 3823 Augustini,
988 3762 1046 3810 licet
1063 3764 1093 3811 de
1105 3762 1159 3824 ejus
1169 3765 1271 3812 veritate
1284 3781 1382 3828 semper

281 3827 419 3875 dubitatum
430 3835 477 3883 est,
489 3834 515 3875 et
525 3827 581 3874 Ms.
590 3827 620 3874 A.
626 3828 655 3874 T.
665 3827 692 3874 C.
704 3827 757 3889 ipsa
767 3842 813 3875 sua
824 3825 936 3888 apologia
948 3827 973 3872 id
984 3828 1080 3875 abunde
1091 3827 1211 3889 probarit.
1223 3830 1248 3877 S.

314 3905 338 3952 5.
345 3893 407 3953 peni
417 3892 529 3952 corpora]
544 3891 652 3954 Legibus
660 3891 727 3938 illius
737 3891 814 3939 seculi
823 3891 909 3938 illicita
921 3890 995 3938 fuisse
1004 3892 1094 3941 dicitur
1104 3893 1170 3940 iutra
1180 3894 1292 3942 cIvitates
1302 3895 1383 3955 scpul-

282 3963 345 4004 tura.
379 3956 475 4018 Regum
486 3963 567 4004 autem
578 3964 603 4004 et
613 3956 781 4017 cpiscoporum
795 3956 888 4004 Dorus.
900 3970 1003 4017 corpora
1013 3957 1038 4004 iu
1055 3971 1121 4006 utcu.
1133 3957 1179 4005 hoc
1189 3959 1253 4007 Petri
1270 3965 1295 4007 et
1311 3960 1380 4010 Pauli

281 4021 435 4082 ponebantur
445 4020 522 4068 donec
534 4021 695 4070 Cuthherctua
706 4021 809 4082 archiep.
824 4020 953 4081 sepultura
970 4020 1094 4070 licentiam
1112 4022 1138 4070 in
1156 4037 1223 4070 mon.
1236 4023 1326 4072 Christi
1337 4025 1382 4072 ob-

282 4085 364 4143 tinuit,
376 4085 417 4132 uhi
434 4091 460 4132 et
475 4084 527 4145 ipse
543 4086 653 4146 sepultus
669 4093 707 4133 est
723 4101 746 4132 a.
760 4085 814 4148 758.
832 4087 857 4132 S.
890 4087 964 4133 Hanc
979 4100 1031 4134 rem
1049 4086 1127 4150 fusins
1143 4094 1273 4136 tractatam
1287 4089 1334 4137 vid.
1353 4089 1380 4136 in

283 4150 404 4210 Bingham
416 4148 509 4197 Euclea.
521 4149 611 4198 Christ.
623 4153 683 4198 Ant.
694 4150 764 4206 uiti.

314 4212 338 4261 6.
349 4212 485 4274 successor]
497 4214 568 4262 Certe
580 4230 629 4262 non
641 4216 682 4262 diu
694 4215 762 4263 abest
772 4213 907 4275 Augustini
918 4229 991 4262 mors.
1005 4215 1030 4262 S.

314 4277 346 4323 ih.
367 4277 473 4325 Primus
490 4279 578 4340 abbas]
600 4280 738 4326 Succedunt
755 4279 890 4337 iohannes,
912 4279 1066 4340 Rufinianus,
1087 4280 1221 4340 Gradatae,
1241 4283 1379 4340 Petronius,

282 4342 430 4401 Nathanael,
442 4343 549 4403 quicum
562 4344 713 4406 Augustino,
725 4350 769 4391 ant
779 4351 864 4404 postca
874 4358 929 4390 cum
943 4344 1039 4392 Mellito
1050 4353 1075 4394 ct
1085 4345 1160 4394 Justo
1171 4345 1197 4392 in
1210 4347 1325 4410 Angliuru
1336 4363 1379 4396 ve-
