3100 5125
139 342 237 404 -24
411 358 415 364 -
555 327 728 428 ‚cruris
750 326 1021 392 nvouonun.
1157 338 1159 342 ·
1259 326 1324 393 aar

222 485 343 550 exitum
364 488 433 572 ejus
448 488 488 552 de
503 489 562 552 hac
583 490 649 552 vita
671 489 824 565 viderent,
844 493 921 552 tunc
938 487 992 551 isti
1010 487 1177 551 introitum
1199 487 1266 570 ejus
1289 487 1322 548 in

126 607 133 619 .
221 579 409 670 perpetua-m
437 573 615 638 animarum
640 575 750 639 vitam¹
765 579 1000 659 cognoscerent.
1056 573 1189 636 Distant
1214 577 1323 635 autem

222 661 307 720 inter
321 679 356 721 se
369 658 564 723 monasteria
578 660 647 723 haee
662 659 815 723 tredecim
830 659 928 723 fenne
943 658 1079 722 millibus
1094 679 1253 742 passuum.

227 782 231 786 -
268 742 392 808 Ferunt
406 751 515 808 autern
524 745 609 828 quod
623 745 736 808 eadem
750 752 853 824 nocte,
866 743 900 806 in
911 744 979 828 ipso
991 765 1114 828 quoque
1129 742 1322 806 monasterio
1333 757 1401 805 visio
1410 757 1466 806 alia.

185 858 216 893 ιο
224 829 278 890 ubi
292 831 429 913 praefata
441 830 501 893 Dei
516 830 634 893 famula
645 831 734 908 obiit,
747 830 873 893 cuidam
885 829 1040 914 virginum
1052 830 1122 892 Deo
1138 829 1324 892 devotarum

224 935 295 998 quae
318 915 404 978 illam
429 915 582 978 immenso
609 937 718 979 amore
738 915 899 1000 diligebat,
920 915 1027 978 obitus
1049 913 1131 976 illius
1155 913 1323 977 invisione

223 1001 415 1084 apparuerit,
431 1023 502 1085 quae
522 1002 661 1064 animam
681 1002 748 1085 ejus
766 1022 838 1063 cum
856 1001 976 1086 angelis
998 1001 1040 1063 ad
1060 1001 1170 1062 caelum
1190 1000 1236 1062 ire
1251 1021 1323 1062 con-

223 1087 372 1169 spexerit,
388 1092 486 1169 atque
505 1086 565 1150 hoc
585 1086 654 1171 ipsa
670 1109 733 1169 qua
750 1087 871 1150 facturn
893 1091 943 1150 est
963 1086 1053 1159 hora,
1068 1084 1117 1148 his
1132 1107 1202 1168 quae
1218 1106 1323 1148 secum

223 1179 317 1235 erant
336 1171 481 1235 'famulis
497 1171 615 1236 Christi
634 1172 801 1235 manifeste
820 1169 1008 1248 narraverit,
1028 1192 1144 1254 easque
1169 1171 1211 1233 ad
1231 1192 1322 1233 oran-

224 1257 300 1318 dum
324 1279 384 1340 pro
408 1256 515 1321 anima
540 1259 622 1341 ejus·
644 1259 742 1321 etiam
766 1257 951 1340 priusquam
978 1262 1095 1332 caetera
1120 1255 1324 1340 congregatio

224 1341 291 1425 ejus
306 1341 429 1405 obitum
446 1342 656 1441 cognovisset,
672 1343 868 1406 excitaverit.
914 1343 1007 1422 Quod
1024 1341 1071 1405 ita
1091 1340 1186 1403 fuisse
1203 1340 1324 1404 factum

185 1448 299 1507 25mox
313 1428 551 1526 congregationi
565 1449 658 1492 mane
673 1427 759 1492 facto
775 1428 923 1491 innotuit.
969 1426 1051 1490 Erat
1066 1427 1149 1491 enim
1164 1427 1242 1504 haec3
1256 1427 1325 1510 ipsa

149 1545 159 1560 ι
224 1512 305 1577 hora
318 1534 391 1576 cum
404 1513 474 1576 aliis
488 1513 646 1577 nonnullis
658 1513 776 1577 Christi
792 1513 913 1576 ancillis
929 1511 962 1574 in
977 1511 1127 1576 extremis
1141 1511 1325 1575 monasterii

224 1598 301 1660 locis
319 1619 462 1661 seorsum
479 1598 593 1682 posita,
610 1599 664 1661 ubi
679 1621 781 1683 nuper
796 1597 958 1662 venientes
973 1599 1014 1661 ad
1031 1597 1325 1660 ²conversationem
1335 1611 1415 1688 Imeus
1427 1626 1471 1658 no·

223 1682 348 1749 feminae
363 1684 508 1748 solebant
521 1683 661 1768 probari,
676 1684 776 1747 donec
792 1683 980 1768 regulariter
999 1683 1156 1746 institutae
1178 1681 1211 1744 in
1230 1677 1459 1745 sociefl'clfflffl·

223 1774 326 1832 tatem
340 1769 595 1854 congregationis
609 1769 853 1854 susciperentur.

637 1970 748 2035 eAP.
772 1969 911 2033 XXIV.

183 2112 217 2158 30
298 2089 900 2165 Quodicmoccrterioejurasceritfralen
916 2091 1068 2148 caidocum
1083 2090 1244 2146 canendisit
1340 2097 1342 2102 '

622 2173 751 2228 divinitus
765 2191 924 2228 concessum.

279 2297 318 2370 ln
342 2297 436 2381 hujus
458 2297 652 2362 monasterio
672 2297 843 2361 abbatissae
866 2297 927 2362 luit
949 2297 1051 2360 frater
1068 2296 1197 2380 qnidam
1219 2294 1326 2360 divina
1335 2305 1473 2356 Caedmonis

225 2380 331 2467 gratia
353 2381 532 2467 specialiter
556 2383 697 2468 insignis,
718 2382 812 2467 bquia.
834 2383 975 2446 camnine
996 2381 1139 2466 religioni
1160 2388 1193 2445 et
1212 2380 1326 2464 pietati
1334 2373 1428 2484 congru
1439 2385 1479 2418 ⁰⁸·

226 2473 305 2552 apta
322 2467 426 2531 facere
445 2468 586 2542 solebat3
612 2468 659 2532 ita
673 2475 711 2532 ut
726 2467 876 2552 quicquid
891 2490 931 2530 ex
946 2467 1059 2529 divinis
1080 2467 1181 2530 literis
1202 2487 1259 2550 per
1280 2467 1326 2528 in·
1335 2451 1382 2485 ”⁰¹¹
1401 2451 1418 2482 ι’

212 2559 384 2638 ,terpretes
400 2553 546 2631 disceret,
563 2553 622 2616 hoc
637 2553 704 2638 ipse
724 2559 799 2638 post
813 2552 959 2639 pusillum
975 2551 1077 2617 verbis
1092 2551 1224 2637 poeticis
1238 2575 1326 2616 max-

186 2638 291 2708 ssima
317 2638 476 2703 suavitate
501 2645 535 2702 et
561 2640 802 2723 compunctione
833 2638 1024 2724 compositis,
1051 2638 1084 2700 in
1113 2661 1180 2714 sua,
1207 2638 1240 2701 id
1266 2644 1324 2717 est,

227 2724 406 2809 Anglorum
419 2724 527 2809 lingua
541 2724 706 2809 proferret.
740 2725 837 2808 Cujus
852 2723 1042 2787 carminibus
1056 2723 1227 2786 multorum
1242 2745 1326 2807 saepe
1386 2786 1388 2791 .

227 2810 323 2872 animi
339 2810 381 2872 ad
396 2816 614 2894 contemptum
629 2809 742 2884 saeculi,
755 2816 789 2873 et
804 2810 999 2894 cappetitum
1015 2815 1089 2872 sunt
1103 2808 1176 2872 vitae
1192 2808 1326 2873 caelestis

226 2894 362 2958 accensi.
407 2894 453 2958 Et
476 2894 609 2978 quidem,
629 2901 662 2958 et
687 2894 740 2958 alii
765 2902 840 2979 post
862 2896 949 2957 illum
971 2895 1003 2957 in
1029 2900 1124 2979 gente
1148 2893 1326 2979 Anglorum

226 2980 372 3065 religiosa
394 2988 545 3064 poemata
569 2980 674 3044 facere
697 2982 888 3054 tentabant;
914 2981 970 3043 sed
993 2980 1095 3042 nullus
1117 3002 1189 3043 eum
1210 2980 1326 3064 daequi-

227 3088 341 3149 parare
363 3066 479 3150 potuit.
524 3065 670 3149 Namque
692 3065 760 3150 ipse
786 3088 849 3128 non
874 3068 916 3129 ab
938 3066 1126 3139 hominibus,
1145 3088 1245 3149 neque
1269 3089 1327 3150 per

187 3186 220 3232 40
228 3150 386 3214 hominem
405 3150 573 3214 institutus
595 3151 726 3215 canendi
750 3157 854 3215 artem
875 3151 1004 3225 didicit;
1030 3152 1085 3213 sed
1103 3150 1253 3215 divinitus
1271 3152 1326 3215 ad-

224 3237 315 3319 jutus
329 3236 430 3321 gratis
442 3236 574 3300 canendi
586 3236 705 3300 donum
715 3238 847 3321 accepit.
875 3237 972 3300 Unde
986 3236 1063 3299 nihil
1075 3259 1214 3321 unquam
1225 3236 1327 3299 frivoli

228 3328 263 3385 et
286 3322 471 3406 supervacui
494 3322 650 3405 poematis
673 3323 777 3386 facere
802 3322 927 3407 potuit;
960 3324 1016 3385 sed
1040 3344 1077 3385 ea
1104 3323 1326 3386 tantummodo

228 3428 299 3490 quae
322 3408 364 3470 ad
389 3407 572 3492 religionem
595 3408 766 3492 pertinent,
787 3408 966 3492 religiosam
988 3408 1055 3491 ejus
1075 3408 1215 3492 linguam
1237 3408 1326 3471 dece-

222 3492 317 3554 bant.
363 3492 525 3577 Siquidem
545 3492 578 3556 in
597 3493 710 3556 habitu
734 3493 876 3556 saeculari
900 3494 1061 3577 usquead
1087 3500 1233 3578 tempora
1254 3515 1325 3577 pro-

228 3576 376 3641 vectioris
390 3577 497 3642 aetatis
510 3578 704 3642 constitutus
718 3578 781 3640 enil
796 3578 969 3642 carminum
981 3578 1150 3661 aliquando
1162 3578 1325 3642 didicerat.

229 3661 325 3725 Unde
339 3684 565 3746 nonnunquam
579 3662 613 3725 in
628 3662 778 3741 convivio,
789 3685 860 3726 curn
875 3670 959 3727 esset
974 3662 1094 3727 laetitiae
1109 3685 1205 3727 causa
1220 3664 1325 3726 decre-

187 3772 219 3823 ⁴5
228 3752 299 3811 tum
313 3747 366 3811 fut
381 3769 488 3812 omnes
503 3771 561 3833 per
580 3748 722 3811 ordinem
744 3756 880 3813 cantare.
893 3749 1054 3825 deberent,
1070 3748 1121 3811 ille
1138 3748 1192 3811 ubi
1212 3749 1324 3832 adpro-

230 3832 385 3916 pinquare
407 3834 468 3896 sibi
490 3834 648 3897 citharam
671 3835 831 3911 cernebat,
851 3835 1002 3919 surgebat
1019 3857 1040 3897 a
1056 3832 1160 3897 media
1181 3854 1272 3897 coena
1291 3841 1325 3898 et

227 3940 371 4003 egressus
385 3920 428 3981 ad
442 3940 533 3982 suam
548 3920 676 3983 domum
690 3919 874 4003 repedabat.
1332 3974 1335 3979 .

271 4003 363 4083 Quod
386 4003 462 4066 dum
483 4011 627 4089 tempore
649 4004 787 4090 quodam
809 4005 936 4081 faceret,
954 4011 988 4068 et
1010 4004 1121 4067 relicta
1140 4004 1234 4067 domo
1252 4025 1324 4066 con-

217 4087 297 4173 vivii
313 4110 457 4174 egressus
471 4098 555 4153 esset
570 4090 612 4154 ad
627 4089 753 4153 stabula
764 4090 980 4173 jumentorum
989 4112 1123 4173 quorum
1138 4089 1166 4153 ei
1181 4088 1325 4152 custodia

226 4180 320 4238 nocte
342 4175 395 4237 illa
414 4181 485 4240 erat
500 4175 655 4260 delegata,
671 4174 778 4259 ibique
792 4175 893 4237 shore
907 4174 1099 4259 competenti
1114 4175 1256 4237 membra
1271 4174 1324 4236 de-

259 4335 430 4413 rfamqlqbus
439 4337 504 4414 VG.
576 4338 782 4432 tranverrr'onerp
793 4335 855 4383 VG.
931 4334 1103 4413 aqursratri
1111 4336 1325 4413 cuidamrancndi

226 4400 493 4527 mmmm
504 4400 683 4514 iiiiii
756 4401 881 4513 nliiii.
895 4399 1198 4537 uvcoidieiiiiiin'id
1210 4464 1234 4512 s.
1252 4402 1325 4526 qieii

226 4528 382 4590 seqnitur-St.
411 4530 692 4579 Gederued.habetSax.
792 4532 942 4593 eborejam
953 4527 1016 4577 VG.

733 4595 823 4677 ogd
