3100 5125
75 373 181 440 -27.
457 362 623 430 eeums
645 363 916 430 Aueuonuu.
1206 361 1271 433 169

128 529 131 533 ·
166 522 239 576 cum
265 513 551 597 praedecessoribus
573 515 647 593 suis,
669 517 853 580 testabatur
874 516 972 581 etiam
993 515 1080 578 locus
1102 513 1153 578 ille
1175 537 1270 599 quem

166 599 354 682 ”regebant
377 600 433 665 ubi
455 599 645 666 abeuntibus
670 601 725 678 eis,
748 608 883 686 excepta
908 600 1048 676 ecclesia,
1071 598 1268 685 paucissimae

168 683 280 746 domus
302 692 438 784 repertae
462 692 556 761 sunt;
588 686 648 751 hoc
671 693 729 764 est,
752 686 813 750 illae
836 687 1041 762 solummodo,
1064 685 1131 749 sine
1154 686 1268 770 quibus

168 777 368 834 conversatio
389 771 488 836 civilis
510 793 579 836 esse
601 772 781 836 nullatenus
806 779 944 856 poterat.
990 771 1043 834 Nil
1064 771 1269 855 pecuniarum

129 882 158 932 ¹5
168 855 289 939 absque
303 857 470 940 pecoribus
484 857 655 921 habebant.
687 857 721 921 Si
737 857 814 942 quid
828 857 912 921 enim
926 857 1066 942 pecuniae
1081 879 1102 921 a
1117 856 1268 920 divitibus

168 941 375 1025 accipiebant,
391 964 466 1007 mox
480 943 671 1028 pauperibus
686 944 817 1007 dabant.
863 942 946 1006 Nam
965 943 1124 1026 nequead
1142 963 1269 1028 suseep-

168 1025 289 1090 tionem
303 1028 483 1111 potentium
498 1028 612 1103 saeculi,
628 1029 677 1092 vel
691 1028 842 1113 pecunias
855 1028 967 1113 colligi,
980 1027 1029 1091 vel
1044 1029 1156 1126 domus
1170 1039 1270 1126 “pree-

169 1111 268 1176 videri
290 1135 417 1178 necesse
437 1113 507 1190 tuit,
524 1113 578 1198 qui
600 1135 761 1199 nunquam
783 1114 826 1178 ad
848 1112 1012 1178 eeclesiam
1033 1113 1094 1178 nisi
1116 1119 1271 1178 orat1on1s

169 1203 308 1275 tantum,
324 1205 358 1264 et
379 1199 528 1263 audiendi
549 1199 658 1264 everbi
680 1199 741 1263 Dei
760 1211 860 1263 'causa
878 1198 1056 1266 veniebant.
1101 1198 1172 1262 Rex
1193 1199 1270 1283 ipse,

171 1305 243 1346 curn
266 1285 491 1368 opportunitas
516 1284 683 1370 exegisset,
706 1306 779 1348 oum
809 1284 946 1370 quinque
974 1291 1103 1348 tantum
1127 1289 1186 1348 aut
1215 1306 1271 1348 sex

171 1367 346 1432 ‹tministris
361 1370 517 1447 veniebat,
534 1377 567 1436 et
582 1370 708 1455 expleta
726 1369 759 1432 in
775 1369 906 1434 ecelesia
919 1369 1063 1434 oratione
1079 1369 1271 1434 discedebat.

132 1488 164 1526 20
173 1452 267 1533 Quod
292 1454 319 1518 si
344 1456 428 1522 forte
450 1478 505 1520 eos
530 1456 574 1520 ibi
597 1455 684 1520 refici
706 1455 915 1540 contingeret,
936 1454 1068 1539 simplici
1089 1460 1217 1518 tantum
1238 1461 1273 1520 et

173 1539 358 1624 quotidiano
373 1542 509 1607 fratrum
527 1540 598 1608 cibo
618 1539 769 1616 contenti,
785 1541 830 1604 nil
849 1542 934 1605 ultra
949 1541 1144 1625 quaerebant.
1189 1540 1274 1604 Tota

172 1624 257 1690 enim
277 1625 339 1690 luit
361 1633 437 1692 tunc
460 1626 626 1692 solicitudo
647 1627 831 1691 doctoribus
852 1626 921 1703 illis,
938 1627 1008 1690 Deo
1030 1625 1194 1702 serviendi,
1209 1646 1274 1689 non

173 1711 308 1785 seecu103
332 1719 404 1777 tota
419 1734 496 1776 cura
511 1713 616 1776 cordis
631 1712 803 1789 excolendi,
819 1734 883 1775 non
898 1711 1027 1776 ventris.
1073 1710 1169 1774 Unde
1187 1717 1221 1775 et
1240 1711 1274 1774 in

173 1818 291 1880 magna
305 1804 376 1862 erat
387 1798 589 1863 veneratione
604 1805 747 1883 tempore
761 1798 815 1862 illo
829 1796 988 1883 religionis
1002 1795 1151 1870 babitus3
1176 1794 1223 1860 ita
1237 1803 1275 1860 ut

173 1881 363 1966 ubicumque
378 1884 508 1948 clericus
522 1884 563 1948 eli
587 1884 635 1947 uis
649 1890 707 1948 aut
721 1884 895 1948 monachus
909 1881 1082 1959 adveniret,
1097 1882 1276 1966 gaudenter

134 1995 165 2045 ²⁵
173 1968 216 2032 ab
237 1967 382 2032 omnibus
401 1976 556 2053 tanquam
607 1968 637 2034 ei
658 1969 793 2033 famulus
815 1967 1031 2052 exciperetur:
1056 1965 1172 2030 retiam
1194 1967 1220 2030 si
1242 1967 1275 2030 in

174 2053 289 2116 itinere
310 2076 444 2154 pergens
465 2055 668 2133 inveniretur,
688 2055 912 2131 adcurrebant,
933 2059 968 2118 et
988 2053 1072 2116 flexa
1093 2053 1213 2116 cervice
1227 2053 1276 2116 vel

174 2160 272 2202 manu
296 2161 322 2203 sr
366 2140 423 2218 ari,
447 2141 497 2204 vel
520 2163 575 2204 ore
598 2140 681 2204 illius
706 2161 740 2204 ee
765 2139 909 2205 benedici
934 2138 1139 2224 gaudebant;
1172 2138 1276 2202 verbis

175 2247 301 2308 quoque
347 2248 438 2290 orum
461 2225 690 2291 exhortatoriis
712 2225 881 2310 diligenter
905 2224 1051 2289 auditum
1076 2219 1274 2308 praebebant.

177 2309 242 2374 Sed
257 2316 292 2374 et
306 2311 418 2376 diebus
430 2311 604 2375 Dominicis
618 2312 661 2376 ad
675 2311 849 2388 ecclesiam,
865 2310 929 2374 sive
944 2310 987 2374 ad
1003 2308 1197 2374 monasteria
1211 2331 1277 2373 cer·

176 2395 290 2472 istim,
306 2418 370 2460 nen
399 2397 558 2462 reficiendi
588 2396 737 2482 corporis,
768 2397 826 2460 sed
853 2394 1002 2460 audiendi
1032 2394 1185 2458 sermonis
1215 2394 1276 2458 Dei

134 2481 281 2567 ,aegrotis
304 2482 523 2548 confluebant:
548 2490 582 2549 et
603 2483 629 2546 si
650 2482 719 2568 quis
742 2483 944 2546 sacerdotum
963 2480 996 2544 iu
1012 2479 1113 2545 vicum
1127 2481 1210 2544 forte
1225 2481 1278 2544 de-

175 2567 308 2646 veniret,
327 2592 402 2633 mox
422 2570 607 2656 congregati
627 2569 659 2633 in
679 2591 777 2633 unum
792 2568 904 2645 vicani,
921 2567 1051 2631 verbum
1069 2566 1142 2630 vitae
1163 2568 1205 2630 ab
1225 2566 1278 2630 illo

176 2660 326 2738 expetere
352 2657 518 2720 curabant.
563 2656 647 2719 Nam
668 2676 770 2739 neque
792 2654 856 2718 alia
881 2652 958 2752 ipsis
981 2652 1198 2717 sacerdotibus
1220 2659 1279 2716 aut

176 2738 298 2803 clericis
321 2740 406 2805 vicos
428 2741 575 2819 adeundi,
592 2762 687 2825 quam
708 2740 912 2824 praedicandi,
927 2738 1120 2823 baptizandi,
1136 2736 1278 2800 infirmos

176 2824 334 2902 visitandi,
351 2832 393 2904 et,
409 2833 447 2889 ut
460 2826 600 2891 breviter
611 2827 722 2904 dicam,
735 2825 856 2889 animas
869 2823 1002 2887 curandi
1017 2844 1113 2887 causa
1128 2822 1207 2885 fuit:
1223 2822 1278 2906 qui

177 2909 210 2971 in
231 2917 359 2974 tantum
381 2918 474 2975 erant
495 2914 537 2976 ab
559 2912 645 2977 omni
667 2910 810 2975 avaritiae
832 2916 922 2995 peste
945 2908 1103 2993 castigati,
1126 2914 1164 2972 ut
1185 2928 1279 2971 nemo

177 2995 343 3060 territoria
364 3020 401 3061 ae
422 2998 636 3082 possessiones
658 2997 701 3061 ed
722 2996 935 3061 construenda
956 2993 1159 3070 monasteria,
1178 2992 1279 3057 nisis

138 3082 379 3165 35³p0tentibus
401 3082 506 3148 saeculi
522 3090 673 3160 tcoactus,
689 3082 859 3167 acciperet.
904 3081 982 3162 Quae
1004 3080 1200 3143 consuetudo
1222 3100 1280 3163 per

178 3166 286 3231 omnia
307 3168 473 3252 aliquanto
494 3176 568 3254 post
589 3169 657 3233 haec
679 3174 824 3255 tempore
845 3166 878 3229 in
900 3165 1038 3230 ecclesiis
1058 3165 1279 3249 Nordanhym·

178 3252 311 3317 brorum
325 3260 453 3319 servata
467 3261 527 3321 est.
572 3254 636 3319 Sed
651 3254 691 3317 de
706 3254 755 3317 his
770 3252 849 3317 setis
864 3252 995 3317 dictum.

101 3388 164 3471 136
587 3389 695 3457 cAP.
719 3389 876 3453 xxvii.

183 3492 220 3550 Ut
234 3493 380 3569 qulieret
394 3496 437 3551 vir
450 3504 558 3553 sanctus
568 3495 600 3551 de
613 3494 894 3631 naticoedAoplcr-um
910 3493 1090 3550 monachicam
1105 3493 1133 3548 in
1150 3493 1281 3549 Hibernia

625 3576 709 3631 vitum
738 3576 835 3632 uertit.

225 3667 338 3731 Eonnn
354 3690 438 3733 anno
454 3669 628 3733 Dominicae
650 3668 878 3732 incarnationis
900 3666 1130 3732 sexcentesimo
1152 3688 1280 3751 sexage-
1291 3670 1458 3732 uetusta]

155 3754 260 3823 ssime
275 3760 399 3839 quarto,
415 3754 502 3820 iacta
516 3768 532 3801 u
542 3760 613 3820 erat
633 3754 756 3839 eclipsis
776 3754 851 3818 solis
865 3753 917 3817 die
936 3752 1035 3817 tertio
1055 3752 1172 3815 mensis
1189 3751 1279 3829 Maii,
1289 3736 1446 3864 ¹123,ssngss-

214 3924 346 3983 ”regeint
358 3924 388 3971 V.
487 3933 502 3962 0
509 3924 640 3985 providere
651 3921 681 3969 V.
780 3922 909 3971 nundum
920 3920 950 3968 V.
1048 3929 1118 3968 ‹tsex
1128 3918 1242 3965 omrem
1250 3918 1281 3966 V.
1290 3867 1330 3917 ¹¹⁸·

181 3989 293 4048 seryum
304 3987 334 4036 V.
417 3988 599 4049 sacertotibus
610 3988 639 4035 V.
722 3989 820 4034 'maeri
830 3988 971 4048 irreperent
983 3984 1012 4031 V.
1096 3982 1234 4030 seseve.

215 4151 254 4197 34,
266 4135 376 4196 coactus]
392 4134 453 4182 Vide
464 4148 540 4196 supra
550 4148 603 4195 cap.
613 4147 653 4195 ²3·
671 4133 697 4181 S.
719 4133 820 4195 Quanta
829 4132 856 4179 in
867 4132 913 4179 boc
923 4145 950 4179 re
961 4131 1026 4179 intre
1037 4130 1143 4192 spetiem
1155 4130 1283 4191 octogiuta

183 4214 303 4249 annorum
315 4200 381 4247 fecte
397 4200 430 4247 sit
447 4199 552 4247 mutatio
569 4197 651 4261 colligi
669 4203 746 4259 potest
761 4197 827 4244 inira
838 4196 869 4244 sb
881 4196 992 4257 Epistola
1004 4196 1075 4243 liedes
1090 4196 1120 4242 sd
1133 4194 1282 4255 Ecgbertum

182 4273 257 4326 4etc.
290 4264 337 4312 Sed
355 4262 531 4325 pulcherrimus
546 4262 585 4311 hic
599 4262 668 4311 locus
684 4263 776 4325 optime
794 4262 866 4309 docet
881 4276 930 4323 que
946 4267 998 4309 erte
1014 4259 1138 4322 simplices
1155 4260 1193 4307 illi
1209 4259 1284 4321 primi

182 4328 352 4393 clericilfidem
370 4328 498 4377 christiin
509 4327 564 4375 rudi
578 4328 668 4389 populo
683 4326 858 4375 seminaverint
873 4332 898 4373 et
914 4326 1006 4386 seipsos
1020 4340 1103 4373 amore
1118 4323 1202 4387 populi
1219 4330 1285 4371 tuta·
1307 4344 1310 4349 ·

183 4394 279 4450 rerint;
297 4393 392 4442 scilicet
403 4406 459 4441 cum
471 4408 497 4441 se
509 4400 573 4440 totos
585 4392 675 4440 Christi
688 4391 824 4439 ministerio
836 4390 953 4439 dederint
989 4389 1060 4438 Coei.
1072 4389 1146 4447 iufra,
1158 4390 1190 4436 iv.
1203 4399 1243 4449 ας.

216 4472 239 4521 5.
252 4460 376 4506 dicteriis
388 4458 478 4506 menete
490 4457 568 4519 Maii]
588 4457 668 4518 Hujus
679 4456 776 4517 eclipsis
787 4456 874 4518 sapius
886 4454 997 4503 meminit
1009 4454 1084 4516 Beda,
1096 4455 1172 4503 semei
1185 4454 1211 4501 in
1222 4453 1286 4501 libro

182 4524 213 4572 de
224 4521 495 4589 Temporibus,literum
508 4522 534 4569 iu
546 4522 667 4571 Chronico
682 4521 779 4583 proprie
789 4522 855 4569 dicto
872 4536 896 4569 u.
904 4520 979 4581 4⁶22,
991 4520 1120 4582 utrobique
1131 4520 1162 4567 sd
1173 4535 1196 4566 v.
1208 4531 1287 4567 nones

228 4610 327 4650 nene.
730 4606 746 4647 Ζ
