3100 5125
491 942 894 1027 VENERABILIS
924 944 1121 1025 BAEDAE
1370 954 1435 1021 305

272 1174 519 1247 EPISTOLA
546 1178 620 1249 ΑΙ)
646 1178 991 1251 ECGBEROTUM
1014 1175 1384 1269 Anulsrlrunh

669 1424 944 1463 ἡ*-

97 1641 210 1693 omnm.
262 1640 291 1685 1.
389 1619 680 1686 ILEGTISSIMO
695 1620 998 1686 acreverentissimo
1012 1618 1356 1703 antistitiEcgbercte‚

410 1707 509 1770 Baeda
522 1707 658 1771 famulus
677 1708 796 1770 (ihr-isti
814 1707 958 1770 salutem.
1004 1704 1137 1769 Memini
1157 1713 1190 1768 te
1206 1704 1357 1767 hesterno

259 1790 377 1855 dixisse
403 1814 497 1869 anno,
521 1814 594 1855 cum
619 1799 726 1856 tecum
754 1793 876 1878 aliquot
904 1792 1015 1855 diebus
1043 1790 1166 1876 legendi
1195 1789 1302 1875 gratia
1325 1789 1357 1850 in

258 1876 452 1941 monasterio
470 1884 528 1941 tuo
549 1878 740 1955 demorarer,
756 1878 842 1961 quod
863 1878 924 1941 hoc
944 1876 1042 1941 etiam
1061 1898 1144 1940 anno
1163 1875 1266 1950 velles,
1283 1896 1357 1937 eum

258 1961 293 2025 in
307 1964 442 2026 eundem
461 1962 623 2027 devenires
644 1962 757 2040 locum,
771 1984 823 2025 me
844 1984 976 2049 queque,
993 1964 1034 2026 ob
1052 1983 1217 2025 commune
1230 1959 1357 2045 legendi
1371 1984 1402 2018 ιο
1529 1971 1530 1983 ’

259 2048 409 2125 studium,
435 2048 477 2111 ed
505 2055 597 2113 tuum
622 2048 747 2112 ‘accim
776 2048 975 2135 colloquium.
1030 2047 1123 2127 Quod
1152 2046 1178 2109 si
1204 2046 1261 2119 ita,
1286 2046 1357 2107 Deo

260 2133 393 2211 volente,
416 2141 524 2218 posset
545 2133 677 2219 impleri,
700 2156 764 2198 non
787 2156 866 2219 opus
888 2141 972 2198 esset
997 2133 1058 2197 tibi
1079 2133 1147 2195 haec
1169 2154 1226 2217 per
1246 2130 1357 2194 literas

260 2218 381 2301 scripto.
406 2218 562 2302 dirigere;
597 2241 669 2281 cum
698 2241 823 2303 possem
848 2219 977 2283 liberius
1003 2241 1058 2282 ore
1086 2218 1129 2282 ad
1154 2239 1190 2280 os
1215 2217 1356 2301 loquens,

260 2324 393 2401 quasque
410 2303 547 2379 evellam,
563 2303 629 2367 sive
650 2305 830 2369 necessaria
850 2306 1005 2380 ducerem,
1022 2310 1144 2367 secreta
1164 2302 1223 2366 tibi
1241 2302 1357 2365 allocu-

260 2394 347 2452 trone
361 2409 538 2473 suggerere.
584 2389 706 2453 Verum
720 2389 796 2473 quia
815 2391 875 2453 hoc
895 2412 935 2453 ne
954 2390 1055 2463 fieret,
1072 2388 1301 2472 superveniens,
1318 2392 1357 2450 ut

260 2473 354 2549 nosti,
381 2475 523 2559 corporis
546 2474 608 2537 mei
632 2475 774 2540 valitudo
802 2476 985 2559 prohibuit:
1016 2497 1110 2560 agere
1136 2482 1244 2537 tamen
1270 2472 1355 2557 quod

260 2560 360 2645 potui,
389 2583 466 2660 erga
494 2560 695 2624 dilectionem
723 2568 814 2625 tuam
842 2563 991 2626 fraternae
1022 2559 1196 2624 devotionis
1224 2557 1354 2635 intuitu,
1367 2582 1396 2629 ις

260 2646 377 2722 curavi,
392 2647 550 2710 nuttendo
565 2646 711 2710 videlicet
732 2669 790 2730 per
811 2647 920 2712 literas
940 2648 1025 2732 quod
1043 2645 1252 2730 corporaliter
1272 2644 1357 2708 veni·

262 2731 343 2794 endo
365 2753 424 2816 per
444 2731 684 2795 collocutionem
705 2732 917 2816 nequiveram.
962 2732 1143 2816 Precorque
1164 2738 1198 2794 te
1219 2751 1276 2815 per
1291 2730 1356 2793 Do·

260 2815 390 2893 minum,
417 2839 458 2880 ne
483 2818 596 2880 harum
621 2817 726 2900 apices
748 2817 912 2881 literarum
937 2817 1128 2903 arrogentiae
1158 2815 1357 2902 supercilium

261 2901 330 2964 es'se
352 2902 530 2986 suspiceris,
546 2902 603 2965 sed
623 2902 810 2986 obsequium
832 2904 938 2986 potius
959 2902 1149 2966 humilitetis
1165 2925 1204 2966 ac
1227 2900 1357 2986 pietatis

261 2988 418 3051 veraciter
433 3009 500 3051 esse
516 3009 698 3073 cognoscas.

99 3075 253 3125 Exhortatio.
305 3072 470 3136 Exhortor
497 3073 607 3156 itaque
635 3079 734 3148 tuem,
761 3073 962 3137 dilectissime
991 3073 1024 3135 in
1055 3072 1183 3137 Christo
1212 3070 1356 3146 antistes,

261 3157 474 3231 sanctitatem,
491 3165 528 3221 ut
546 3158 682 3242 gradum
696 3166 932 3222 sacrosanctum
953 3179 1045 3243 quem
1067 3158 1126 3221 tibi
1142 3157 1268 3220 Auctor
1285 3178 1357 3242 gra
1368 3180 1399 3214 κο

233 3277 238 3287 ·
261 3242 359 3305 duum
380 3248 415 3305 et
436 3242 648 3327 spiritualium
669 3243 803 3328 largitor
824 3244 1050 3308 charismatum
1072 3242 1270 3306 committere
1290 3241 1356 3326 dig-

260 3333 356 3392 natus
378 3333 437 3404 est,
454 3333 656 3391 sacrosancta
670 3334 723 3390 cet
742 3329 926 3412 operatione
949 3337 982 3394 et
1004 3328 1149 3392 doctrina
1169 3327 1357 3391 confirmare

260 3412 452 3476 memineris.
497 3411 620 3475 Neutra
641 3413 725 3476 enim
743 3414 812 3478 haec
834 3414 935 3479 virtus
955 3415 1021 3478 sine
1038 3415 1149 3491 altera,
1168 3412 1229 3476 rite
1248 3418 1358 3496 potest

261 3496 401 3581 impleri:
425 3498 453 3560 si
466 3504 525 3562 aut
539 3497 567 3560 is
581 3497 635 3581 qui
650 3500 730 3561 bene
745 3498 823 3562 vivit
838 3500 969 3563 docendi
986 3499 1122 3562 officium
1142 3497 1282 3582 negligit,
1299 3503 1357 3560 aut

260 3589 348 3646 recte
363 3584 478 3646 docens
490 3583 627 3647 antistes
641 3589 762 3647 rectam
776 3606 924 3648 exercere
938 3585 1155 3669 operationem
1172 3581 1356 3645 contemnit.

261 3666 347 3746 “Qui
372 3673 481 3731 eutem
502 3674 672 3752 utrumque
700 3669 855 3732 veraciter
883 3670 960 3754 egit,
984 3670 1128 3754 profecto
1150 3668 1226 3732 talis
1249 3688 1357 3731 servus

261 3754 434 3816 adventum
458 3753 588 3816 Domini
617 3753 665 3816 sui
693 3754 947 3838 gratulabundus
975 3761 1133 3839 expectat,
1163 3775 1294 3837 sperans
1323 3770 1396 3820 se²5

262 3837 357 3907 citius
371 3838 572 3902 auditurum:
596 3840 682 3922 Ecce
694 3861 775 3903 cerco
797 3838 866 3904 doce
886 3851 915 3904 et
926 3841 1039 3923 fidelis,
1056 3841 1130 3924 quic
1149 3859 1357 3924 superparem

252 3924 352 4007 fce'sti
369 3923 487 4009 fidelis,
513 3945 609 4008 supra
636 3924 733 3987 multa
760 3935 788 3989 te
813 3927 1011 3989 castitatem:
1043 3926 1184 3989 latreia
1209 3923 1358 4010 goudium

261 4009 390 4072 Domiti
409 4009 465 4072 tal.
509 4008 543 4072 Si
563 4007 633 4093 quis
652 4031 735 4086 vero,
752 4012 838 4093 quod
855 4011 949 4089 absit,
964 4011 1067 4098 gradu
1086 4010 1287 4096 episcopatus
1305 4031 1356 4072 ac-

278 4188 414 4250 *accipere
426 4187 455 4235 V.
521 4188 619 4234 beelim
632 4187 661 4235 V.
737 4196 921 4237 cmcrosancta
932 4193 1073 4251 operatione
1084 4187 1117 4236 V.
1183 4188 1245 4236 dAt
1255 4187 1298 4250 qui
1309 4185 1338 4232 V.
1425 4229 1431 4240 ,

294 4335 317 4386 6.
331 4335 483 4397 ecgbercto]
505 4335 554 4383 llic
565 4336 644 4384 sectus
654 4341 693 4383 est
703 4335 776 4384 Ebor.
789 4336 892 4385 antistes
902 4351 942 4385 au.
952 4346 1006 4398 732.
1038 4335 1135 4398 Scripta
1146 4341 1184 4382 est
1195 4333 1245 4382 lraec
1256 4330 1358 4394 epistole

261 4401 327 4448 circe
339 4401 437 4447 initium
450 4415 490 4447 an.
501 4414 564 4459 7343
580 4413 629 4461 quo
639 4401 711 4448 Beda
722 4400 792 4448 obiit.
814 4402 839 4448 S.

295 4464 434 4526 25.Euge]
458 4463 646 4513 Marsuam.
