<?xml version="1.0" encoding="UTF-8"?>
<!DOCTYPE html PUBLIC "-//W3C//DTD XHTML 1.0 Transitional//EN"
    "http://www.w3.org/TR/xhtml1/DTD/xhtml1-transitional.dtd">
<html xmlns="http://www.w3.org/1999/xhtml" xml:lang="en" lang="en">
 <head>
  <title>
</title>
<meta http-equiv="Content-Type" content="text/html;charset=utf-8" />
  <meta name='ocr-system' content='tesseract 3.04.00' />
  <meta name='ocr-capabilities' content='ocr_page ocr_carea ocr_par ocr_line ocrx_word'/>
</head>
<body>
  <div class='ocr_page' id='page_1' title='image "./historiaecclesi00hussgoog_0178.png"; bbox 0 0 3100 5125; ppageno 0'>
   <div class='ocr_carea' id='block_1_1' title="bbox 485 353 1273 456">
    <p class='ocr_par' dir='ltr' id='par_1_1' title="bbox 485 353 1273 456">
     <span class='ocr_line' id='line_1_1' title="bbox 485 353 1273 456; baseline 0.009 -36"><span class='ocrx_word' id='word_1_1' title='bbox 485 353 650 420; x_wconf 81' lang='lat' dir='ltr'>GENTIS</span> <span class='ocrx_word' id='word_1_2' title='bbox 674 353 948 456; x_wconf 74' lang='lat' dir='ltr'><strong>ANGLORUM.</strong></span> <span class='ocrx_word' id='word_1_3' title='bbox 1208 360 1273 430; x_wconf 81' lang='lat'><strong>159</strong></span> 
     </span>
    </p>
   </div>
   <div class='ocr_carea' id='block_1_2' title="bbox 134 497 1442 2984">
    <p class='ocr_par' dir='ltr' id='par_1_2' title="bbox 135 497 1342 1103">
     <span class='ocr_line' id='line_1_2' title="bbox 135 497 1342 592; baseline 0.006 -26"><span class='ocrx_word' id='word_1_4' title='bbox 135 523 166 574; x_wconf 73' lang='grc' dir='ltr'><strong>ιε</strong></span> <span class='ocrx_word' id='word_1_5' title='bbox 176 504 244 589; x_wconf 85' lang='lat' dir='ltr'><strong>ejus</strong></span> <span class='ocrx_word' id='word_1_6' title='bbox 259 501 429 582; x_wconf 88' lang='lat' dir='ltr'><strong>occiderat,</strong></span> <span class='ocrx_word' id='word_1_7' title='bbox 445 505 488 568; x_wconf 91' lang='lat' dir='ltr'><strong>ad</strong></span> <span class='ocrx_word' id='word_1_8' title='bbox 502 504 649 568; x_wconf 89' lang='lat' dir='ltr'><strong>ultimum</strong></span> <span class='ocrx_word' id='word_1_9' title='bbox 667 497 861 570; x_wconf 81' lang='lat' dir='ltr'><strong>necessitate</strong></span> <span class='ocrx_word' id='word_1_10' title='bbox 881 513 1016 592; x_wconf 87' lang='lat' dir='ltr'><strong>cogente</strong></span> <span class='ocrx_word' id='word_1_11' title='bbox 1035 507 1182 592; x_wconf 74' lang='lat' dir='ltr'>promisit</span> <span class='ocrx_word' id='word_1_12' title='bbox 1197 530 1231 573; x_wconf 85' lang='lat' dir='ltr'><strong>se</strong></span> <span class='ocrx_word' id='word_1_13' title='bbox 1245 507 1274 573; x_wconf 90' lang='lat' dir='ltr'><strong>ei</strong></span> <span class='ocrx_word' id='word_1_14' title='bbox 1336 530 1342 540; x_wconf 91' lang='lat'><em>·</em></span> 
     </span>
     <span class='ocr_line' id='line_1_3' title="bbox 175 589 1274 680; baseline 0.007 -30"><span class='ocrx_word' id='word_1_15' title='bbox 175 589 341 653; x_wconf 82' lang='lat' dir='ltr'><strong>innumera</strong></span> <span class='ocrx_word' id='word_1_16' title='bbox 365 597 399 655; x_wconf 90' lang='lat' dir='ltr'><strong>et</strong></span> <span class='ocrx_word' id='word_1_17' title='bbox 421 591 543 674; x_wconf 88' lang='lat' dir='ltr'><strong>majora</strong></span> <span class='ocrx_word' id='word_1_18' title='bbox 562 613 658 674; x_wconf 89' lang='lat' dir='ltr'><strong>quam</strong></span> <span class='ocrx_word' id='word_1_19' title='bbox 678 591 765 654; x_wconf 90' lang='lat' dir='ltr'><strong>credi</strong></span> <span class='ocrx_word' id='word_1_20' title='bbox 784 598 893 676; x_wconf 88' lang='lat' dir='ltr'><strong>potest</strong></span> <span class='ocrx_word' id='word_1_21' title='bbox 912 600 1100 657; x_wconf 84' lang='lat' dir='ltr'><strong>ornamenta</strong></span> <span class='ocrx_word' id='word_1_22' title='bbox 1123 595 1212 680; x_wconf 90' lang='lat' dir='ltr'><strong>regia</strong></span> <span class='ocrx_word' id='word_1_23' title='bbox 1225 596 1274 658; x_wconf 90' lang='lat' dir='ltr'><strong>vel</strong></span> 
     </span>
     <span class='ocr_line' id='line_1_4' title="bbox 176 675 1275 762; baseline 0.005 -24"><span class='ocrx_word' id='word_1_24' title='bbox 176 675 309 738; x_wconf 90' lang='lat' dir='ltr'><strong>donaria</strong></span> <span class='ocrx_word' id='word_1_25' title='bbox 330 675 363 738; x_wconf 95' lang='lat' dir='ltr'><strong>in</strong></span> <span class='ocrx_word' id='word_1_26' title='bbox 383 677 524 760; x_wconf 90' lang='lat' dir='ltr'><strong>pretium</strong></span> <span class='ocrx_word' id='word_1_27' title='bbox 544 676 631 760; x_wconf 89' lang='lat' dir='ltr'><strong>pacis</strong></span> <span class='ocrx_word' id='word_1_28' title='bbox 652 676 852 762; x_wconf 84' lang='lat' dir='ltr'><strong>largiturum,</strong></span> <span class='ocrx_word' id='word_1_29' title='bbox 876 678 1047 742; x_wconf 88' lang='lat' dir='ltr'><strong>dummodo</strong></span> <span class='ocrx_word' id='word_1_30' title='bbox 1070 679 1122 742; x_wconf 93' lang='lat' dir='ltr'><strong>ille</strong></span> <span class='ocrx_word' id='word_1_31' title='bbox 1145 680 1275 744; x_wconf 89' lang='lat' dir='ltr'><strong>domum</strong></span> 
     </span>
     <span class='ocr_line' id='line_1_5' title="bbox 176 760 1276 847; baseline 0.007 -25"><span class='ocrx_word' id='word_1_32' title='bbox 176 760 305 837; x_wconf 75' lang='lat' dir='ltr'>rediret,</span> <span class='ocrx_word' id='word_1_33' title='bbox 322 768 355 826; x_wconf 88' lang='lat' dir='ltr'><strong>et</strong></span> <span class='ocrx_word' id='word_1_34' title='bbox 376 761 554 845; x_wconf 85' lang='lat' dir='ltr'><strong>provincias</strong></span> <span class='ocrx_word' id='word_1_35' title='bbox 576 762 665 847; x_wconf 89' lang='lat' dir='ltr'><strong>regni</strong></span> <span class='ocrx_word' id='word_1_36' title='bbox 688 763 764 846; x_wconf 82' lang='lat' dir='ltr'><strong>ejus&#39;</strong></span> <span class='ocrx_word' id='word_1_37' title='bbox 777 784 877 845; x_wconf 85' lang='lat' dir='ltr'><strong>usque</strong></span> <span class='ocrx_word' id='word_1_38' title='bbox 899 764 942 826; x_wconf 91' lang='lat' dir='ltr'><strong>ad</strong></span> <span class='ocrx_word' id='word_1_39' title='bbox 963 763 1209 829; x_wconf 90' lang='lat' dir='ltr'><strong>internecionem</strong></span> <span class='ocrx_word' id='word_1_40' title='bbox 1224 788 1276 830; x_wconf 85' lang='lat' dir='ltr'><strong>va-</strong></span> 
     </span>
     <span class='ocr_line' id='line_1_6' title="bbox 177 846 1278 937; baseline 0.005 -29"><span class='ocrx_word' id='word_1_41' title='bbox 177 852 264 910; x_wconf 88' lang='lat' dir='ltr'><strong>stare</strong></span> <span class='ocrx_word' id='word_1_42' title='bbox 293 846 461 910; x_wconf 76' lang='lat' dir='ltr'><strong>desineret.</strong></span> <span class='ocrx_word' id='word_1_43' title='bbox 515 846 656 931; x_wconf 78' lang='lat' dir='ltr'><strong>Cumque</strong></span> <span class='ocrx_word' id='word_1_44' title='bbox 679 870 736 911; x_wconf 89' lang='lat' dir='ltr'><strong>rex</strong></span> <span class='ocrx_word' id='word_1_45' title='bbox 758 847 899 932; x_wconf 88' lang='lat' dir='ltr'><strong>perfidus</strong></span> <span class='ocrx_word' id='word_1_46' title='bbox 926 849 1106 913; x_wconf 88' lang='lat' dir='ltr'><strong>nullatenus</strong></span> <span class='ocrx_word' id='word_1_47' title='bbox 1129 851 1278 937; x_wconf 78' lang='lat' dir='ltr'><strong>precibus</strong></span> 
     </span>
     <span class='ocr_line' id='line_1_7' title="bbox 177 930 1277 1020; baseline 0.006 -27"><span class='ocrx_word' id='word_1_48' title='bbox 177 930 260 994; x_wconf 85' lang='lat' dir='ltr'><strong>illius</strong></span> <span class='ocrx_word' id='word_1_49' title='bbox 288 954 452 996; x_wconf 80' lang='lat' dir='ltr'><strong>assensum</strong></span> <span class='ocrx_word' id='word_1_50' title='bbox 480 935 647 1017; x_wconf 71' lang='lat' dir='ltr'><strong>praeberet,</strong></span> <span class='ocrx_word' id='word_1_51' title='bbox 676 933 732 1016; x_wconf 75' lang='lat' dir='ltr'><strong>&#39;qui</strong></span> <span class='ocrx_word' id='word_1_52' title='bbox 759 940 864 997; x_wconf 89' lang='lat' dir='ltr'><strong>totam</strong></span> <span class='ocrx_word' id='word_1_53' title='bbox 889 935 958 1018; x_wconf 91' lang='lat' dir='ltr'><strong>ejus</strong></span> <span class='ocrx_word' id='word_1_54' title='bbox 981 941 1111 1019; x_wconf 82' lang='lat' dir='ltr'><strong>gentem</strong></span> <span class='ocrx_word' id='word_1_55' title='bbox 1133 959 1154 1000; x_wconf 88' lang='lat' dir='ltr'><strong>a</strong></span> <span class='ocrx_word' id='word_1_56' title='bbox 1178 959 1277 1020; x_wconf 89' lang='lat' dir='ltr'><strong>parvo</strong></span> 
     </span>
     <span class='ocr_line' id='line_1_8' title="bbox 178 1018 1276 1103; baseline 0.006 -24"><span class='ocrx_word' id='word_1_57' title='bbox 178 1027 278 1102; x_wconf 87' lang='lat' dir='ltr'><strong>usque</strong></span> <span class='ocrx_word' id='word_1_58' title='bbox 299 1018 341 1082; x_wconf 88' lang='lat' dir='ltr'><strong>ad</strong></span> <span class='ocrx_word' id='word_1_59' title='bbox 362 1040 513 1103; x_wconf 89' lang='lat' dir='ltr'><strong>magnum</strong></span> <span class='ocrx_word' id='word_1_60' title='bbox 536 1019 640 1082; x_wconf 88' lang='lat' dir='ltr'><strong>delere</strong></span> <span class='ocrx_word' id='word_1_61' title='bbox 662 1026 760 1102; x_wconf 90' lang='lat' dir='ltr'><strong>atque</strong></span> <span class='ocrx_word' id='word_1_62' title='bbox 782 1019 994 1084; x_wconf 88' lang='lat' dir='ltr'><strong>exterminare</strong></span> <span class='ocrx_word' id='word_1_63' title='bbox 1017 1021 1212 1098; x_wconf 88' lang='lat' dir='ltr'><strong>decreverat,</strong></span> <span class='ocrx_word' id='word_1_64' title='bbox 1228 1043 1276 1086; x_wconf 91' lang='lat' dir='ltr'><strong>re-</strong></span> 
     </span>
    </p>

    <p class='ocr_par' dir='ltr' id='par_1_3' title="bbox 136 1102 1440 1702">
     <span class='ocr_line' id='line_1_9' title="bbox 136 1102 1277 1192; baseline 0.004 -28"><span class='ocrx_word' id='word_1_65' title='bbox 136 1117 171 1152; x_wconf 81' lang='lat'><strong>2⁰</strong></span> <span class='ocrx_word' id='word_1_66' title='bbox 179 1102 285 1186; x_wconf 88' lang='lat' dir='ltr'><strong>spexit</strong></span> <span class='ocrx_word' id='word_1_67' title='bbox 299 1102 351 1167; x_wconf 90' lang='lat' dir='ltr'><strong>ille</strong></span> <span class='ocrx_word' id='word_1_68' title='bbox 365 1105 407 1167; x_wconf 87' lang='lat' dir='ltr'><strong>ad</strong></span> <span class='ocrx_word' id='word_1_69' title='bbox 421 1103 535 1168; x_wconf 90' lang='lat' dir='ltr'><strong>divinae</strong></span> <span class='ocrx_word' id='word_1_70' title='bbox 557 1103 710 1167; x_wconf 87' lang='lat' dir='ltr'><strong>auxilium</strong></span> <span class='ocrx_word' id='word_1_71' title='bbox 729 1104 949 1189; x_wconf 71' lang='lat' dir='ltr'><strong>pietatisque</strong></span> <span class='ocrx_word' id='word_1_72' title='bbox 964 1107 1007 1170; x_wconf 87' lang='lat' dir='ltr'><strong>ab</strong></span> <span class='ocrx_word' id='word_1_73' title='bbox 1025 1106 1191 1192; x_wconf 75' lang='lat' dir='ltr'><strong>impietate</strong></span> <span class='ocrx_word' id='word_1_74' title='bbox 1205 1108 1277 1171; x_wconf 88' lang='lat' dir='ltr'><strong>bar-</strong></span> 
     </span>
     <span class='ocr_line' id='line_1_10' title="bbox 178 1188 1276 1276; baseline 0.005 -26"><span class='ocrx_word' id='word_1_75' title='bbox 178 1188 288 1252; x_wconf 88' lang='lat' dir='ltr'><strong>barica</strong></span> <span class='ocrx_word' id='word_1_76' title='bbox 302 1197 411 1273; x_wconf 87' lang='lat' dir='ltr'><strong>posset</strong></span> <span class='ocrx_word' id='word_1_77' title='bbox 426 1189 522 1274; x_wconf 88' lang='lat' dir='ltr'><strong>eripi:</strong></span> <span class='ocrx_word' id='word_1_78' title='bbox 546 1196 683 1273; x_wconf 87' lang='lat' dir='ltr'><strong>votoque</strong></span> <span class='ocrx_word' id='word_1_79' title='bbox 707 1212 740 1253; x_wconf 88' lang='lat' dir='ltr'><strong>se</strong></span> <span class='ocrx_word' id='word_1_80' title='bbox 755 1189 917 1274; x_wconf 88' lang='lat' dir='ltr'><strong>obligans:</strong></span> <span class='ocrx_word' id='word_1_81' title='bbox 943 1191 982 1253; x_wconf 70' lang='lat' dir='ltr'><strong>a*</strong></span> <span class='ocrx_word' id='word_1_82' title='bbox 993 1213 1145 1276; x_wconf 72' lang='lat' dir='ltr'><strong>poponus,</strong></span> <span class='ocrx_word' id='word_1_83' title='bbox 1161 1192 1276 1276; x_wconf 89' lang='lat' dir='ltr'><strong>inquit,</strong></span> 
     </span>
     <span class='ocr_line' id='line_1_11' title="bbox 177 1274 1278 1360; baseline 0.005 -24"><span class='ocrx_word' id='word_1_84' title='bbox 177 1274 270 1338; x_wconf 78' lang='lat' dir='ltr'><strong>nascit</strong></span> <span class='ocrx_word' id='word_1_85' title='bbox 292 1276 425 1360; x_wconf 70' lang='lat' dir='ltr'><strong>accepera</strong></span> <span class='ocrx_word' id='word_1_86' title='bbox 448 1284 550 1338; x_wconf 69' lang='lat' dir='ltr'><strong>codro</strong></span> <span class='ocrx_word' id='word_1_87' title='bbox 572 1275 712 1352; x_wconf 62' lang='lat' dir='ltr'><strong>mmo,</strong></span> <span class='ocrx_word' id='word_1_88' title='bbox 733 1277 892 1356; x_wconf 64' lang='lat' dir='ltr'><strong>ffacmcs</strong></span> <span class='ocrx_word' id='word_1_89' title='bbox 912 1277 941 1339; x_wconf 80' lang='lat' dir='ltr'><strong>ai</strong></span> <span class='ocrx_word' id='word_1_90' title='bbox 962 1276 1017 1360; x_wconf 80' lang='lat' dir='ltr'><strong>qai</strong></span> <span class='ocrx_word' id='word_1_91' title='bbox 1036 1278 1126 1352; x_wconf 77' lang='lat' dir='ltr'><strong>accit,</strong></span> <span class='ocrx_word' id='word_1_92' title='bbox 1147 1278 1278 1342; x_wconf 79' lang='lat' dir='ltr'><strong>Domino</strong></span> 
     </span>
     <span class='ocr_line' id='line_1_12' title="bbox 177 1360 1440 1445; baseline 0.005 -23"><span class='ocrx_word' id='word_1_93' title='bbox 177 1360 244 1422; x_wconf 74' lang='lat' dir='ltr'><strong>Deo</strong></span> <span class='ocrx_word' id='word_1_94' title='bbox 258 1369 365 1424; x_wconf 79' lang='lat' dir='ltr'><strong>nostro.</strong></span> <span class='ocrx_word' id='word_1_95' title='bbox 411 1360 511 1425; x_wconf 86' lang='lat' dir='ltr'><strong>Vovit</strong></span> <span class='ocrx_word' id='word_1_96' title='bbox 533 1381 609 1445; x_wconf 90' lang='lat' dir='ltr'><strong>ergo</strong></span> <span class='ocrx_word' id='word_1_97' title='bbox 631 1361 706 1445; x_wconf 87' lang='lat' dir='ltr'><strong>quia</strong></span> <span class='ocrx_word' id='word_1_98' title='bbox 728 1361 754 1424; x_wconf 88' lang='lat' dir='ltr'><strong>si</strong></span> <span class='ocrx_word' id='word_1_99' title='bbox 769 1360 871 1424; x_wconf 84' lang='lat' dir='ltr'><strong>victor</strong></span> <span class='ocrx_word' id='word_1_100' title='bbox 892 1361 1053 1439; x_wconf 85' lang='lat' dir='ltr'><strong>existeret,</strong></span> <span class='ocrx_word' id='word_1_101' title='bbox 1068 1362 1167 1427; x_wconf 87' lang='lat' dir='ltr'><strong>filiam</strong></span> <span class='ocrx_word' id='word_1_102' title='bbox 1187 1382 1374 1431; x_wconf 71' lang='lat' dir='ltr'><strong>suamvocrm</strong></span> <span class='ocrx_word' id='word_1_103' title='bbox 1386 1379 1440 1443; x_wconf 77' lang='lat' dir='ltr'><strong>ejus</strong></span> 
     </span>
     <span class='ocr_line' id='line_1_13' title="bbox 178 1443 1383 1531; baseline 0.006 -25"><span class='ocrx_word' id='word_1_104' title='bbox 178 1443 317 1509; x_wconf 89' lang='lat' dir='ltr'><strong>Domino</strong></span> <span class='ocrx_word' id='word_1_105' title='bbox 337 1467 429 1510; x_wconf 85' lang='lat' dir='ltr'><strong>sacra</strong></span> <span class='ocrx_word' id='word_1_106' title='bbox 448 1445 631 1531; x_wconf 88' lang='lat' dir='ltr'><strong>virginitate</strong></span> <span class='ocrx_word' id='word_1_107' title='bbox 651 1445 836 1510; x_wconf 84' lang='lat' dir='ltr'><strong>idicandam</strong></span> <span class='ocrx_word' id='word_1_108' title='bbox 855 1445 1004 1520; x_wconf 86' lang='lat' dir='ltr'><strong>offerret;</strong></span> <span class='ocrx_word' id='word_1_109' title='bbox 1036 1447 1128 1511; x_wconf 89' lang='lat' dir='ltr'><strong>simul</strong></span> <span class='ocrx_word' id='word_1_110' title='bbox 1148 1454 1182 1512; x_wconf 88' lang='lat' dir='ltr'><strong>et</strong></span> <span class='ocrx_word' id='word_1_111' title='bbox 1201 1447 1315 1512; x_wconf 73' lang='lat' dir='ltr'><strong>duo-‘³⁰</strong></span> <span class='ocrx_word' id='word_1_112' title='bbox 1326 1446 1383 1494; x_wconf 70' lang='lat'><strong>⁶¹⁵⁸·</strong></span> 
     </span>
     <span class='ocr_line' id='line_1_14' title="bbox 178 1530 1278 1616; baseline 0.007 -24"><span class='ocrx_word' id='word_1_113' title='bbox 178 1530 284 1594; x_wconf 84' lang='lat' dir='ltr'><strong>decim</strong></span> <span class='ocrx_word' id='word_1_114' title='bbox 313 1531 525 1616; x_wconf 87' lang='lat' dir='ltr'><strong>possessiones</strong></span> <span class='ocrx_word' id='word_1_115' title='bbox 551 1532 743 1616; x_wconf 89' lang='lat' dir='ltr'><strong>praediorum</strong></span> <span class='ocrx_word' id='word_1_116' title='bbox 772 1532 815 1595; x_wconf 86' lang='lat' dir='ltr'><strong>ad</strong></span> <span class='ocrx_word' id='word_1_117' title='bbox 840 1533 1055 1597; x_wconf 87' lang='lat' dir='ltr'><strong>construenda.</strong></span> <span class='ocrx_word' id='word_1_118' title='bbox 1083 1533 1278 1600; x_wconf 81' lang='lat' dir='ltr'><strong>monasterie</strong></span> 
     </span>
     <span class='ocr_line' id='line_1_15' title="bbox 179 1615 1277 1702; baseline 0.006 -25"><span class='ocrx_word' id='word_1_119' title='bbox 179 1615 334 1680; x_wconf 88' lang='lat' dir='ltr'><strong>donaret:</strong></span> <span class='ocrx_word' id='word_1_120' title='bbox 359 1623 392 1680; x_wconf 91' lang='lat' dir='ltr'><strong>et</strong></span> <span class='ocrx_word' id='word_1_121' title='bbox 414 1617 458 1680; x_wconf 90' lang='lat' dir='ltr'><strong>sic</strong></span> <span class='ocrx_word' id='word_1_122' title='bbox 479 1638 551 1680; x_wconf 88' lang='lat' dir='ltr'><strong>cum</strong></span> <span class='ocrx_word' id='word_1_123' title='bbox 572 1616 761 1702; x_wconf 87' lang='lat' dir='ltr'><strong>paucissimo</strong></span> <span class='ocrx_word' id='word_1_124' title='bbox 784 1617 925 1681; x_wconf 87' lang='lat' dir='ltr'><strong>exercitu</strong></span> <span class='ocrx_word' id='word_1_125' title='bbox 945 1640 979 1681; x_wconf 87' lang='lat' dir='ltr'><strong>se</strong></span> <span class='ocrx_word' id='word_1_126' title='bbox 996 1619 1162 1682; x_wconf 80' lang='lat' dir='ltr'><strong>certamini</strong></span> <span class='ocrx_word' id='word_1_127' title='bbox 1178 1620 1277 1684; x_wconf 87' lang='lat' dir='ltr'><strong>dedit.</strong></span> 
     </span>
    </p>

    <p class='ocr_par' dir='ltr' id='par_1_4' title="bbox 136 1700 1278 2230">
     <span class='ocr_line' id='line_1_16' title="bbox 136 1700 1277 1788; baseline 0.004 -25"><span class='ocrx_word' id='word_1_128' title='bbox 136 1707 170 1757; x_wconf 76' lang='lat'><strong>²⁵</strong></span> <span class='ocrx_word' id='word_1_129' title='bbox 179 1700 326 1785; x_wconf 90' lang='lat' dir='ltr'><strong>Denique</strong></span> <span class='ocrx_word' id='word_1_130' title='bbox 346 1703 449 1766; x_wconf 80' lang='lat' dir='ltr'><strong>fertur</strong></span> <span class='ocrx_word' id='word_1_131' title='bbox 463 1701 538 1787; x_wconf 86' lang='lat' dir='ltr'><strong>quia.</strong></span> <span class='ocrx_word' id='word_1_132' title='bbox 557 1703 664 1766; x_wconf 87' lang='lat' dir='ltr'><strong>tricies</strong></span> <span class='ocrx_word' id='word_1_133' title='bbox 685 1704 839 1786; x_wconf 92' lang='lat' dir='ltr'><strong>majorem</strong></span> <span class='ocrx_word' id='word_1_134' title='bbox 860 1702 977 1788; x_wconf 89' lang='lat' dir='ltr'><strong>pagani</strong></span> <span class='ocrx_word' id='word_1_135' title='bbox 999 1704 1169 1769; x_wconf 84' lang='lat' dir='ltr'><strong>habuerint</strong></span> <span class='ocrx_word' id='word_1_136' title='bbox 1189 1727 1277 1768; x_wconf 87' lang='lat' dir='ltr'><strong>exer-</strong></span> 
     </span>
     <span class='ocr_line' id='line_1_17' title="bbox 179 1785 1277 1887; baseline 0.005 -39"><span class='ocrx_word' id='word_1_137' title='bbox 179 1785 297 1862; x_wconf 91' lang='lat' dir='ltr'><strong>eitum;</strong></span> <span class='ocrx_word' id='word_1_138' title='bbox 331 1787 486 1887; x_wconf 85' lang='lat' dir='ltr'><strong>siquidem</strong></span> <span class='ocrx_word' id='word_1_139' title='bbox 508 1787 568 1872; x_wconf 89' lang='lat' dir='ltr'><strong>ipsi</strong></span> <span class='ocrx_word' id='word_1_140' title='bbox 592 1788 727 1874; x_wconf 88' lang='lat' dir='ltr'><strong>triginta</strong></span> <span class='ocrx_word' id='word_1_141' title='bbox 751 1788 891 1873; x_wconf 85' lang='lat' dir='ltr'><strong>legiones</strong></span> <span class='ocrx_word' id='word_1_142' title='bbox 916 1788 1049 1852; x_wconf 85' lang='lat' dir='ltr'><strong>ducibus</strong></span> <span class='ocrx_word' id='word_1_143' title='bbox 1074 1790 1277 1854; x_wconf 89' lang='lat' dir='ltr'><strong>nobilissimis</strong></span> 
     </span>
     <span class='ocr_line' id='line_1_18' title="bbox 177 1869 1276 1958; baseline 0.005 -24"><span class='ocrx_word' id='word_1_144' title='bbox 177 1869 353 1936; x_wconf 89' lang='lat' dir='ltr'><strong>instructas</strong></span> <span class='ocrx_word' id='word_1_145' title='bbox 373 1895 406 1936; x_wconf 89' lang='lat' dir='ltr'><strong>1n</strong></span> <span class='ocrx_word' id='word_1_146' title='bbox 425 1873 508 1936; x_wconf 91' lang='lat' dir='ltr'><strong>bello</strong></span> <span class='ocrx_word' id='word_1_147' title='bbox 527 1874 675 1951; x_wconf 89' lang='lat' dir='ltr'><strong>habuere,</strong></span> <span class='ocrx_word' id='word_1_148' title='bbox 692 1873 806 1958; x_wconf 88' lang='lat' dir='ltr'><strong>quibus</strong></span> <span class='ocrx_word' id='word_1_149' title='bbox 821 1873 921 1938; x_wconf 86' lang='lat' dir='ltr'><strong>Osuiu</strong></span> <span class='ocrx_word' id='word_1_150' title='bbox 940 1896 997 1937; x_wconf 89' lang='lat' dir='ltr'><strong>rex</strong></span> <span class='ocrx_word' id='word_1_151' title='bbox 1020 1896 1093 1938; x_wconf 92' lang='lat' dir='ltr'><strong>cum</strong></span> <span class='ocrx_word' id='word_1_152' title='bbox 1110 1875 1276 1940; x_wconf 87' lang='lat' dir='ltr'><strong>Alchfrido</strong></span> 
     </span>
     <span class='ocr_line' id='line_1_19' title="bbox 177 1956 1277 2043; baseline 0.005 -24"><span class='ocrx_word' id='word_1_153' title='bbox 177 1956 254 2032; x_wconf 89' lang='lat' dir='ltr'><strong>filio,</strong></span> <span class='ocrx_word' id='word_1_154' title='bbox 269 1980 468 2043; x_wconf 86' lang='lat' dir='ltr'><strong>perparvum,</strong></span> <span class='ocrx_word' id='word_1_155' title='bbox 484 1964 521 2022; x_wconf 91' lang='lat' dir='ltr'><strong>ut</strong></span> <span class='ocrx_word' id='word_1_156' title='bbox 539 1958 614 2036; x_wconf 87' lang='lat' dir='ltr'><strong>dixi,</strong></span> <span class='ocrx_word' id='word_1_157' title='bbox 630 1960 751 2023; x_wconf 86' lang='lat' dir='ltr'><strong>habens</strong></span> <span class='ocrx_word' id='word_1_158' title='bbox 770 1959 955 2035; x_wconf 89' lang='lat' dir='ltr'><strong>exercitum,</strong></span> <span class='ocrx_word' id='word_1_159' title='bbox 977 1961 1033 2023; x_wconf 85' lang='lat' dir='ltr'><strong>sed</strong></span> <span class='ocrx_word' id='word_1_160' title='bbox 1048 1960 1177 2025; x_wconf 83' lang='lat' dir='ltr'><strong>Ohristo</strong></span> <span class='ocrx_word' id='word_1_161' title='bbox 1197 1962 1277 2025; x_wconf 89' lang='lat' dir='ltr'><strong>duce</strong></span> 
     </span>
     <span class='ocr_line' id='line_1_20' title="bbox 177 2043 1278 2131; baseline 0.005 -26"><span class='ocrx_word' id='word_1_162' title='bbox 177 2043 315 2106; x_wconf 86' lang='lat' dir='ltr'><strong>confisus</strong></span> <span class='ocrx_word' id='word_1_163' title='bbox 331 2044 478 2108; x_wconf 89' lang='lat' dir='ltr'><strong>occurrit.</strong></span> <span class='ocrx_word' id='word_1_164' title='bbox 524 2044 607 2108; x_wconf 87' lang='lat' dir='ltr'><strong>Nam</strong></span> <span class='ocrx_word' id='word_1_165' title='bbox 627 2045 707 2109; x_wconf 89' lang='lat' dir='ltr'><strong>alius</strong></span> <span class='ocrx_word' id='word_1_166' title='bbox 726 2044 810 2107; x_wconf 89' lang='lat' dir='ltr'><strong>filius</strong></span> <span class='ocrx_word' id='word_1_167' title='bbox 828 2046 896 2129; x_wconf 89' lang='lat' dir='ltr'><strong>ejus</strong></span> <span class='ocrx_word' id='word_1_168' title='bbox 922 2045 1055 2130; x_wconf 83' lang='lat' dir='ltr'><strong>Eogliid</strong></span> <span class='ocrx_word' id='word_1_169' title='bbox 1076 2068 1114 2110; x_wconf 90' lang='lat' dir='ltr'><strong>eo</strong></span> <span class='ocrx_word' id='word_1_170' title='bbox 1134 2053 1278 2131; x_wconf 87' lang='lat' dir='ltr'><strong>tempore</strong></span> 
     </span>
     <span class='ocr_line' id='line_1_21' title="bbox 176 2127 1276 2230; baseline 0.005 -40"><span class='ocrx_word' id='word_1_171' title='bbox 176 2127 210 2190; x_wconf 92' lang='lat' dir='ltr'><strong>in</strong></span> <span class='ocrx_word' id='word_1_172' title='bbox 232 2129 393 2212; x_wconf 89' lang='lat' dir='ltr'><strong>provincia</strong></span> <span class='ocrx_word' id='word_1_173' title='bbox 416 2128 610 2193; x_wconf 90' lang='lat' dir='ltr'><strong>Merciorum</strong></span> <span class='ocrx_word' id='word_1_174' title='bbox 638 2131 724 2218; x_wconf 89' lang='lat' dir='ltr'><strong>apud</strong></span> <span class='ocrx_word' id='word_1_175' title='bbox 752 2131 895 2230; x_wconf 90' lang='lat' dir='ltr'><strong>reginam</strong></span> <span class='ocrx_word' id='word_1_176' title='bbox 916 2130 1052 2214; x_wconf 80' lang='lat' dir='ltr'><strong>Gynuise</strong></span> <span class='ocrx_word' id='word_1_177' title='bbox 1074 2133 1167 2195; x_wconf 87' lang='lat' dir='ltr'><strong>obses</strong></span> <span class='ocrx_word' id='word_1_178' title='bbox 1188 2139 1276 2196; x_wconf 92' lang='lat' dir='ltr'><strong>tene-</strong></span> 
     </span>
    </p>

    <p class='ocr_par' dir='ltr' id='par_1_5' title="bbox 134 2213 1279 2814">
     <span class='ocr_line' id='line_1_22' title="bbox 134 2213 1276 2300; baseline 0.001 -20"><span class='ocrx_word' id='word_1_179' title='bbox 134 2213 284 2280; x_wconf 74' lang='lat' dir='ltr'><strong>robatur.</strong></span> <span class='ocrx_word' id='word_1_180' title='bbox 330 2215 430 2279; x_wconf 89' lang='lat' dir='ltr'><strong>Filius</strong></span> <span class='ocrx_word' id='word_1_181' title='bbox 451 2220 560 2280; x_wconf 88' lang='lat' dir='ltr'><strong>autem</strong></span> <span class='ocrx_word' id='word_1_182' title='bbox 582 2215 713 2279; x_wconf 87' lang='lat' dir='ltr'><strong>Osualdi</strong></span> <span class='ocrx_word' id='word_1_183' title='bbox 733 2237 817 2300; x_wconf 81' lang='lat' dir='ltr'><strong>regis</strong></span> <span class='ocrx_word' id='word_1_184' title='bbox 835 2215 1001 2293; x_wconf 86' lang='lat' dir='ltr'><strong>Oidilvald,</strong></span> <span class='ocrx_word' id='word_1_185' title='bbox 1017 2216 1072 2300; x_wconf 93' lang='lat' dir='ltr'><strong>qui</strong></span> <span class='ocrx_word' id='word_1_186' title='bbox 1092 2217 1138 2280; x_wconf 87' lang='lat' dir='ltr'><strong>eis</strong></span> <span class='ocrx_word' id='word_1_187' title='bbox 1159 2217 1276 2281; x_wconf 89' lang='lat' dir='ltr'><strong>auxilio</strong></span> 
     </span>
     <span class='ocr_line' id='line_1_23' title="bbox 177 2300 1277 2387; baseline 0.004 -25"><span class='ocrx_word' id='word_1_188' title='bbox 177 2320 247 2362; x_wconf 87' lang='lat' dir='ltr'><strong>esse</strong></span> <span class='ocrx_word' id='word_1_189' title='bbox 262 2300 425 2377; x_wconf 83' lang='lat' dir='ltr'><strong>debuerat,</strong></span> <span class='ocrx_word' id='word_1_190' title='bbox 442 2301 474 2362; x_wconf 91' lang='lat' dir='ltr'><strong>in</strong></span> <span class='ocrx_word' id='word_1_191' title='bbox 492 2305 586 2384; x_wconf 87' lang='lat' dir='ltr'><strong>&#39;parte</strong></span> <span class='ocrx_word' id='word_1_192' title='bbox 607 2307 677 2365; x_wconf 87' lang='lat' dir='ltr'><strong>erat</strong></span> <span class='ocrx_word' id='word_1_193' title='bbox 691 2300 953 2378; x_wconf 86' lang='lat' dir='ltr'><strong>adversariorum,</strong></span> <span class='ocrx_word' id='word_1_194' title='bbox 969 2301 1150 2387; x_wconf 91' lang='lat' dir='ltr'><strong>eisdemque</strong></span> <span class='ocrx_word' id='word_1_195' title='bbox 1164 2309 1277 2367; x_wconf 88' lang='lat' dir='ltr'><strong>contra</strong></span> 
     </span>
     <span class='ocr_line' id='line_1_24' title="bbox 176 2385 1276 2472; baseline 0.004 -24"><span class='ocrx_word' id='word_1_196' title='bbox 176 2385 317 2470; x_wconf 89' lang='lat' dir='ltr'><strong>patriam</strong></span> <span class='ocrx_word' id='word_1_197' title='bbox 346 2391 379 2450; x_wconf 91' lang='lat' dir='ltr'><strong>et</strong></span> <span class='ocrx_word' id='word_1_198' title='bbox 408 2392 559 2470; x_wconf 90' lang='lat' dir='ltr'><strong>patruum</strong></span> <span class='ocrx_word' id='word_1_199' title='bbox 588 2407 680 2449; x_wconf 85' lang='lat' dir='ltr'><strong>suum</strong></span> <span class='ocrx_word' id='word_1_200' title='bbox 709 2386 918 2472; x_wconf 76' lang='lat' dir='ltr'><strong>l‘pugnaturis</strong></span> <span class='ocrx_word' id='word_1_201' title='bbox 954 2387 1069 2451; x_wconf 87' lang='lat' dir='ltr'><strong>ductor</strong></span> <span class='ocrx_word' id='word_1_202' title='bbox 1097 2387 1276 2466; x_wconf 84' lang='lat' dir='ltr'><strong>exstiterat,</strong></span> 
     </span>
     <span class='ocr_line' id='line_1_25' title="bbox 177 2471 1278 2557; baseline 0.005 -25"><span class='ocrx_word' id='word_1_203' title='bbox 177 2471 320 2554; x_wconf 87' lang='lat' dir='ltr'><strong>quamvis</strong></span> <span class='ocrx_word' id='word_1_204' title='bbox 334 2471 403 2555; x_wconf 91' lang='lat' dir='ltr'><strong>ipso</strong></span> <span class='ocrx_word' id='word_1_205' title='bbox 414 2478 556 2556; x_wconf 90' lang='lat' dir='ltr'><strong>tempore</strong></span> <span class='ocrx_word' id='word_1_206' title='bbox 571 2472 733 2557; x_wconf 88' lang='lat' dir='ltr'><strong>pugnandi</strong></span> <span class='ocrx_word' id='word_1_207' title='bbox 748 2494 817 2536; x_wconf 86' lang='lat' dir='ltr'><strong>sese</strong></span> <span class='ocrx_word' id='word_1_208' title='bbox 831 2494 946 2557; x_wconf 80' lang='lat' dir='ltr'><strong>pugnae</strong></span> <span class='ocrx_word' id='word_1_209' title='bbox 960 2474 1175 2551; x_wconf 87' lang='lat' dir='ltr'><strong>subtraxerat,</strong></span> <span class='ocrx_word' id='word_1_210' title='bbox 1187 2495 1278 2537; x_wconf 87' lang='lat' dir='ltr'><strong>even-</strong></span> 
     </span>
     <span class='ocr_line' id='line_1_26' title="bbox 177 2557 1278 2645; baseline 0.005 -26"><span class='ocrx_word' id='word_1_211' title='bbox 177 2560 309 2641; x_wconf 88' lang='lat' dir='ltr'><strong>tumque</strong></span> <span class='ocrx_word' id='word_1_212' title='bbox 339 2557 528 2621; x_wconf 88' lang='lat' dir='ltr'><strong>discriminis</strong></span> <span class='ocrx_word' id='word_1_213' title='bbox 554 2564 626 2622; x_wconf 90' lang='lat' dir='ltr'><strong>tuto</strong></span> <span class='ocrx_word' id='word_1_214' title='bbox 656 2557 689 2621; x_wconf 91' lang='lat' dir='ltr'><strong>in</strong></span> <span class='ocrx_word' id='word_1_215' title='bbox 712 2559 783 2623; x_wconf 90' lang='lat' dir='ltr'><strong>loco</strong></span> <span class='ocrx_word' id='word_1_216' title='bbox 813 2560 1029 2642; x_wconf 87' lang='lat' dir='ltr'><strong>exspectabat.</strong></span> <span class='ocrx_word' id='word_1_217' title='bbox 1085 2558 1171 2624; x_wconf 93' lang='lat' dir='ltr'><strong>Inito</strong></span> <span class='ocrx_word' id='word_1_218' title='bbox 1201 2582 1278 2645; x_wconf 88' lang='lat' dir='ltr'><strong>ergo</strong></span> 
     </span>
     <span class='ocr_line' id='line_1_27' title="bbox 178 2641 1279 2730; baseline 0.004 -25"><span class='ocrx_word' id='word_1_219' title='bbox 178 2641 352 2707; x_wconf 89' lang='lat' dir='ltr'><strong>certamine</strong></span> <span class='ocrx_word' id='word_1_220' title='bbox 375 2644 477 2729; x_wconf 84' lang='lat' dir='ltr'><strong>fugati</strong></span> <span class='ocrx_word' id='word_1_221' title='bbox 501 2649 633 2708; x_wconf 91' lang='lat' dir='ltr'><strong>suntet</strong></span> <span class='ocrx_word' id='word_1_222' title='bbox 659 2644 732 2708; x_wconf 88' lang='lat' dir='ltr'><strong>caesi</strong></span> <span class='ocrx_word' id='word_1_223' title='bbox 754 2643 881 2729; x_wconf 87' lang='lat' dir='ltr'><strong>pagani,</strong></span> <span class='ocrx_word' id='word_1_224' title='bbox 906 2644 1002 2707; x_wconf 89' lang='lat' dir='ltr'><strong>duces</strong></span> <span class='ocrx_word' id='word_1_225' title='bbox 1024 2644 1103 2729; x_wconf 91' lang='lat' dir='ltr'><strong>regii</strong></span> <span class='ocrx_word' id='word_1_226' title='bbox 1129 2644 1279 2730; x_wconf 86' lang='lat' dir='ltr'><strong>ltriginta</strong></span> 
     </span>
     <span class='ocr_line' id='line_1_28' title="bbox 179 2726 1277 2814; baseline 0.003 -24"><span class='ocrx_word' id='word_1_227' title='bbox 179 2726 233 2810; x_wconf 92' lang='lat' dir='ltr'><strong>qui</strong></span> <span class='ocrx_word' id='word_1_228' title='bbox 256 2728 298 2791; x_wconf 88' lang='lat' dir='ltr'><strong>ad</strong></span> <span class='ocrx_word' id='word_1_229' title='bbox 317 2728 469 2793; x_wconf 90' lang='lat' dir='ltr'><strong>auxilium</strong></span> <span class='ocrx_word' id='word_1_230' title='bbox 493 2736 646 2793; x_wconf 89' lang='lat' dir='ltr'><strong>venerant</strong></span> <span class='ocrx_word' id='word_1_231' title='bbox 665 2752 746 2814; x_wconf 90' lang='lat' dir='ltr'><strong>pene</strong></span> <span class='ocrx_word' id='word_1_232' title='bbox 766 2750 875 2792; x_wconf 90' lang='lat' dir='ltr'><strong>omnes</strong></span> <span class='ocrx_word' id='word_1_233' title='bbox 895 2728 1076 2793; x_wconf 85' lang='lat' dir='ltr'><strong>interfecti:</strong></span> <span class='ocrx_word' id='word_1_234' title='bbox 1109 2729 1142 2792; x_wconf 93' lang='lat' dir='ltr'><strong>in</strong></span> <span class='ocrx_word' id='word_1_235' title='bbox 1162 2730 1277 2813; x_wconf 88' lang='lat' dir='ltr'><strong>quibus</strong></span> 
     </span>
    </p>

    <p class='ocr_par' dir='ltr' id='par_1_6' title="bbox 135 2812 1442 2984">
     <span class='ocr_line' id='line_1_29' title="bbox 135 2812 1276 2914; baseline 0.005 -42"><span class='ocrx_word' id='word_1_236' title='bbox 135 2812 342 2876; x_wconf 84' lang='lat' dir='ltr'><strong>3⁵AEdilheri</strong></span> <span class='ocrx_word' id='word_1_237' title='bbox 370 2813 471 2877; x_wconf 87' lang='lat' dir='ltr'><strong>frater</strong></span> <span class='ocrx_word' id='word_1_238' title='bbox 500 2814 637 2878; x_wconf 83' lang='lat' dir='ltr'><strong>mAnnae</strong></span> <span class='ocrx_word' id='word_1_239' title='bbox 666 2814 750 2900; x_wconf 90' lang='lat' dir='ltr'><strong>regis</strong></span> <span class='ocrx_word' id='word_1_240' title='bbox 777 2814 986 2877; x_wconf 84' lang='lat' dir='ltr'><strong>Orientalium</strong></span> <span class='ocrx_word' id='word_1_241' title='bbox 1013 2814 1192 2899; x_wconf 85' lang='lat' dir='ltr'><strong>Anglorum</strong></span> <span class='ocrx_word' id='word_1_242' title='bbox 1221 2814 1276 2914; x_wconf 89' lang='lat' dir='ltr'><strong>qui</strong></span> 
     </span>
     <span class='ocr_line' id='line_1_30' title="bbox 177 2899 1442 2984; baseline 0.005 -24"><span class='ocrx_word' id='word_1_243' title='bbox 177 2905 254 2982; x_wconf 94' lang='lat' dir='ltr'><strong>post</strong></span> <span class='ocrx_word' id='word_1_244' title='bbox 275 2920 347 2962; x_wconf 92' lang='lat' dir='ltr'><strong>eum</strong></span> <span class='ocrx_word' id='word_1_245' title='bbox 369 2900 523 2984; x_wconf 90' lang='lat' dir='ltr'><strong>regnavit,</strong></span> <span class='ocrx_word' id='word_1_246' title='bbox 544 2906 658 2964; x_wconf 90' lang='lat' dir='ltr'><strong>auctor</strong></span> <span class='ocrx_word' id='word_1_247' title='bbox 680 2901 747 2984; x_wconf 90' lang='lat' dir='ltr'><strong>ipse</strong></span> <span class='ocrx_word' id='word_1_248' title='bbox 769 2899 854 2977; x_wconf 87' lang='lat' dir='ltr'><strong>belli,</strong></span> <span class='ocrx_word' id='word_1_249' title='bbox 878 2899 1012 2982; x_wconf 87' lang='lat' dir='ltr'><strong>perditis</strong></span> <span class='ocrx_word' id='word_1_250' title='bbox 1034 2899 1188 2964; x_wconf 85' lang='lat' dir='ltr'><strong>militibus</strong></span> <span class='ocrx_word' id='word_1_251' title='bbox 1211 2907 1398 2965; x_wconf 73' lang='lat' dir='ltr'><strong>s1veProe¹i¹¹m</strong></span> <span class='ocrx_word' id='word_1_252' title='bbox 1410 2909 1442 2956; x_wconf 73' lang='lat' dir='ltr'><strong>aa</strong></span> 
     </span>
    </p>
   </div>
   <div class='ocr_carea' id='block_1_3' title="bbox 177 2972 1425 3326">
    <p class='ocr_par' dir='ltr' id='par_1_7' title="bbox 177 2972 1425 3169">
     <span class='ocr_line' id='line_1_31' title="bbox 177 2972 1425 3071; baseline 0.003 -25"><span class='ocrx_word' id='word_1_253' title='bbox 177 2982 305 3046; x_wconf 90' lang='lat' dir='ltr'><strong>auxiliis</strong></span> <span class='ocrx_word' id='word_1_254' title='bbox 326 2984 581 3069; x_wconf 86' lang='lat' dir='ltr'><strong>1¹interemptus:</strong></span> <span class='ocrx_word' id='word_1_255' title='bbox 606 2991 640 3049; x_wconf 91' lang='lat' dir='ltr'><strong>et</strong></span> <span class='ocrx_word' id='word_1_256' title='bbox 659 2986 734 3069; x_wconf 88' lang='lat' dir='ltr'><strong>quia</strong></span> <span class='ocrx_word' id='word_1_257' title='bbox 750 3006 850 3071; x_wconf 91' lang='lat' dir='ltr'><strong>prope</strong></span> <span class='ocrx_word' id='word_1_258' title='bbox 870 2984 1001 3048; x_wconf 88' lang='lat' dir='ltr'><strong>fluvium</strong></span> <span class='ocrx_word' id='word_1_259' title='bbox 1020 2984 1179 3049; x_wconf 86' lang='lat' dir='ltr'><strong>⁰Vinvaed</strong></span> <span class='ocrx_word' id='word_1_260' title='bbox 1199 2972 1425 3071; x_wconf 45' lang='grc' dir='ltr'><strong>ρης-ΜΝ·</strong></span> 
     </span>
     <span class='ocr_line' id='line_1_32' title="bbox 177 3069 1278 3169; baseline 0.004 -38"><span class='ocrx_word' id='word_1_261' title='bbox 177 3074 291 3132; x_wconf 90' lang='lat' dir='ltr'><strong>natum</strong></span> <span class='ocrx_word' id='word_1_262' title='bbox 313 3074 372 3145; x_wconf 89' lang='lat' dir='ltr'><strong>est,</strong></span> <span class='ocrx_word' id='word_1_263' title='bbox 393 3070 447 3153; x_wconf 94' lang='lat' dir='ltr'><strong>qui</strong></span> <span class='ocrx_word' id='word_1_264' title='bbox 469 3076 546 3133; x_wconf 90' lang='lat' dir='ltr'><strong>tunc</strong></span> <span class='ocrx_word' id='word_1_265' title='bbox 566 3092 634 3169; x_wconf 89' lang='lat' dir='ltr'><strong>prae</strong></span> <span class='ocrx_word' id='word_1_266' title='bbox 656 3070 845 3137; x_wconf 91' lang='lat' dir='ltr'><strong>inundantia</strong></span> <span class='ocrx_word' id='word_1_267' title='bbox 866 3069 1043 3154; x_wconf 88' lang='lat' dir='ltr'><strong>pluviarum</strong></span> <span class='ocrx_word' id='word_1_268' title='bbox 1063 3071 1129 3136; x_wconf 89' lang='lat' dir='ltr'><strong>late</strong></span> <span class='ocrx_word' id='word_1_269' title='bbox 1153 3072 1278 3135; x_wconf 89' lang='lat' dir='ltr'><strong>alveum</strong></span> 
     </span>
    </p>

    <p class='ocr_par' dir='ltr' id='par_1_8' title="bbox 178 3154 1278 3242">
     <span class='ocr_line' id='line_1_33' title="bbox 178 3154 1278 3242; baseline 0.006 -27"><span class='ocrx_word' id='word_1_270' title='bbox 178 3174 272 3215; x_wconf 87' lang='lat' dir='ltr'><strong>suum</strong></span> <span class='ocrx_word' id='word_1_271' title='bbox 296 3154 392 3217; x_wconf 91' lang='lat' dir='ltr'><strong>immo</strong></span> <span class='ocrx_word' id='word_1_272' title='bbox 415 3177 524 3219; x_wconf 87' lang='lat' dir='ltr'><strong>omnes</strong></span> <span class='ocrx_word' id='word_1_273' title='bbox 546 3178 633 3240; x_wconf 81' lang='lat' dir='ltr'><strong>ripas</strong></span> <span class='ocrx_word' id='word_1_274' title='bbox 657 3178 730 3220; x_wconf 89' lang='lat' dir='ltr'><strong>suas</strong></span> <span class='ocrx_word' id='word_1_275' title='bbox 752 3155 936 3233; x_wconf 88' lang='lat' dir='ltr'><strong>transierat,</strong></span> <span class='ocrx_word' id='word_1_276' title='bbox 961 3156 1096 3242; x_wconf 92' lang='lat' dir='ltr'><strong>contigit</strong></span> <span class='ocrx_word' id='word_1_277' title='bbox 1118 3163 1155 3220; x_wconf 92' lang='lat' dir='ltr'><strong>ut</strong></span> <span class='ocrx_word' id='word_1_278' title='bbox 1176 3158 1278 3222; x_wconf 88' lang='lat' dir='ltr'><strong>multo</strong></span> 
     </span>
    </p>

    <p class='ocr_par' dir='ltr' id='par_1_9' title="bbox 177 3238 1114 3326">
     <span class='ocr_line' id='line_1_34' title="bbox 177 3238 1114 3326; baseline 0.005 -25"><span class='ocrx_word' id='word_1_279' title='bbox 177 3238 285 3323; x_wconf 89' lang='lat' dir='ltr'><strong>plures</strong></span> <span class='ocrx_word' id='word_1_280' title='bbox 299 3260 383 3324; x_wconf 88' lang='lat' dir='ltr'><strong>aqua</strong></span> <span class='ocrx_word' id='word_1_281' title='bbox 397 3240 562 3326; x_wconf 87' lang='lat' dir='ltr'><strong>fugientes,</strong></span> <span class='ocrx_word' id='word_1_282' title='bbox 578 3264 674 3326; x_wconf 88' lang='lat' dir='ltr'><strong>quam</strong></span> <span class='ocrx_word' id='word_1_283' title='bbox 688 3242 843 3307; x_wconf 86' lang='lat' dir='ltr'><strong>bellantes</strong></span> <span class='ocrx_word' id='word_1_284' title='bbox 857 3241 1006 3326; x_wconf 88' lang='lat' dir='ltr'><strong>perderet</strong></span> <span class='ocrx_word' id='word_1_285' title='bbox 1021 3242 1114 3306; x_wconf 88' lang='lat' dir='ltr'><strong>ensis.</strong></span> 
     </span>
    </p>
   </div>
   <div class='ocr_carea' id='block_1_4' title="bbox 178 3406 1280 3598">
    <p class='ocr_par' dir='ltr' id='par_1_10' title="bbox 178 3406 1280 3598">
     <span class='ocr_line' id='line_1_35' title="bbox 213 3406 1280 3473; baseline 0.002 -18"><span class='ocrx_word' id='word_1_286' title='bbox 213 3406 383 3455; x_wconf 72' lang='lat' dir='ltr'><strong>lacerandam</strong></span> <span class='ocrx_word' id='word_1_287' title='bbox 394 3408 424 3455; x_wconf 90' lang='lat' dir='ltr'><strong>V.</strong></span> <span class='ocrx_word' id='word_1_288' title='bbox 490 3410 678 3471; x_wconf 77' lang='lat' dir='ltr'><strong>kpugnatarar</strong></span> <span class='ocrx_word' id='word_1_289' title='bbox 687 3410 718 3458; x_wconf 91' lang='lat' dir='ltr'><strong>V.</strong></span> <span class='ocrx_word' id='word_1_290' title='bbox 783 3411 873 3471; x_wconf 78' lang='lat' dir='ltr'><strong>lregir</strong></span> <span class='ocrx_word' id='word_1_291' title='bbox 884 3412 1002 3469; x_wconf 66' lang='lat' dir='ltr'><strong>metato,</strong></span> <span class='ocrx_word' id='word_1_292' title='bbox 1015 3418 1039 3458; x_wconf 79' lang='lat' dir='ltr'><strong>et</strong></span> <span class='ocrx_word' id='word_1_293' title='bbox 1048 3412 1092 3473; x_wconf 79' lang='lat' dir='ltr'><strong>qui</strong></span> <span class='ocrx_word' id='word_1_294' title='bbox 1100 3411 1132 3468; x_wconf 92' lang='lat' dir='ltr'><strong>V,</strong></span> <span class='ocrx_word' id='word_1_295' title='bbox 1141 3413 1207 3471; x_wconf 78' lang='lat' dir='ltr'><strong>regii</strong></span> <span class='ocrx_word' id='word_1_296' title='bbox 1218 3413 1280 3472; x_wconf 65' lang='grc' dir='ltr'><strong>τῆς.</strong></span> 
     </span>
     <span class='ocr_line' id='line_1_36' title="bbox 179 3472 1279 3538; baseline 0.005 -19"><span class='ocrx_word' id='word_1_297' title='bbox 179 3478 205 3519; x_wconf 80' lang='lat' dir='ltr'><strong>et</strong></span> <span class='ocrx_word' id='word_1_298' title='bbox 215 3487 237 3533; x_wconf 85' lang='lat' dir='ltr'><strong>q.</strong></span> <span class='ocrx_word' id='word_1_299' title='bbox 250 3472 280 3519; x_wconf 90' lang='lat' dir='ltr'><strong>G.</strong></span> <span class='ocrx_word' id='word_1_300' title='bbox 356 3483 380 3511; x_wconf 80' lang='lat' dir='ltr'><strong>m</strong></span> <span class='ocrx_word' id='word_1_301' title='bbox 392 3473 429 3521; x_wconf 86' lang='lat' dir='ltr'><strong>vel</strong></span> <span class='ocrx_word' id='word_1_302' title='bbox 440 3476 518 3521; x_wconf 83' lang='lat' dir='ltr'><strong>Anna</strong></span> <span class='ocrx_word' id='word_1_303' title='bbox 529 3474 567 3521; x_wconf 87' lang='lat' dir='ltr'><strong>hic</strong></span> <span class='ocrx_word' id='word_1_304' title='bbox 579 3474 719 3535; x_wconf 79' lang='lat' dir='ltr'><strong>legendum,</strong></span> <span class='ocrx_word' id='word_1_305' title='bbox 728 3475 767 3522; x_wconf 89' lang='lat' dir='ltr'><strong>vel</strong></span> <span class='ocrx_word' id='word_1_306' title='bbox 774 3475 856 3523; x_wconf 68' lang='grc' dir='ltr'><strong>ΑΜ</strong></span> <span class='ocrx_word' id='word_1_307' title='bbox 867 3490 920 3535; x_wconf 83' lang='lat' dir='ltr'><strong>sup.</strong></span> <span class='ocrx_word' id='word_1_308' title='bbox 931 3488 969 3522; x_wconf 74' lang='lat'><strong>22.</strong></span> <span class='ocrx_word' id='word_1_309' title='bbox 979 3476 1022 3523; x_wconf 89' lang='lat' dir='ltr'><strong>fin.</strong></span> <span class='ocrx_word' id='word_1_310' title='bbox 1089 3486 1105 3515; x_wconf 75' lang='lat' dir='ltr'><strong>n</strong></span> <span class='ocrx_word' id='word_1_311' title='bbox 1117 3477 1279 3538; x_wconf 73' lang='lat' dir='ltr'><strong>interemptus</strong></span> 
     </span>
     <span class='ocr_line' id='line_1_37' title="bbox 178 3536 957 3598; baseline 0.004 -15"><span class='ocrx_word' id='word_1_312' title='bbox 178 3542 223 3583; x_wconf 77' lang='lat' dir='ltr'><strong>ert.</strong></span> <span class='ocrx_word' id='word_1_313' title='bbox 258 3536 324 3584; x_wconf 71' lang='lat' dir='ltr'><strong>Eia</strong></span> <span class='ocrx_word' id='word_1_314' title='bbox 331 3551 409 3598; x_wconf 84' lang='lat' dir='ltr'><strong>prope</strong></span> <span class='ocrx_word' id='word_1_315' title='bbox 421 3538 450 3585; x_wconf 93' lang='lat' dir='ltr'><strong>V.</strong></span> <span class='ocrx_word' id='word_1_316' title='bbox 517 3538 653 3587; x_wconf 78' lang='lat' dir='ltr'><strong>⁰IcvetC.</strong></span> <span class='ocrx_word' id='word_1_317' title='bbox 669 3538 796 3588; x_wconf 72' lang='lat' dir='ltr'><strong>larvati..</strong></span> <span class='ocrx_word' id='word_1_318' title='bbox 811 3540 917 3587; x_wconf 83' lang='lat' dir='ltr'><strong>Vmwed</strong></span> <span class='ocrx_word' id='word_1_319' title='bbox 927 3539 957 3586; x_wconf 87' lang='lat' dir='ltr'><strong>G.</strong></span> 
     </span>
    </p>
   </div>
   <div class='ocr_carea' id='block_1_5' title="bbox 178 3692 1373 4461">
    <p class='ocr_par' dir='ltr' id='par_1_11' title="bbox 179 3692 1373 4073">
     <span class='ocr_line' id='line_1_38' title="bbox 213 3692 1278 3771; baseline 0.003 -33"><span class='ocrx_word' id='word_1_320' title='bbox 213 3704 252 3767; x_wconf 75' lang='lat' dir='ltr'><strong>op.</strong></span> <span class='ocrx_word' id='word_1_321' title='bbox 268 3692 386 3753; x_wconf 65' lang='lat' dir='ltr'><strong>cynuise]</strong></span> <span class='ocrx_word' id='word_1_322' title='bbox 408 3692 446 3739; x_wconf 84' lang='lat' dir='ltr'><strong>Ex</strong></span> <span class='ocrx_word' id='word_1_323' title='bbox 462 3692 507 3739; x_wconf 82' lang='lat' dir='ltr'><strong>hac</strong></span> <span class='ocrx_word' id='word_1_324' title='bbox 524 3706 599 3740; x_wconf 82' lang='lat' dir='ltr'><strong>uxore</strong></span> <span class='ocrx_word' id='word_1_325' title='bbox 610 3692 696 3741; x_wconf 84' lang='lat' dir='ltr'><strong>hebuit</strong></span> <span class='ocrx_word' id='word_1_326' title='bbox 707 3693 791 3741; x_wconf 81' lang='lat' dir='ltr'><strong>Panda</strong></span> <span class='ocrx_word' id='word_1_327' title='bbox 802 3693 908 3755; x_wconf 88' lang='lat' dir='ltr'><strong>quinque</strong></span> <span class='ocrx_word' id='word_1_328' title='bbox 925 3692 1278 3771; x_wconf 67' lang='lat' dir='ltr'><strong>filiorPeadan3Uolfbe1-qm‚</strong></span> 
     </span>
     <span class='ocr_line' id='line_1_39' title="bbox 180 3756 1373 3893; baseline 0.002 -24"><span class='ocrx_word' id='word_1_329' title='bbox 180 3756 1280 3884; x_wconf 43' lang='grc' dir='ltr'><strong>ἆῖᾞὲἓῖωὲιεΥεξὶῗὲἓὲῗὶῗῶωὲἶὲἒῖἷωὲῗὸῆἒξᾶῗιῖηὲῗὼέἷε3ἶῖηὲἓῖὶῖ</strong></span> <span class='ocrx_word' id='word_1_330' title='bbox 1364 3879 1373 3893; x_wconf 55' lang='lat'><strong>,</strong></span> 
     </span>
     <span class='ocr_line' id='line_1_40' title="bbox 179 3884 1280 3947; baseline 0.004 -16"><span class='ocrx_word' id='word_1_331' title='bbox 179 3884 267 3942; x_wconf 88' lang='lat' dir='ltr'><strong>filiam,</strong></span> <span class='ocrx_word' id='word_1_332' title='bbox 281 3884 380 3931; x_wconf 88' lang='lat' dir='ltr'><strong>nomine</strong></span> <span class='ocrx_word' id='word_1_333' title='bbox 391 3884 548 3945; x_wconf 78' lang='lat' dir='ltr'><strong>Uilburgam‚</strong></span> <span class='ocrx_word' id='word_1_334' title='bbox 558 3884 689 3932; x_wconf 86' lang='lat' dir='ltr'><strong>Friduoldo</strong></span> <span class='ocrx_word' id='word_1_335' title='bbox 700 3885 840 3947; x_wconf 82' lang='lat' dir='ltr'><strong>subregulo,</strong></span> <span class='ocrx_word' id='word_1_336' title='bbox 854 3884 995 3933; x_wconf 76' lang='lat' dir='ltr'><strong>monasterii</strong></span> <span class='ocrx_word' id='word_1_337' title='bbox 1007 3884 1182 3933; x_wconf 82' lang='lat' dir='ltr'><strong>Certeseienris</strong></span> <span class='ocrx_word' id='word_1_338' title='bbox 1192 3887 1280 3935; x_wconf 79' lang='lat' dir='ltr'><strong>funda-</strong></span> 
     </span>
     <span class='ocr_line' id='line_1_41' title="bbox 179 3948 1280 4012; baseline 0.002 -16"><span class='ocrx_word' id='word_1_339' title='bbox 179 3948 227 3997; x_wconf 88' lang='lat' dir='ltr'><strong>tori</strong></span> <span class='ocrx_word' id='word_1_340' title='bbox 239 3955 351 4009; x_wconf 82' lang='lat' dir='ltr'><strong>nuptam‚</strong></span> <span class='ocrx_word' id='word_1_341' title='bbox 363 3955 499 3996; x_wconf 82' lang='lat' dir='ltr'><strong>memorent</strong></span> <span class='ocrx_word' id='word_1_342' title='bbox 512 3948 651 4009; x_wconf 68' lang='lat' dir='ltr'><strong>liudulphus</strong></span> <span class='ocrx_word' id='word_1_343' title='bbox 662 3950 692 3997; x_wconf 85' lang='lat' dir='ltr'><strong>de</strong></span> <span class='ocrx_word' id='word_1_344' title='bbox 704 3950 801 4004; x_wconf 83' lang='lat' dir='ltr'><strong>Diceto,</strong></span> <span class='ocrx_word' id='word_1_345' title='bbox 817 3949 924 4012; x_wconf 49' lang='lat' dir='ltr'><strong>[luysd.</strong></span> <span class='ocrx_word' id='word_1_346' title='bbox 937 3948 1037 4010; x_wconf 77' lang='lat' dir='ltr'><strong>p-438.]</strong></span> <span class='ocrx_word' id='word_1_347' title='bbox 1051 3959 1076 3997; x_wconf 86' lang='lat' dir='ltr'><strong>et</strong></span> <span class='ocrx_word' id='word_1_348' title='bbox 1083 3950 1146 4004; x_wconf 71' lang='lat' dir='ltr'><strong>vita</strong></span> <span class='ocrx_word' id='word_1_349' title='bbox 1157 3964 1177 3997; x_wconf 81' lang='lat' dir='ltr'><strong>a.</strong></span> <span class='ocrx_word' id='word_1_350' title='bbox 1186 3950 1280 3999; x_wconf 77' lang='lat' dir='ltr'><strong>Osithoe</strong></span> 
     </span>
     <span class='ocr_line' id='line_1_42' title="bbox 180 4012 888 4073; baseline -0.003 -12"><span class='ocrx_word' id='word_1_351' title='bbox 180 4012 292 4073; x_wconf 74' lang='lat' dir='ltr'><strong>scriptor.</strong></span> <span class='ocrx_word' id='word_1_352' title='bbox 311 4013 336 4059; x_wconf 89' lang='lat' dir='ltr'><strong>S.</strong></span> <span class='ocrx_word' id='word_1_353' title='bbox 369 4012 435 4060; x_wconf 87' lang='lat' dir='ltr'><strong>Flor.</strong></span> <span class='ocrx_word' id='word_1_354' title='bbox 447 4012 506 4073; x_wconf 74' lang='lat' dir='ltr'><strong>vig.</strong></span> <span class='ocrx_word' id='word_1_355' title='bbox 519 4012 620 4060; x_wconf 81' lang='lat' dir='ltr'><strong>Geneel.</strong></span> <span class='ocrx_word' id='word_1_356' title='bbox 632 4020 657 4061; x_wconf 85' lang='lat' dir='ltr'><strong>et</strong></span> <span class='ocrx_word' id='word_1_357' title='bbox 668 4013 724 4059; x_wconf 90' lang='lat' dir='ltr'><strong>Gul.</strong></span> <span class='ocrx_word' id='word_1_358' title='bbox 738 4012 824 4061; x_wconf 84' lang='lat' dir='ltr'><strong>Malm.</strong></span> <span class='ocrx_word' id='word_1_359' title='bbox 836 4012 854 4061; x_wconf 88' lang='lat' dir='ltr'><strong>i.</strong></span> <span class='ocrx_word' id='word_1_360' title='bbox 863 4030 888 4072; x_wconf 81' lang='lat'><strong>4.</strong></span> 
     </span>
    </p>

    <p class='ocr_par' dir='ltr' id='par_1_12' title="bbox 178 4064 1287 4461">
     <span class='ocr_line' id='line_1_43' title="bbox 215 4064 1280 4138; baseline 0.003 -15"><span class='ocrx_word' id='word_1_361' title='bbox 215 4064 256 4138; x_wconf 60' lang='lat'><strong>34&lt;</strong></span> <span class='ocrx_word' id='word_1_362' title='bbox 274 4076 347 4124; x_wconf 77' lang='lat' dir='ltr'><strong>ducas</strong></span> <span class='ocrx_word' id='word_1_363' title='bbox 363 4078 431 4137; x_wconf 73' lang='lat' dir='ltr'><strong>regii</strong></span> <span class='ocrx_word' id='word_1_364' title='bbox 448 4077 568 4137; x_wconf 70' lang='lat' dir='ltr'><strong>triginta]</strong></span> <span class='ocrx_word' id='word_1_365' title='bbox 584 4078 613 4124; x_wconf 92' lang='lat' dir='ltr'><strong>ln</strong></span> <span class='ocrx_word' id='word_1_366' title='bbox 625 4077 663 4124; x_wconf 84' lang='lat' dir='ltr'><strong>hir</strong></span> <span class='ocrx_word' id='word_1_367' title='bbox 673 4078 712 4125; x_wconf 84' lang='lat' dir='ltr'><strong>val</strong></span> <span class='ocrx_word' id='word_1_368' title='bbox 728 4092 784 4124; x_wconf 88' lang='lat' dir='ltr'><strong>cum</strong></span> <span class='ocrx_word' id='word_1_369' title='bbox 804 4077 842 4124; x_wconf 84' lang='lat' dir='ltr'><strong>lris</strong></span> <span class='ocrx_word' id='word_1_370' title='bbox 862 4076 1005 4123; x_wconf 84' lang='lat' dir='ltr'><strong>numerandi</strong></span> <span class='ocrx_word' id='word_1_371' title='bbox 1024 4083 1086 4124; x_wconf 80' lang='lat' dir='ltr'><strong>sunt</strong></span> <span class='ocrx_word' id='word_1_372' title='bbox 1105 4076 1171 4125; x_wconf 86' lang='lat' dir='ltr'><strong>inter</strong></span> <span class='ocrx_word' id='word_1_373' title='bbox 1187 4078 1280 4127; x_wconf 71' lang='lat' dir='ltr'><strong>ciuilia</strong></span> 
     </span>
     <span class='ocr_line' id='line_1_44' title="bbox 180 4140 1287 4203; baseline 0.001 -14"><span class='ocrx_word' id='word_1_374' title='bbox 180 4140 255 4189; x_wconf 83' lang='lat' dir='ltr'><strong>etiam</strong></span> <span class='ocrx_word' id='word_1_375' title='bbox 269 4140 399 4189; x_wconf 73' lang='lat' dir='ltr'><strong>Britaneaz</strong></span> <span class='ocrx_word' id='word_1_376' title='bbox 416 4141 446 4187; x_wconf 86' lang='lat' dir='ltr'><strong>de</strong></span> <span class='ocrx_word' id='word_1_377' title='bbox 460 4140 549 4201; x_wconf 81' lang='lat' dir='ltr'><strong>quibus</strong></span> <span class='ocrx_word' id='word_1_378' title='bbox 565 4142 616 4189; x_wconf 82' lang='lat' dir='ltr'><strong>lroec</strong></span> <span class='ocrx_word' id='word_1_379' title='bbox 627 4141 749 4197; x_wconf 87' lang='lat' dir='ltr'><strong>Nennius,</strong></span> <span class='ocrx_word' id='word_1_380' title='bbox 764 4140 938 4203; x_wconf 73' lang='lat' dir='ltr'><strong>Orguidfiltus</strong></span> <span class='ocrx_word' id='word_1_381' title='bbox 948 4140 1195 4202; x_wconf 71' lang='lat' dir='ltr'><strong>Ealdfrid-oceidit</strong></span> <span class='ocrx_word' id='word_1_382' title='bbox 1205 4143 1287 4201; x_wconf 65' lang='lat' dir='ltr'><strong>Pan:</strong></span> 
     </span>
     <span class='ocr_line' id='line_1_45' title="bbox 180 4204 1280 4267; baseline 0.001 -14"><span class='ocrx_word' id='word_1_383' title='bbox 180 4208 225 4253; x_wconf 75' lang='lat' dir='ltr'><strong>tta</strong></span> <span class='ocrx_word' id='word_1_384' title='bbox 244 4207 272 4252; x_wconf 78' lang='lat' dir='ltr'><strong>tn</strong></span> <span class='ocrx_word' id='word_1_385' title='bbox 290 4219 375 4266; x_wconf 81' lang='lat' dir='ltr'><strong>cumpo</strong></span> <span class='ocrx_word' id='word_1_386' title='bbox 390 4204 449 4262; x_wconf 82' lang='lat' dir='ltr'><strong>Gai,</strong></span> <span class='ocrx_word' id='word_1_387' title='bbox 462 4212 485 4253; x_wconf 78' lang='lat' dir='ltr'><strong>et</strong></span> <span class='ocrx_word' id='word_1_388' title='bbox 501 4220 569 4252; x_wconf 82' lang='lat' dir='ltr'><strong>nunc</strong></span> <span class='ocrx_word' id='word_1_389' title='bbox 579 4206 655 4266; x_wconf 77' lang='lat' dir='ltr'><strong>sacta</strong></span> <span class='ocrx_word' id='word_1_390' title='bbox 671 4212 708 4253; x_wconf 80' lang='lat' dir='ltr'><strong>eat</strong></span> <span class='ocrx_word' id='word_1_391' title='bbox 723 4212 822 4265; x_wconf 72' lang='lat' dir='ltr'><strong>strages</strong></span> <span class='ocrx_word' id='word_1_392' title='bbox 838 4205 887 4253; x_wconf 80' lang='lat' dir='ltr'><strong>Get</strong></span> <span class='ocrx_word' id='word_1_393' title='bbox 907 4207 999 4265; x_wconf 79' lang='lat' dir='ltr'><strong>compi,</strong></span> <span class='ocrx_word' id='word_1_394' title='bbox 1018 4212 1043 4253; x_wconf 77' lang='lat' dir='ltr'><strong>ee</strong></span> <span class='ocrx_word' id='word_1_395' title='bbox 1060 4221 1132 4267; x_wconf 75' lang='lat' dir='ltr'><strong>reges</strong></span> <span class='ocrx_word' id='word_1_396' title='bbox 1143 4206 1280 4254; x_wconf 81' lang='lat' dir='ltr'><strong>Britonum</strong></span> 
     </span>
     <span class='ocr_line' id='line_1_46' title="bbox 179 4268 1280 4331; baseline 0.003 -15"><span class='ocrx_word' id='word_1_397' title='bbox 179 4268 309 4331; x_wconf 70' lang='lat' dir='ltr'><strong>interfecti</strong></span> <span class='ocrx_word' id='word_1_398' title='bbox 319 4278 388 4324; x_wconf 78' lang='lat' dir='ltr'><strong>sunt,</strong></span> <span class='ocrx_word' id='word_1_399' title='bbox 399 4271 443 4331; x_wconf 82' lang='lat' dir='ltr'><strong>qui</strong></span> <span class='ocrx_word' id='word_1_400' title='bbox 454 4271 570 4317; x_wconf 73' lang='lat' dir='ltr'><strong>exieram</strong></span> <span class='ocrx_word' id='word_1_401' title='bbox 581 4285 637 4317; x_wconf 85' lang='lat' dir='ltr'><strong>cum</strong></span> <span class='ocrx_word' id='word_1_402' title='bbox 648 4284 709 4330; x_wconf 82' lang='lat' dir='ltr'><strong>rege</strong></span> <span class='ocrx_word' id='word_1_403' title='bbox 720 4269 826 4316; x_wconf 76' lang='lat' dir='ltr'><strong>Pantho</strong></span> <span class='ocrx_word' id='word_1_404' title='bbox 841 4271 868 4316; x_wconf 78' lang='lat' dir='ltr'><strong>in</strong></span> <span class='ocrx_word' id='word_1_405' title='bbox 883 4270 1077 4330; x_wconf 48' lang='lat' dir='ltr'><strong>expeditiorem</strong></span> <span class='ocrx_word' id='word_1_406' title='bbox 1111 4270 1184 4317; x_wconf 76' lang='lat' dir='ltr'><strong>Solus</strong></span> <span class='ocrx_word' id='word_1_407' title='bbox 1194 4278 1280 4319; x_wconf 78' lang='lat' dir='ltr'><strong>autem</strong></span> 
     </span>
     <span class='ocr_line' id='line_1_47' title="bbox 183 4332 1280 4393; baseline 0.002 -12"><span class='ocrx_word' id='word_1_408' title='bbox 183 4333 319 4393; x_wconf 75' lang='lat' dir='ltr'><strong>Gorgatan</strong></span> <span class='ocrx_word' id='word_1_409' title='bbox 333 4348 380 4379; x_wconf 74' lang='lat' dir='ltr'><strong>rex</strong></span> <span class='ocrx_word' id='word_1_410' title='bbox 395 4332 542 4380; x_wconf 79' lang='lat' dir='ltr'><strong>Guenedotoe</strong></span> <span class='ocrx_word' id='word_1_411' title='bbox 557 4336 675 4393; x_wconf 70' lang='lat' dir='ltr'><strong>regionis,</strong></span> <span class='ocrx_word' id='word_1_412' title='bbox 687 4348 743 4381; x_wconf 72' lang='lat' dir='ltr'><strong>cram</strong></span> <span class='ocrx_word' id='word_1_413' title='bbox 759 4335 870 4380; x_wconf 74' lang='lat' dir='ltr'><strong>exercitu</strong></span> <span class='ocrx_word' id='word_1_414' title='bbox 888 4348 932 4381; x_wconf 75' lang='lat' dir='ltr'><strong>cuc</strong></span> <span class='ocrx_word' id='word_1_415' title='bbox 951 4336 1030 4381; x_wconf 63' lang='lat' dir='ltr'><strong>eruat</strong></span> <span class='ocrx_word' id='word_1_416' title='bbox 1047 4335 1078 4381; x_wconf 87' lang='lat' dir='ltr'><strong>de</strong></span> <span class='ocrx_word' id='word_1_417' title='bbox 1094 4341 1164 4382; x_wconf 79' lang='lat' dir='ltr'><strong>nocte</strong></span> <span class='ocrx_word' id='word_1_418' title='bbox 1180 4350 1280 4383; x_wconf 78' lang='lat' dir='ltr'><strong>consur-</strong></span> 
     </span>
     <span class='ocr_line' id='line_1_48' title="bbox 178 4397 1057 4461; baseline 0.001 -16"><span class='ocrx_word' id='word_1_419' title='bbox 178 4411 251 4457; x_wconf 73' lang='lat' dir='ltr'><strong>gens,</strong></span> <span class='ocrx_word' id='word_1_420' title='bbox 265 4402 415 4459; x_wconf 76' lang='lat' dir='ltr'><strong>quapropter</strong></span> <span class='ocrx_word' id='word_1_421' title='bbox 426 4404 528 4445; x_wconf 75' lang='lat' dir='ltr'><strong>vocatus</strong></span> <span class='ocrx_word' id='word_1_422' title='bbox 539 4404 575 4445; x_wconf 80' lang='lat' dir='ltr'><strong>eat</strong></span> <span class='ocrx_word' id='word_1_423' title='bbox 587 4399 724 4459; x_wconf 75' lang='lat' dir='ltr'><strong>Cutgctail</strong></span> <span class='ocrx_word' id='word_1_424' title='bbox 738 4397 922 4457; x_wconf 72' lang='lat' dir='ltr'><strong>Ortguommed.</strong></span> <span class='ocrx_word' id='word_1_425' title='bbox 940 4401 953 4457; x_wconf 67' lang='lat' dir='ltr'><strong>t</strong></span> <span class='ocrx_word' id='word_1_426' title='bbox 965 4397 1005 4458; x_wconf 86' lang='lat'><strong>64,</strong></span> <span class='ocrx_word' id='word_1_427' title='bbox 1017 4398 1057 4461; x_wconf 84' lang='lat'><strong>65.</strong></span> 
     </span>
    </p>
   </div>
   <div class='ocr_carea' id='block_1_6' title="bbox 179 4456 1279 4574">
    <p class='ocr_par' dir='ltr' id='par_1_13' title="bbox 179 4456 1279 4574">
     <span class='ocr_line' id='line_1_49' title="bbox 179 4456 1279 4574; baseline 0.003 -66"><span class='ocrx_word' id='word_1_428' title='bbox 179 4459 253 4574; x_wconf 69' lang='lat'><strong>8636.</strong></span> <span class='ocrx_word' id='word_1_429' title='bbox 266 4456 428 4523; x_wconf 68' lang='lat' dir='ltr'><strong>anoedflJ</strong></span> <span class='ocrx_word' id='word_1_430' title='bbox 448 4461 529 4510; x_wconf 84' lang='lat' dir='ltr'><strong>Hodie</strong></span> <span class='ocrx_word' id='word_1_431' title='bbox 542 4462 624 4510; x_wconf 81' lang='lat' dir='ltr'><strong>Brosd</strong></span> <span class='ocrx_word' id='word_1_432' title='bbox 636 4465 695 4523; x_wconf 82' lang='lat' dir='ltr'><strong>Are,</strong></span> <span class='ocrx_word' id='word_1_433' title='bbox 706 4462 747 4524; x_wconf 92' lang='lat' dir='ltr'><strong>qui</strong></span> <span class='ocrx_word' id='word_1_434' title='bbox 758 4461 842 4511; x_wconf 82' lang='lat' dir='ltr'><strong>villam</strong></span> <span class='ocrx_word' id='word_1_435' title='bbox 854 4461 939 4511; x_wconf 74' lang='lat' dir='ltr'><strong>loidis</strong></span> <span class='ocrx_word' id='word_1_436' title='bbox 954 4462 1034 4511; x_wconf 74' lang='lat' dir='ltr'><strong>alluit.</strong></span> <span class='ocrx_word' id='word_1_437' title='bbox 1051 4464 1076 4511; x_wconf 89' lang='lat' dir='ltr'><strong>S.</strong></span> <span class='ocrx_word' id='word_1_438' title='bbox 1110 4463 1243 4520; x_wconf 82' lang='lat' dir='ltr'><strong>cambden,</strong></span> <span class='ocrx_word' id='word_1_439' title='bbox 1256 4478 1279 4525; x_wconf 89' lang='lat' dir='ltr'><strong>p.</strong></span> 
     </span>
     <span class='ocr_line' id='line_1_50' title="bbox 216 4538 235 4572; baseline 0 0"><span class='ocrx_word' id='word_1_440' title='bbox 216 4538 235 4572; x_wconf 86' lang='lat' dir='ltr'><strong>r.</strong></span> 
     </span>
    </p>
   </div>
   <div class='ocr_carea' id='block_1_7' title="bbox 0 0 1565 5125">
    <p class='ocr_par' dir='ltr' id='par_1_14' title="bbox 0 0 1565 5125">
     <span class='ocr_line' id='line_1_51' title="bbox 0 0 1565 5125; baseline 0 0"><span class='ocrx_word' id='word_1_441' title='bbox 0 0 1565 5125; x_wconf 95' lang='lat' dir='ltr'><strong> </strong></span> 
     </span>
    </p>
   </div>
  </div>
 </body>
</html>
