3100 5125
283 357 347 420 ras
618 353 856 421 nrsrorum
877 355 1054 422 nocuas.
1352 357 1422 422 111.
1439 377 1468 439 7.
1534 408 1535 427 .

281 507 399 572 ibidem
413 508 641 594 paganissimos
655 510 820 586 inveniret,
836 508 945 573 utilius
958 529 1029 572 esse
1043 513 1134 572 ratus
1148 515 1199 572 est
1215 508 1260 572 rbi
1275 508 1387 594 potins
1405 538 1466 582 110

281 596 412 658 verbum
432 594 615 678 praedicare,
631 617 727 679 quam
742 595 849 660 l‘ultra
868 594 1083 680 progrediens,
1099 616 1154 657 eos
1169 594 1285 678 quibus
1301 617 1384 680 prae-

282 680 388 743 dicare
403 680 542 757 deberet,
558 679 725 764 inquirere.

137 770 270 850 &Dies-l
327 765 442 849 Itaque
457 765 689 851 evangelizante
704 767 756 829 illo
771 767 804 829 in
818 765 954 851 praefata
967 765 1137 850 provincia,
1153 787 1226 828 cum
1240 788 1299 830 rex
1314 765 1384 866 ipse

176 838 247 913 ΨΜ
283 851 505 928 catechizatus,
517 852 604 915 fonte
615 852 766 936 baptismi
781 874 852 914 curu
867 873 925 914 sua
933 859 1030 936 gente
1040 851 1231 927 ablueretur,
1246 853 1383 937 oontrgit

120 903 262 966 baptismus.
282 943 359 1000 tunc
374 937 527 1020 temporis
548 937 782 1001 sanctissimum
804 960 842 1002 ac
862 936 1151 1000 victoriosissimum
1171 959 1279 1022 regem
1300 937 1404 1006 Nor-⁵
1465 981 1468 987 ·

282 1023 550 1106 denhymbrorum
565 1023 739 1086 Osualdum
754 1023 900 1098 adfuisse,
913 1043 1051 1106 ,eumque
1065 1023 1106 1085 de
1125 1022 1250 1086 lavaero
1265 1045 1381 1086 exeun·

281 1113 348 1172 tem
359 1108 540 1193 suscepisse,
553 1131 590 1172 ac
604 1108 814 1192 pulcherrimo
828 1129 957 1192 prorsus
972 1115 1006 1171 et
1022 1108 1092 1170 Deo
1103 1108 1199 1193 digno
1210 1109 1380 1186 consortio,

281 1194 371 1277 cujus
385 1201 455 1258 erat
470 1193 569 1256 liliam
583 1201 770 1278 accepturus
785 1195 818 1256 in
833 1195 1007 1278 conjugem,
1024 1194 1127 1278 ipsum
1141 1194 1229 1278 prius
1243 1196 1382 1258 secunda

280 1279 485 1365 generatione
500 1280 570 1342 Deo
587 1279 740 1343 'dicatum
756 1279 816 1343 sibi
831 1279 953 1363 accepit
967 1280 1001 1341 in
1014 1279 1122 1341 filium.
1168 1280 1380 1344 Donaverunt

281 1372 389 1429 autem
418 1366 512 1429 ambo
537 1387 628 1450 reges
656 1365 758 1429 eidem
788 1366 935 1450 episcopo
964 1364 1125 1429 civitatem
1151 1387 1221 1448 quae
1247 1374 1381 1430 vocatur

118 1443 194 1522 ⁸5⁶⁶·
208 1441 439 1526 I³⁰¹·fflDorcic,
455 1452 498 1514 ad
513 1450 711 1514 ”faciendum
732 1451 811 1514 inibi
833 1452 940 1515 sedem
962 1451 1190 1536 episcopalcm3
1215 1451 1269 1513 ubi
1283 1451 1380 1515 factis

281 1535 498 1635 dedicatisque
512 1536 659 1636 ecelesiis,
675 1536 844 1635 multisque
858 1536 900 1599 ad
915 1536 1087 1635 Oominum
1108 1537 1162 1620 pio
1182 1536 1251 1620 ejus
1270 1537 1378 1637 labore
1389 1557 1420 1592 ιο

280 1623 404 1772 titt
417 1622 836 1792 ttttffttlttttl.
848 1622 1380 1792 tffllmutltttltttt

279 1800 404 1878 agente,
420 1793 594 1857 translatus
609 1792 682 1856 inde
695 1793 728 1855 in
745 1793 886 1857 Ventam
900 1793 1071 1869 civitatem,
1086 1801 1185 1877 atque
1199 1793 1232 1856 in
1246 1793 1380 1858 ecclesia

162 1949 167 1956 ,
278 1880 447 1942 beatorum
461 1879 676 1962 apostolorum
693 1879 783 1942 Petri
798 1886 832 1943 et
847 1878 939 1977 Pauli
954 1878 1076 1977 positus
1090 1885 1149 1942 est.
1232 1964 1239 1978 ι

117 1966 267 2082 tlte
279 1964 956 2132 ..titillatusstatua
967 1964 1379 2135 mantuae
1390 2066 1417 2114 .

231 2182 236 2191 .
277 2135 392 2210 renuit,
416 2141 450 2198 et
471 2156 535 2198 non
556 2134 657 2198 multo
678 2141 752 2218 post
775 2135 873 2198 etiam
897 2135 986 2220 regni
1010 2135 1172 2199 terrestris
1197 2135 1379 2218 potentiam

277 2220 426 2305 perdidit.
472 2220 652 2304 Repudiata
671 2219 755 2283 enim
778 2243 886 2284 sorore
912 2221 1046 2284 Pendan
1070 2221 1154 2306 regis
1181 2221 1380 2285 Marciorum

277 2327 373 2389 quam
392 2307 537 2382 duxerat,
560 2306 654 2369 aliam
672 2306 797 2390 accepit
818 2328 968 2369 uxorem:
992 2307 1125 2391 ideoque
1141 2306 1224 2369 bello
1245 2306 1378 2390 petitus,

277 2412 315 2455 ac
335 2413 433 2476 regno
453 2392 595 2475 privatus
609 2393 650 2455 ab
666 2391 727 2468 illo,
744 2391 873 2455 secessit
894 2393 936 2456 ad
958 2413 1066 2476 regem
1084 2392 1292 2456 Orientalium
1308 2395 1377 2454 An·

299 2477 411 2550 lorum,
428 2477 477 2540 cui
499 2499 614 2540 nomen
636 2483 706 2542 erat
730 2476 845 2540 Anna:
869 2478 956 2563 apud
974 2499 1068 2561 quem
1086 2477 1223 2542 triennio
1245 2477 1378 2542 exulans

277 2498 375 2627 idem
398 2563 546 2649 cognovit
570 2587 609 2629 ac
639 2563 778 2648 suscepit
803 2564 977 2629 ⁰veritatis.
1024 2565 1107 2628 Nam
1132 2572 1166 2629 et
1194 2561 1262 2648 ipse
1289 2565 1378 2649 apud

300 2671 372 2714 uem
392 2650 543 2714 exulabat
563 2670 620 2713 rex
640 2654 711 2713 erat
725 2649 772 2712 vir
786 2651 897 2726 bonus,
914 2657 948 2714 et
969 2651 1054 2713 bona
1074 2672 1112 2713 ac
1134 2656 1246 2713 sancta
1267 2650 1418 2714 sobole2⁰

277 2670 361 2812 ielix,
377 2742 415 2799 ut
429 2735 463 2798 in
477 2735 681 2820 sequentibus
695 2735 886 2797 docebimus.

115 2830 242 2909 agilberct
321 2821 495 2886 Oum'vero
517 2820 687 2885 restitutus
711 2826 796 2884 esset
819 2820 852 2883 in
875 2842 1008 2907 regnum
1030 2819 1211 2897 Ooinualch,
1234 2820 1376 2885 venitin

113 2910 248 2959 episcopm·
309 2956 325 2995 k
337 2958 402 3004 ultro
414 2957 444 3004 V.
595 2956 604 2995 l
614 2957 754 3005 dedicatum
766 2956 830 3003 V.G.
985 2964 1003 2986 ¹
1015 2957 1151 3009 Dorcincu,
1162 2956 1333 3003 Dorkccaecter
1343 2956 1372 3005 V.

278 3030 292 3059 n
299 3019 448 3083 faciendum
459 3021 522 3069 V.G.
621 3030 635 3059 0
647 3022 780 3071 veritatem
791 3021 821 3071 V.

310 3133 335 3182 8.
346 3134 417 3181 ambo
428 3134 509 3195 reges]
524 3133 649 3182 Osusldus
666 3135 730 3182 enim
748 3135 835 3184 babuit
851 3150 893 3196 per
906 3142 1038 3196 utrumqne
1055 3148 1155 3195 reguum
1174 3133 1285 3193 superins
1296 3132 1376 3180 domi-

277 3198 355 3255 nium,
368 3199 432 3246 sicut
442 3198 502 3246 dicit
513 3198 580 3246 Beda
591 3199 670 3260 capite
682 3201 838 3260 praecedente·
873 3200 912 3247 lta
923 3200 1085 3246 AEdilberctus
1095 3204 1120 3244 et
1130 3197 1258 3244 Saberctus
1269 3212 1339 3259 reges
1349 3198 1376 3245 in

276 3262 380 3311 Paulino
390 3263 482 3323 templo
494 3264 676 3311 consentierunt
685 3264 710 3310 ii.
723 3278 746 3323 3.
766 3265 793 3312 S.
827 3264 902 3311 Multi
916 3264 1016 3311 fuerunt
1029 3262 1153 3322 subreguli
1167 3262 1232 3309 inter
1243 3276 1314 3321 reges
1325 3262 1376 3309 An·

278 3327 383 3388 giorum.
427 3327 465 3374 lta
478 3327 565 3388 Egrice
576 3336 669 3388 partem
682 3330 750 3390 regni
763 3329 883 3391 Sigbercti
894 3328 974 3375 tenuit
988 3328 1013 3374 in
1027 3326 1195 3374 Orientalibus
1207 3326 1305 3387 Anglis,
1315 3327 1376 3373 inlr.

280 3392 322 3450 183
335 3391 433 3452 Sigherc
445 3400 470 3439 et
480 3392 552 3439 Sebbi
559 3392 636 3453 reguli
645 3393 807 3441 Orientalium
819 3394 943 3440 Saxonum
954 3392 1070 3439 Vult'hcre
1078 3389 1179 3451 subjecti
1187 3398 1254 3448 sunt,
1264 3391 1320 3438 infr.
1327 3404 1374 3452 303

277 3455 400 3517 subreguli
413 3464 556 3515 acceperunt
567 3472 667 3518 regnum
681 3457 877 3506 Occidentaliurn
890 3456 1015 3503 Saxonum
1028 3456 1085 3502 infr.
1098 3456 1130 3501 iv.
1141 3468 1177 3502 rt.

309 3535 333 3585 9.
345 3521 448 3582 Dorcio]
464 3520 611 3569 Dorchester
621 3521 646 3567 iu
660 3537 718 3583 agre
730 3521 868 3569 Oxonicnsi
880 3522 911 3568 ad
922 3521 1035 3569 Tamesis
1046 3520 1210 3578 confluentem
1223 3520 1374 3567 alternenim

276 3592 315 3632 est
330 3584 438 3646 ejusdem
454 3584 560 3633 nominis
576 3586 630 3647 pagi
642 3585 800 3635 Dorsetensis
811 3586 877 3633 villa.
910 3586 978 3633 Nota
993 3585 1067 3633 etiam
1084 3585 1148 3644 qnod
1165 3584 1216 3631 hac
1232 3584 1301 3645 regio
1317 3584 1376 3632 licet

276 3656 359 3711 postea
376 3650 406 3697 ad
424 3650 664 3703 Merciostransiret.
676 3658 733 3697 tunc
746 3659 828 3698 tamen
840 3650 924 3698 Occid.
938 3651 1063 3697 Saxonum
1082 3648 1180 3710 regibus
1197 3650 1285 3709 paruit.
1318 3649 1375 3697 Fuit

277 3714 363 3763 Occid.
380 3715 439 3762 Sax.
456 3715 534 3775 primo
552 3730 615 3762 unm
632 3715 766 3777 episcopus,
783 3730 871 3775 nempe
887 3714 929 3762 ille
946 3715 971 3761 in
990 3713 1097 3770 Dorcic3
1119 3728 1175 3760 mox
1192 3714 1250 3773 duc,
1267 3728 1331 3761 nnus
1348 3714 1374 3760 in

277 3778 414 3837 wintonia,
432 3779 494 3827 alter
510 3780 535 3826 in
553 3778 717 3827 scireburnia.
752 3780 800 3828 His
816 3779 919 3837 duobus,
929 3786 1039 3840 tempore
1055 3792 1075 3824 r.
1088 3778 1201 3825 Edwardi
1219 3785 1269 3826 tres
1288 3778 1375 3834 additi,

280 3844 417 3899 wellensis,
437 3844 579 3899 Cridiensis,
600 3843 783 3901 Cornubiensis,
805 3859 850 3891 uec
870 3845 948 3891 multo
968 3851 1024 3905 post
1045 3844 1136 3890 Sextus
1157 3842 1183 3889 in
1204 3843 1374 3890 Ramesbnria.

276 3906 317 3955 W.
330 3908 417 3957 Malm.
434 3910 464 3957 de
480 3909 551 3955 Pont.
563 3907 597 3955 iii.
633 3908 728 3955 Mansit
743 3908 784 3955 hic
800 3910 868 3956 sedes
885 3908 1030 3968 episcopalis
1046 3908 1075 3953 ad
1094 3907 1211 3956 Gulielmi
1228 3908 1302 3969 primi
1314 3916 1375 3955 tem.

276 3986 344 4033 pora,
356 3974 452 4034 quando
464 3988 478 4019 a
489 3972 602 4033 Remigio
612 3972 726 4033 episcopo
738 3972 892 4020 Lincolniam
904 3972 1022 4029 translata
1033 3980 1078 4020 est.
1089 3974 1114 4018 S.

312 4049 349 4084 12.
361 4038 509 4097 translatus]
525 4038 611 4085 Hedde
623 4038 669 4084 fuit
680 4037 812 4085 monachus
822 4044 848 4085 ct
862 4038 937 4085 abbas
948 4037 978 4084 dc
990 4036 1184 4093 streaneshalch,
1197 4035 1227 4082 de
1238 4034 1307 4096 cnjus
1317 4052 1374 4085 suc·

276 4099 386 4150 cessione
397 4102 421 4149 in
433 4102 572 4163 episcopatu
585 4102 640 4148 vide
650 4103 682 4149 iv.
696 4116 734 4149 ra.
757 4102 783 4150 Is
794 4104 874 4150 sedem
887 4102 1013 4149 transtulit
1023 4102 1053 4147 dc
1063 4100 1245 4156 Dorcacestria,
1256 4116 1305 4147 una
1317 4116 1372 4147 cum

276 4180 377 4225 corpore
388 4181 408 4215 s.
420 4166 499 4213 Birini
512 4167 543 4212 ad
555 4166 704 4213 wintoniam
718 4182 739 4213 a.
750 4166 805 4225 683.
818 4167 974 4229 pontificatus
985 4165 1021 4214 sui
1034 4166 1139 4221 decimo,
1152 4165 1200 4212 nisi
1212 4165 1275 4212 male
1288 4180 1372 4212 nume·

277 4236 332 4278 rent
349 4230 448 4279 annales
465 4230 551 4278 breves
562 4230 673 4279 Winton.
693 4232 766 4293 Angl.
780 4233 846 4279 Sacr.
859 4232 876 4280 i.
889 4246 941 4295 ¹93·
975 4232 1014 4278 Ex
1031 4230 1076 4277 hac
1093 4230 1254 4277 translatione
1270 4229 1374 4277 infinite

277 4300 362 4355 postea
372 4295 428 4343 lites
438 4302 497 4343 orta
508 4296 573 4343 inter
584 4296 716 4343 monachos
727 4296 850 4354 winton,
859 4302 884 4344 et
894 4295 1025 4344 canonicos
1034 4294 1132 4341 Dorcic.
1142 4294 1188 4342 sub
1196 4309 1289 4341 annum
1302 4307 1372 4353 1224.

278 4358 420 4407 Celebratur
432 4359 549 4407 memoria
561 4374 580 4407 s.
593 4359 669 4406 Birini
681 4375 695 4421 3
708 4359 768 4408 Dec.
783 4362 808 4408 S.

312 4438 349 4483 14.
361 4424 498 4485 Defuncto]
513 4424 627 4472 Ceuwallr
639 4425 757 4473 sirccessit
767 4426 799 4472 A.
808 4424 841 4471 D.
852 4423 909 4485 643,
920 4438 996 4486 regno
1006 4424 1090 4485 pulsus
1100 4431 1138 4471 est
1148 4425 1178 4471 Α.
1188 4423 1221 4470 D.
1230 4422 1289 4484 645,
1301 4431 1326 4471 et
1337 4438 1374 4471 re·

276 4488 377 4537 stitutus
392 4489 424 4536 A.
433 4488 465 4535 D.
477 4488 533 4545 ⁶48.
557 4488 647 4535 Chron.
666 4489 724 4536 Sax.
745 4488 850 4536 Floreat.
868 4489 922 4550 Vig.
956 4489 1039 4537 Primo
1058 4497 1139 4535 autem
1159 4503 1225 4535 annc
1245 4489 1315 4550 regni
1335 4487 1373 4537 ani

276 4553 306 4602 Α,
316 4553 349 4602 D.
360 4552 418 4613 643,
430 4552 542 4600 fundavit
553 4551 680 4600 ecclesiam
693 4568 712 4603 s.
725 4553 791 4601 Petri
802 4553 942 4601 Wintonioe.
967 4554 1057 4601 Chron.
1070 4553 1129 4600 Sax.
1143 4553 1206 4601 Flor.
1217 4553 1273 4616 vig.
1286 4554 1344 4601 ἀοῖ
