3100 5125
83 339 180 380 -ια,
482 315 647 381 eunus
669 316 943 404 ANGLORUM.
1220 322 1263 384 23

163 475 344 534 testantur:
368 474 520 533 eaeternm
533 468 700 533 ulteriores
715 468 884 533 Britteuiae
899 474 1017 553 partes,
1033 468 1082 532 vel
1096 490 1150 533 eas
1165 469 1263 533 etiam

163 578 233 640 quse
245 554 331 620 ultra
342 554 536 618 Brittaniam
546 561 623 619 sunt
632 554 752 619 insulas
762 555 835 640 jure
849 553 1033 619 dominandi
1047 554 1262 639 possidebant.

605 680 714 745 OAP.
738 680 822 744 XII.

165 787 202 844 Ut
212 788 353 844 Brittones
366 785 498 843 aScottis
510 788 612 843 vastati
622 787 771 861 Pictisque,
784 787 967 842 Romanorum
980 786 1084 843 nuntia
1099 786 1261 861 quesierint,

122 879 151 927 2⁵
202 869 248 943 qni
265 869 379 925 secando
397 868 540 933 venientes,
555 887 659 924 mnrnm
679 875 757 924 trans
777 867 891 923 insulam
904 867 1027 941 fecerint
1037 894 1047 936 ,-
1067 868 1116 923 sed
1131 867 1181 923 hcc
1199 886 1261 923 con-

193 950 293 1023 festim
303 968 320 1004 α
325 949 457 1025 prefatis
466 948 587 1005 testibus
596 946 770 1023 lintemnpto,
780 949 882 1021 majore
891 948 947 1004 sint
957 947 1110 1005 calamitate
1120 949 1248 1021 depressi.

204 1043 291 1106 Exru
312 1056 337 1088 ¹¹¹
348 1042 511 1108 Brittania
529 1042 563 1106 iu
581 1049 674 1128 parte
690 1042 885 1120 Brittonum,
900 1042 986 1105 omni
1005 1049 1131 1107 armato
1150 1042 1260 1121 milita

160 1129 350 1193 militaribus
369 1130 468 1216 copiis
487 1128 649 1207 universis,
668 1134 740 1194 tota
758 1128 880 1192 floridae
898 1128 1074 1212 juventutis
1095 1128 1261 1193 alacritate

161 1216 305 1300 spoliata,
322 1238 392 1300 quae
407 1223 618 1301 tyrannorum
632 1215 814 1280 temeritate
829 1216 969 1279 abducta
984 1228 1161 1299 nnusquam
1176 1214 1261 1280 ultra

121 1328 152 1375 30
160 1303 290 1365 domum
303 1302 407 1378 rediit,
422 1302 539 1386 preedae
554 1308 682 1366 tanturn
695 1300 811 1385 patuit
824 1306 937 1385 utpote
952 1300 1053 1363 onmis
1067 1299 1170 1363 bellici
1185 1322 1261 1363 usus

159 1409 290 1472 prorsus
304 1386 433 1472 ignara:
458 1387 593 1472 denique
608 1387 714 1451 subito
729 1388 852 1451 duabus
872 1386 1021 1472 gentibus
1038 1386 1261 1450 transmarinis

159 1474 362 1537 vehementer
376 1473 476 1551 saevis,
493 1473 677 1538 Scottorum
696 1496 717 1537 a
737 1472 840 1551 circio,
857 1471 1022 1535 Pictorum
1041 1472 1083 1535 ab
1103 1472 1258 1556 aquilone,

159 1559 277 1622 multos
306 1566 414 1643 stupet
442 1558 605 1645 gemitque
633 1582 691 1644 per
719 1581 830 1624 annos.
875 1557 1118 1622 Transmarines
1150 1563 1260 1621 autem

160 1644 292 1708 dicimus
306 1646 364 1709 has
378 1652 499 1730 gentes,
511 1668 576 1708 non
591 1646 676 1729 quod
690 1652 783 1710 extra
795 1643 989 1709 Brittaniam
1003 1650 1109 1707 essent
1122 1644 1256 1727 positae3

160 1731 216 1794 sed
239 1731 313 1814 quia
332 1753 354 1795 a
375 1738 468 1816 parte
483 1730 667 1795 Brittenum
689 1737 783 1795 erant
804 1737 945 1806 remotae,
968 1730 1091 1793 duobus
1114 1728 1259 1792 ⁰siuibus

159 1815 257 1880 maris
271 1816 540 1901 interjacentibus,
553 1839 687 1901 quorum
701 1838 784 1879 unus
798 1818 840 1880 ab
855 1814 1000 1879 orientali
1015 1814 1105 1892 mari,
1120 1815 1203 1878 alter
1216 1816 1258 1878 ab

118 1932 149 1979 35
160 1901 355 1978 occidentali,
372 1902 540 1967 Brittaniae
556 1911 660 1967 terras
676 1903 770 1989 louge
789 1903 916 1986 lateque
936 1900 1098 1985 inrumpit,
1115 1900 1258 1985 quamvis

159 1988 201 2051 ad
222 2010 256 2051 se
276 1987 409 2052 invicem
427 1988 609 2074 pertingere
628 2002 719 2052 Pnon
738 1988 871 2073 possint.
917 1986 1088 2051 Orientalis
1107 1987 1207 2050 habet
1225 1986 1258 2049 in

106 2073 263 2145 50medio
285 2074 333 2137 sui
355 2076 467 2137 urbem
488 2074 619 2151 qGiudi
642 2074 845 2138 occidentalis
867 2094 963 2157 supra
986 2094 1029 2149 se,
1052 2073 1111 2135 hoc
1134 2079 1192 2149 est,
1216 2072 1258 2136 ad

157 2159 325 2223 dexteram
340 2160 388 2223 sui
403 2160 501 2223 habet
515 2162 628 2223 urbem
642 2160 796 2237 Aleluith,
812 2160 896 2245 quod
911 2158 1019 2243 lingua
1033 2179 1143 2221 eorum
1163 2157 1258 2244 signi-

158 2244 235 2309 ficat
248 2251 374 2329 petram
389 2245 516 2319 Oluith3
541 2252 591 2311 est
605 2246 689 2309 enim
701 2247 797 2331 juxte
810 2245 939 2309 fluvium
953 2242 1089 2307 nominis
1103 2244 1195 2307 illius.

202 2330 253 2394 Ob
276 2330 390 2395 harum
414 2353 489 2417 ergo
514 2331 749 2397 infestationem
771 2331 924 2418 gentium,
949 2328 1113 2394 Brittones
1135 2330 1370 2419 legatoshegauo

193 2477 240 2523 tna·
251 2477 387 2538 interrupti
397 2477 426 2523 V.
461 2487 485 2516 m
498 2476 630 2524 Brittania
640 2478 707 2523 omni
719 2476 749 2523 V.
785 2486 799 2515 ¹1
811 2486 939 2537 nunqnam
953 2475 983 2522 G.
1023 2474 1140 2537 nfinitus
1149 2476 1216 2522 mern*
1227 2474 1258 2521 V.
1268 2421 1354 2468 prima·

158 2554 235 2602 pncn
245 2555 297 2590 om.
307 2541 338 2590 V.
403 2552 419 2592 s
434 2541 511 2590 Gnidt
521 2542 551 2589 V.

159 2680 307 2778 ..titt
312 2667 535 2779 mittit
536 2665 923 2789 tztttzttffltttttt‘t
924 2664 1258 2776 ¹t.1¹tt¹ttttt.¹¹tttt

158 2795 204 2843 sub
219 2796 392 2856 angustissima
409 2795 560 2855 monarchia,
570 2801 624 2842 tots
639 2793 736 2856 imperii
753 2792 878 2842 aemulatio
894 2793 920 2839 iu
938 2793 1076 2854 generalem
1092 2791 1257 2842 obedientiam

157 2860 240 2907 cessit.
253 2861 279 2908 S.

194 2925 271 2974 CAP.
284 2923 330 2972 XI
332 2923 364 2984 t]
384 2925 423 2973 De
439 2926 485 2972 hcc
502 2925 591 2986 capite,
602 2923 710 2984 exceptis
720 2919 925 2982 descriptionibus
938 2921 1035 2968 sinuum
1052 2927 1078 2968 et
1088 2921 1153 2969 muri
1164 2937 1179 2969 a
1192 2923 1257 2974 Beda

157 2988 265 3045 insertis,
278 2990 333 3037 vide
344 2989 442 3036 Gildam
454 2990 588 3037 erectione
599 2987 632 3036 xi.
645 2989 676 3036 ad
687 2988 746 3036 xvii.
759 2988 785 3035 S.
798 2988 820 3041 ἐ.
830 2998 868 3037 rt.
881 2993 907 3034 et
917 3000 967 3048 seq.
981 2987 1019 3034 ed.
1031 2988 1176 3034 Steveuson.

191 3068 230 3116 32·
244 3055 440 3103 Transitorium
455 3055 551 3115 antem]
571 3052 695 3114 Quicquid
712 3052 744 3100 sit
760 3052 790 3099 de
808 3051 955 3104 testimoniis
971 3051 1089 3108 classicis,
1105 3066 1137 3100 ex
1153 3051 1198 3098 hac
1215 3051 1256 3099 de·

156 3119 289 3180 scriptione
299 3134 350 3167 non
362 3134 460 3179 possim
472 3119 583 3166 dubitare
593 3117 663 3178 quin,
674 3117 807 3166 secuudum
819 3115 923 3171 Badium,
936 3116 1014 3164 Scotti
1026 3115 1102 3164 simul
1115 3131 1170 3164 cum
1182 3115 1256 3164 Pictis

156 3194 217 3231 tunc
236 3183 354 3245 temporis
371 3189 397 3230 et
416 3199 431 3230 n
448 3183 533 3230 multis
553 3189 618 3229 retro
638 3182 718 3242 annu,
738 3181 800 3228 liras
819 3180 984 3228 habitationes
1005 3182 1036 3228 nd
1056 3181 1256 3240 septentrionalia

155 3248 284 3305 fretorum,
295 3249 360 3296 iufra
375 3248 461 3309 [iutra]
476 3247 581 3295 insulam
597 3246 741 3294 Brittaniam
759 3245 856 3307 proprie
873 3244 962 3293 dietam
979 3246 1115 3293 habuerint.
1134 3245 1161 3292 S.
1175 3245 1256 3292 luter-

155 3313 260 3374 pretatio
272 3314 323 3361 hac
333 3312 401 3360 vocis
411 3314 588 3360 transmarinis
599 3311 670 3359 Bedee
681 3318 727 3366 est,
739 3325 815 3372 quam
826 3310 868 3358 ille
881 3310 958 3358 Gildte
970 3310 1126 3370 descriptioni
1138 3309 1239 3357 addidit.

191 3392 213 3424 r.
229 3379 309 3425 medic
319 3378 370 3439 sus]
386 3377 478 3426 Nescio
492 3391 541 3438 que
556 3375 691 3424 infortunio
706 3376 846 3436 scriptores,
859 3375 924 3422 inter
940 3389 1002 3436 quos
1015 3374 1178 3422 Buchaunuus
1193 3375 1254 3434 ipse3

156 3441 231 3489 Gindi
241 3443 326 3490 urbem
336 3443 495 3503 quadrarint
504 3441 530 3488 in
543 3441 624 3488 medio
636 3440 719 3488 isthmi
736 3440 767 3487 ad
784 3440 883 3488 flurium
896 3439 985 3500 Ceron,
998 3439 1048 3485 imo
1060 3446 1086 3487 et
1095 3453 1179 3487 versus
1190 3439 1255 3487 occi-

155 3506 253 3554 dentem
266 3515 294 3554 ut
304 3506 346 3554 stit
357 3508 389 3554 nd
400 3505 602 3567 Csirpeutsloeh:
621 3519 676 3553 cum
693 3519 777 3552 revera
793 3504 867 3552 situm
885 3503 971 3551 habuit
986 3503 1012 3550 iu
1026 3503 1107 3551 medio
1125 3503 1201 3551 maris
1216 3503 1254 3551 vel

155 3571 225 3618 siuns
235 3570 371 3628 orientalis,
383 3571 408 3618 i'u
420 3571 503 3618 insula
515 3570 640 3618 lnshkeith
651 3570 690 3618 vel
701 3569 848 3627 lushcolme‚
861 3567 925 3616 nictit
939 3567 1095 3616 occidentalis
1106 3583 1137 3616 ex
1152 3568 1255 3616 adverso

155 3635 229 3684 habet
239 3651 313 3696 snpra
323 3651 350 3683 se
361 3637 392 3683 ad
403 3637 523 3694 dextram,
535 3635 644 3683 Alcluith
655 3635 706 3683 sive
718 3632 878 3682 Dunbritton.
891 3634 917 3681 S.

188 3712 212 3758 4.
229 3701 335 3762 legatos]
355 3702 395 3748 De
410 3700 575 3763 legationibus
586 3699 679 3760 respice
690 3713 743 3761 qum
754 3699 888 3746 dictasunt
899 3697 926 3745 in
936 3697 1056 3746 Chronico
1065 3697 1095 3744 ad
1107 3696 1253 3744 Houoriurn.

155 3765 190 3813 lit
205 3779 259 3827 quse
272 3765 375 3813 ulterius
387 3765 491 3814 dicenda
505 3772 563 3813 eunt
576 3765 607 3812 de
621 3763 784 3825 legationibus
799 3769 824 3810 et
839 3777 910 3810 muro
922 3763 953 3810 ud
964 3763 1009 3810 hcc
1020 3769 1095 3824 caput
1104 3763 1131 3808 iu
1142 3762 1254 3823 append.

154 3830 187 3878 N.
196 3845 221 3877 v.
230 3831 255 3876 S.
267 3830 297 3878 lu
309 3830 443 3892 appendice
454 3831 507 3877 fuse
517 3836 543 3877 et
551 3830 623 3878 docte
632 3828 742 3891 disputat
752 3827 831 3876 Smith
843 3828 873 3874 de
884 3828 1051 3876 Romanorum
1064 3827 1140 3874 muris
1151 3827 1182 3874 ad
1193 3826 1254 3875 lines

153 3894 357 3956 septentrionales
367 3894 517 3953 Britanniam
529 3894 599 3955 cujus
610 3899 808 3956 argrrmeutcrum
821 3891 877 3939 finis
889 3893 927 3940 hic
939 3899 984 3940 est.
1007 3891 1104 3938 Primus
1113 3889 1255 3939 Hadrianus

152 3959 288 4020 imperator
303 3974 401 4007 munim
417 3959 487 4006 duxit
503 3960 534 4007 de
548 3958 639 4021 cespite
649 3960 753 4017 tactum,
764 3956 861 4019 qualem
874 3957 942 4004 Beda
952 3955 1043 4004 vallum
1055 3962 1135 4016 vocat,
1148 3955 1178 4003 ab
1189 3955 1254 4003 ostio

153 4022 227 4072 Tiuoe
243 4025 274 4071 sd
290 4025 381 4071 esuum
399 4025 468 4072 Esca
483 4024 509 4072 iu
530 4038 590 4085 agro
607 4023 779 4071 Cumberlaud.
813 4021 871 4069 Post
892 4021 973 4078 illum,
988 4027 1107 4082 regnante
1123 4021 1254 4068 Antonino

151 4088 206 4148 Pio,
218 4089 323 4136 Urbicus
333 4089 438 4136 similem
456 4103 552 4136 murum
569 4088 706 4136 construxit
722 4087 788 4134 inter
800 4085 889 4133 Glottae
905 4091 931 4132 et
941 4085 1063 4132 Bodotrite
1073 4085 1146 4143 treta,
1158 4084 1184 4132 iu
1197 4085 1253 4133 loco

152 4153 195 4200 nbi
214 4153 300 4201 Julius
317 4153 433 4215 Agricola
449 4152 546 4214 imperii
564 4152 669 4200 Romani
690 4150 808 4202 ermines
826 4149 919 4198 fixerat
953 4148 1018 4198 Dein
1037 4150 1141 4198 Severus
1160 4165 1250 4198 uorum

152 4231 262 4274 murum,
274 4217 326 4265 sire
340 4217 443 4276 vallum,
455 4219 486 4266 de
502 4218 592 4278 cespite
608 4216 746 4264 construxit
762 4215 793 4262 ab
809 4215 873 4262 ostio
883 4214 952 4262 liure
969 4214 1000 4261 ad
1017 4229 1084 4262 mare
1100 4214 1252 4263 occidentale

153 4296 229 4342 prope
245 4282 336 4329 ostium
353 4282 462 4330 flismiuis
477 4283 571 4330 lthnuoe
581 4279 684 4345 (Edeu).
718 4281 784 4328 Tum
795 4278 911 4327 Britanni
928 4285 983 4340 post
999 4280 1133 4327 discessum
1146 4279 1251 4342 legionis

152 4347 322 4394 Romanorum
330 4361 403 4409 quam
415 4347 526 4409 precibus
536 4345 622 4407 primis
632 4346 831 4406 impetraverunt,
843 4349 962 4392 eteorum
974 4345 1081 4402 monitu,
1094 4344 1252 4404 sibimetipsis

152 4426 250 4458 murum
268 4427 282 4460 e
298 4411 429 4473 cespitibus
445 4413 525 4460 denno
536 4411 646 4459 feceruut
662 4411 693 4458 sb
704 4407 858 4470 Aberctiruig
869 4409 900 4456 nd
910 4408 1029 4466 Alcluith,
1041 4409 1072 4456 ad
1084 4409 1145 4456 nihil
1157 4409 1251 4457 utilem.
1276 4411 1278 4416 '

154 4476 267 4538 Denique
277 4477 342 4538 legio
353 4477 524 4524 Romanorum
535 4489 588 4536 qun
604 4490 700 4523 rursum
719 4475 749 4522 nd
761 4473 892 4523 Britouum
909 4488 991 4534 preces
1008 4473 1084 4522 misse
1100 4481 1138 4522 est
1154 4489 1251 4521 murum

152 4541 226 4589 firme
236 4542 267 4589 de
277 4541 357 4604 lapide
367 4541 505 4589 construxit
515 4555 545 4588 ee
557 4540 611 4588 loco
621 4541 787 4600 qucseverus
801 4539 861 4587 olim
876 4539 968 4586 vallum
980 4539 1091 4586 duxerat.
1119 4539 1192 4586 Plura
1204 4539 1251 4586 vid.

152 4607 178 4653 in
191 4607 300 4670 Hersley
309 4607 419 4654 Britanu.
431 4607 514 4664 Rom,
522 4612 547 4653 et
553 4605 616 4668 Rcy‚
626 4605 737 4668 Military
745 4605 829 4666 Autiq.
838 4603 866 4651 of
873 4603 912 4652 the
920 4604 1031 4652 Romans
1039 4604 1065 4649 iu
1076 4603 1220 4661 Britain,iv.
1229 4621 1252 4663 4.
