3100 5125
271 290 338 352 238
607 285 844 350 HISTORIAE
868 283 1044 348 Edonus.
1323 285 1386 348 IV.
1404 287 1458 350 28.

271 459 563 503 mmmmm
577 435 963 521 eimeqaeem,lidoasili
977 434 1138 508 moram
1156 437 1313 514 molius,
1328 438 1375 502 ad

271 545 321 588 νω
334 524 476 588 sitiam
489 524 556 587 Deo
569 522 678 586 solome
697 531 841 585 reverter.
887 521 969 586 Erat
991 528 1100 586 autem
1116 521 1203 584 loeus
1220 528 1255 586 et
1277 545 1372 608 aquae
1382 539 1412 588 4⁵

271 631 401 694 prorsus
412 616 446 672 et
460 608 558 693 frugis
573 616 606 672 et
620 607 745 671 arboris
755 607 856 692 inops,
868 608 925 670 sed
933 613 968 671 et
981 605 1151 690 spirituum
1161 607 1373 692 malignorum

272 693 451 778 frequentia
471 693 617 756 humanae
639 690 831 756 habitationi
852 691 956 756 minus
978 693 1217 756 aeeommodus:
1249 693 1307 757 sed
1328 694 1373 758 ad

273 788 384 850 votum
398 779 457 843 viri
473 777 534 842 Dei
548 776 732 842 habitabilis
748 800 806 862 per
827 777 933 842 omnia
949 777 1054 842 faetus
1074 783 1132 854 est,
1152 776 1307 862 siquidem
1328 779 1374 842 ad

191 909 197 921 .
274 865 445 929 adventum
462 864 531 950 ejus
587 863 679 927 iritus
693 874 869 928 ‘ireoessere
888 862 1026 948 maligni.
1072 863 1152 927 Oum
1173 869 1281 927 autem
1303 863 1374 948 ipse

274 949 334 1014 sibi
348 948 467 1014 ibidem
480 886 617 1034 expriliis
631 948 776 1013 hostibus
790 948 987 1012 mansionem
1000 955 1170 1034 angustam
1189 949 1372 1014 eireumval-

273 1035 360 1099 lante
388 1058 409 1099 a
452 1057 514 1112 ere,
540 1043 574 1099 et
602 1035 714 1098 domos
738 1033 773 1096 in
797 1057 836 1098 ea
858 1033 1061 1110 necessarias,
1080 1034 1213 1117 juvante
1233 1035 1373 1098 fratrum

273 1120 407 1197 manu,i
444 1126 503 1197 est,
520 1120 704 1197 oratorium,
724 1124 759 1183 et
781 1119 998 1184 habitaoulum
1020 1140 1183 1183 eommune
1205 1127 1371 1184 eonstrux-
1389 1131 1450 1198 177
1494 1195 1496 1198 Ι

274 1205 361 1282 isset,
380 1205 476 1292 jussit
496 1208 613 1269 fratres
634 1205 667 1267 in
689 1205 829 1290 ejusdem
851 1204 1024 1269 habitaculi
1045 1205 1225 1289 pavimento
1247 1205 1373 1270 foveam

274 1291 399 1355 faeere:
424 1296 495 1355 erat
514 1298 623 1354 autem
641 1290 734 1354 tellus
749 1289 917 1354 durissima
937 1297 971 1355 et
992 1312 1115 1367 saxosa,
1131 1290 1182 1352 oui
1200 1291 1288 1354 nulla
1306 1315 1372 1355 om-

275 1377 350 1440 nino
366 1391 548 1462 rspesvenae
560 1375 698 1440 fontanae
713 1375 874 1439 rideretur
888 1375 998 1440 inesse.
1030 1375 1121 1456 Quod
1133 1375 1209 1438 dum
1220 1376 1371 1454 faeerent,

274 1461 315 1526 ad
332 1462 427 1526 fidem
441 1461 484 1526 ad
497 1483 607 1546 preees
618 1461 726 1524 famuli
738 1461 808 1537 Dei,
821 1460 883 1525 alio
898 1461 949 1525 die
963 1483 1047 1544 aqua
1061 1460 1154 1560 plena
1168 1461 1297 1526 inventa
1311 1470 1371 1538 est,

275 1570 346 1631 quae
361 1547 518 1631 usquead
532 1547 614 1610 hane
629 1547 722 1623 diem,
737 1546 946 1612 sufficientem
966 1553 1089 1610 eunetis
1106 1545 1158 1610 illo
1178 1546 1398 1614 advenienti-⁵

275 1633 336 1696 bus
357 1633 471 1718 gratiae
494 1655 561 1695 suae
586 1631 720 1696 eaelestis
743 1631 868 1715 eopiam
893 1631 1081 1696 sministrat.
1127 1632 1191 1695 Sed
1217 1639 1251 1695 et
1276 1633 1373 1697 ferra-

275 1725 385 1782 menta
406 1717 465 1782 sibi
487 1717 605 1781 ruralia
626 1740 698 1780 eum
718 1716 878 1782 frumento
900 1717 1017 1782 adferri
1039 1717 1171 1802 rogavit,
1193 1718 1278 1800 quod
1297 1719 1374 1782 dum

276 1813 286 1848 1
312 1810 472 1888 raeparata
487 1810 574 1867 terra
587 1813 731 1886 tempore
745 1824 885 1888 oongruo
899 1803 1079 1879 seminaret,
1095 1802 1140 1865 nil
1158 1802 1295 1880 omnino,
1310 1826 1374 1868 non

310 1911 348 1952 eo
362 1889 529 1973 spicarum,
540 1889 596 1951 sed
610 1911 650 1952 ne
664 1888 770 1952 herhae
782 1888 909 1972 quidem
924 1911 963 1952 ex
979 1910 1016 1952 eo
1031 1887 1208 1974 germinare
1218 1910 1318 1973 usque
1331 1891 1373 1953 ad

275 1973 400 2039 aestatis
414 1980 560 2057 tempora
574 1973 718 2059 eontigit.
763 1973 860 2038 Unde
875 1972 1077 2038 visitantibus
1096 1995 1130 2036 se
1148 1995 1188 2036 ex
1206 1995 1295 2036 more
1310 1975 1373 2040 fra-

276 2060 389 2135 tribus,
405 2059 559 2123 hordeum
569 2058 665 2144 jussit
678 2058 807 2137 adferri,
820 2059 847 2122 si
862 2060 945 2124 forte
955 2059 1004 2122 vel
1019 2065 1135 2123 natura
1149 2059 1207 2122 soli
1222 2059 1313 2136 illius,
1324 2061 1373 2124 vel

276 2144 422 2208 voluntas
448 2152 532 2208 esset
555 2145 682 2228 superni
707 2145 877 2231 largitoris,
902 2152 939 2209 ut
967 2144 1049 2208 illius
1074 2143 1173 2228 frugis
1196 2143 1241 2207 ibi
1265 2144 1372 2229 potius
1385 2170 1416 2204 ιο

276 2251 366 2314 seges
381 2229 526 2294 oriretur.
572 2230 664 2311 Quod
684 2231 759 2293 dum
780 2230 839 2294 sibi
860 2230 1012 2307 adlatum,
1028 2230 1113 2294 ultra
1135 2251 1228 2293 omne
1246 2237 1372 2314 tempus

275 2314 409 2392 serendi,
443 2315 528 2381 ultra
563 2337 688 2379 omnem
720 2338 809 2399 spem
840 2314 1061 2393 fruetificandi,
1091 2315 1202 2379 eodem
1231 2314 1264 2377 in
1293 2338 1372 2402 agro

276 2406 405 2477 sereret,
421 2423 496 2464 mox
510 2401 637 2486 eopiosa
656 2423 746 2486 seges
763 2408 876 2466 exorta
890 2401 1103 2466 desideratam
1117 2400 1236 2486 proprii
1254 2401 1373 2466 laboris

278 2485 345 2549 viro
360 2485 421 2549 Dei
436 2486 639 2551 refectionem
653 2487 827 2572 praebebat.

114 2584 149 2633 A.
158 2583 191 2632 D.
204 2583 260 2644 ⁶84·
322 2572 402 2636 Oum
416 2595 492 2658 ergo
506 2574 613 2638 multis
628 2573 745 2637 ibidem
759 2573 851 2637 annis
867 2573 936 2636 Deo
951 2571 1111 2636 solitarius
1126 2571 1266 2649 serviret,
1278 2577 1374 2637 tanta

115 2650 229 2726 syeouus
240 2649 386 2722 adautem
405 2666 477 2736 erat
495 2659 632 2723 altitudo
651 2659 777 2743 aggeris
795 2681 857 2743 quo
879 2658 1003 2721 mansio
1021 2659 1088 2742 ejus
1108 2665 1179 2721 erat
1193 2657 1320 2732 vallata,
1336 2664 1373 2721 ut
1387 2676 1414 2725 ¹⁵

115 2713 238 2777 'ruifyreu
279 2744 389 2807 eaelum
404 2751 531 2808 tantum
545 2767 585 2807 ex
600 2766 646 2820 ea,
663 2745 751 2828 eujus
766 2744 934 2807 introitum
948 2743 1087 2820 sitiebat,
1100 2742 1240 2827 aspicere
1255 2750 1372 2826 posset,

278 2828 414 2914 contigit
428 2836 465 2893 ut
479 2836 671 2914 congregata
686 2830 806 2913 synodo
826 2852 889 2892 non
909 2850 1007 2913 parva
1027 2830 1085 2892 sub
1104 2828 1276 2913 praesentia
1290 2828 1374 2912 regis

279 2913 420 2999 Eegt'n‘di
436 2915 531 2998 juxta
550 2915 679 2978 fluvium
694 2915 810 2991 uAine,
831 2913 864 2977 in
884 2914 953 2978 loeo
973 2914 1027 2998 qui
1045 2914 1161 2978 dieitur
1177 2914 1373 2997 Adtuifyrdi,

278 2999 364 3081 quod
385 3000 550 3084 signifieat,
565 3001 611 3063 ad
628 3000 740 3083 duplae
759 3000 880 3077 eadum,
897 3000 946 3063 eui
966 3000 1069 3063 beatae
1091 2998 1250 3062 memoriae
1272 2998 1374 3062 Theo

278 3083 375 3145 dorus
388 3085 641 3169 archiepiscopus
655 3085 857 3170 praesidebat,
867 3096 950 3147 ¹uno
965 3085 1070 3149 animo
1085 3084 1286 3168 omniumque
1301 3106 1374 3147 eon-

81 3239 86 3250 ,
116 3185 246 3233 Cuebsrcr.
279 3189 372 3231 sensu
386 3169 429 3232 ad
443 3170 659 3254 episcopatum
673 3170 811 3234 eeolesiae
828 3170 1093 3235 Lindisfarnensis
1104 3169 1281 3254 eligeretur.
1312 3168 1417 3249 Qui20

278 3275 350 3316 eum
371 3254 479 3317 multis
500 3255 662 3339 legatariis
683 3278 721 3319 ae
743 3256 842 3319 literis
862 3255 904 3319 ad
924 3276 958 3319 se
978 3256 1158 3339 praemissis,
1174 3276 1375 3339 nequaquam

278 3361 336 3401 suo
358 3340 551 3403 monasterio
572 3348 680 3425 posset
698 3342 785 3414 erui;
809 3341 940 3404 tandem
961 3364 1019 3404 rex
1042 3342 1109 3426 ipse
1131 3341 1291 3424 praefatus,
1311 3362 1376 3403 una

278 3446 349 3487 eum
364 3424 561 3488 sanctissimo
575 3426 721 3491 antistite
735 3426 936 3503 'Trumuina
952 3448 1009 3490 nee
1028 3448 1092 3490 non
1112 3432 1145 3489 et
1164 3425 1234 3490 aliis
1251 3424 1376 3509 religio-

310 3630 532 3677 ‘lreeessesuntV-
631 3630 744 3691 rspertes
755 3630 785 3676 V.
876 3627 1070 3674 ⁸sutmr'm'strut
1081 3626 1111 3672 V.
1203 3624 1334 3687 tproesata
1345 3624 1377 3671 V.

262 3693 376 3742 ,Μῖνα
387 3693 417 3742 V.
517 3692 953 3745 warnimoomaiumrmrsemuv.
1051 3690 1219 3739 mimuiae
1230 3696 1254 3736 et
1266 3689 1296 3735 V.

314 3890 351 3939 17.
362 3879 526 3942 Adtuifyrdi]
543 3880 665 3943 Quidquid
679 3880 746 3929 Beda
761 3880 801 3928 bic
813 3886 897 3927 narrat
907 3879 937 3925 de
947 3876 1041 3939 synodo
1052 3876 1170 3939 'swyford
1182 3877 1265 3937 plane,
1276 3884 1304 3923 ut
1316 3876 1377 3924 mihi

277 3943 376 4003 quidem
387 3946 491 4003 videtur,
503 3945 655 3993 demonstrat
670 3945 790 4009 synodum
808 3945 883 3992 fnisse
899 3943 930 3990 ad
947 3942 1063 4003 Twyford
1081 3940 1271 3999 Northumhria,
1282 3948 1307 3988 et
1318 3955 1376 3987 rere

277 4008 478 4065 ecclesiasticum,
496 4010 541 4056 sub
558 4010 685 4070 prasentia
701 4010 799 4071 quidem
817 4007 927 4070 Ecgfridi
943 4005 1126 4054 Nerthumhria
1143 4006 1217 4067 regis,
1234 4007 1276 4052 sed
1293 4006 1375 4065 praesi-

278 4072 350 4119 dente
361 4073 491 4120 Theodoro
502 4074 682 4135 archiepiscopo
693 4076 829 4122 Doruvern.
866 4074 898 4120 Et
915 4086 945 4119 ue
961 4071 1015 4133 quis
1032 4070 1142 4131 miretur,
1154 4070 1218 4131 quod
1229 4069 1375 4117 Theodorus

279 4147 329 4183 tam
349 4137 424 4198 longe
440 4154 456 4184 a
472 4138 529 4185 sede
548 4154 592 4185 sua
610 4139 747 4187 functiones
766 4145 886 4198 exerceat,
904 4136 985 4183 videat
1001 4136 1034 4184 iv.
1049 4148 1072 4181 a.
1091 4150 1146 4182 cum
1167 4142 1225 4181 nota
1244 4148 1341 4181 annexa
1359 4148 1374 4181 e

279 4201 309 4247 G.
323 4201 423 4249 Malms.
436 4203 534 4249 Ponti.
568 4204 641 4263 Quod
652 4210 733 4251 autem
746 4204 827 4263 plures
842 4202 892 4250 sint
908 4200 933 4247 in
947 4200 1001 4247 aliis
1014 4199 1108 4261 Angliae
1119 4200 1228 4260 partibus
1239 4197 1374 4258 Tuifordae,

279 4264 347 4311 Beda
361 4280 473 4326 expresse
489 4267 551 4316 hane
566 4267 696 4329 distinguit
707 4284 723 4314 a
732 4268 781 4315 situ
798 4268 828 4314 ad
846 4265 947 4313 humum
964 4264 1037 4313 Alue.
1073 4264 1137 4328 Etsi
1148 4263 1251 4325 legenda
1267 4278 1287 4310 s.
1299 4262 1375 4311 Cuth-

262 4328 355 4387 ¹bereti
372 4330 435 4378 hane
449 4331 593 4379 Tuifordam
613 4340 689 4393 ponat
702 4332 775 4393 juxta
792 4331 893 4378 fluvium
910 4329 964 4386 siu,
976 4329 1001 4375 id
1019 4328 1112 4375 nullius
1127 4336 1166 4376 est
1181 4334 1267 4375 eontra
1279 4326 1375 4375 Bedam

279 4394 440 4505 sumontsatis,
452 4410 496 4443 neo
513 4396 604 4458 aliquid
620 4397 707 4457 probat
723 4396 770 4444 nisi
788 4409 893 4443 errorem
913 4393 989 4453 praeli,
1001 4408 1049 4455 quo
1061 4392 1083 4441 S
1093 4392 1205 4453 pronitus
1222 4406 1265 4453 pro
1276 4392 1310 4451 A,
1322 4399 1347 4439 et
1358 4406 1377 4437 u

278 4470 322 4516 1)ῐο
333 4472 358 4505 ”-
395 4491 402 4505 ·
460 4511 463 4515 .
