3100 5125
360 274 426 340 An
449 276 775 342 OUDBERTHUM
799 277 1085 345 AROHIEPISO.
1216 284 1283 350 347

178 427 321 511 populos,
339 430 470 513 aqualis
494 430 546 495 sit.
592 430 638 493 Et
660 437 798 508 moueat,
824 436 861 494 ut
882 430 1021 515 episcopi
1045 454 1066 495 a
1090 433 1210 516 synodo
1230 456 1282 499 ve-

178 511 312 590 nientes,
334 514 369 577 in
392 516 522 600 propria
547 515 707 600 parochia,
733 538 806 580 cum
832 517 1025 601 presbyteris
1051 523 1085 581 et
1110 518 1282 585 abbatibus

93 605 162 675 145
179 606 370 663 conventum
384 601 539 665 hahentes
554 608 717 685 praecepta
731 602 842 685 synodi
859 623 984 665 servare
995 601 1184 667 insinuando
1198 627 1279 688 prae-

179 684 320 768 cipiant:
351 692 385 749 et
410 687 624 771 unusquisque
650 688 824 772 episcopus,
852 686 879 749 si
904 687 981 771 quid
1009 686 1042 749 in
1067 710 1126 751 sua
1151 689 1280 754 dioeeesi

179 771 337 856 corrigere
360 772 409 836 vel
432 773 601 836 emendare
624 772 809 857 nequiverit,
833 772 945 836 itidem
968 772 1000 834 in
1027 774 1147 857 synodo
1172 796 1279 839 coram

178 856 424 942 archiepiscope,
449 865 482 921 et
510 859 617 943 palam
645 858 791 922 omnibus
816 859 859 922 ad
884 857 1104 943 corrigendum
1130 858 1279 939 insinuet,

154 942 290 1005 seodem
304 944 408 1020 modo,
424 965 487 1028 quo
502 944 648 1008 Romana
669 943 800 1008 ecclesia
821 964 879 1007 nos
900 943 1064 1007 ordinatos
1082 966 1155 1008 cum
1175 968 1278 1011 sacra-

177 1035 287 1091 mento
312 1029 512 1106 constrinxit,
539 1037 576 1093 ut
605 1030 632 1093 si
655 1030 846 1108 sacerdotes,
871 1030 920 1093 vel
945 1029 1052 1114 plebes
1076 1030 1189 1116 alege
1214 1032 1278 1096 Dei

177 1112 318 1177 deviasse
332 1114 472 1193 viderim,
486 1121 521 1179 et
542 1116 701 1201 corrigere
722 1138 787 1179 non
808 1114 975 1200 potuerim,
994 1114 1130 1179 fideliter
1153 1138 1278 1201 semper

178 1199 244 1261 sedi
259 1201 443 1285 apostolieae
461 1207 495 1265 ct
514 1200 631 1265 vicario
651 1201 753 1265 sancti
773 1202 863 1266 Petri
883 1202 926 1265 ad
944 1201 1175 1264 emendandum
1197 1202 1277 1266 indi-

177 1286 322 1349 caverim.
368 1287 421 1350 Sic
435 1287 528 1364 enim,
544 1287 577 1349 ni
592 1287 692 1363 fallor,
709 1308 818 1350 omnes
833 1285 971 1373 episcopi
983 1286 1101 1351 debent
1116 1292 1277 1373 metropo-

177 1369 285 1448 litano,
302 1371 417 1457 etipse
433 1373 578 1437 Romam
592 1372 743 1457 pontifici,
756 1373 783 1436 si
798 1374 875 1457 quid
890 1373 929 1435 de
943 1371 1138 1456 corrigendis
1152 1373 1275 1457 populis

138 1491 169 1525 ιο
176 1457 263 1541 apud
281 1479 335 1521 eos
354 1457 546 1543 impossibile
568 1465 627 1534 est,
642 1464 754 1522 notum
771 1459 896 1523 facere:
921 1463 954 1520 et
977 1456 1022 1521 sic
1045 1456 1139 1521 alieni
1154 1457 1233 1523 fient
1255 1480 1275 1523 a

176 1542 330 1627 sanguine
344 1544 522 1607 animarum
536 1543 743 1628 perditarum.

218 1648 251 1711 3.-
266 1628 316 1692 De
331 1635 458 1707 caetero,
470 1631 571 1693 irater
585 1629 780 1706 charissime,
790 1628 864 1713 quia
877 1630 970 1694 nohis
983 1629 1115 1714 aequalis
1129 1630 1229 1710 labor,
1242 1638 1276 1695 et

175 1714 278 1797 majus
299 1714 472 1799 pericnlum
494 1714 647 1792 imminet,
672 1737 768 1799 quarn
793 1715 918 1779 cacteris
944 1715 1172 1793 sacerdotibus,
1200 1716 1277 1815 quia

175 1821 313 1862 canones
333 1800 458 1884 antiqui
479 1800 677 1885 praecipiunt,
693 1807 735 1863 'ut
755 1822 865 1863 omnes
890 1800 1146 1884 0metropolitani
1173 1808 1277 1865 sciant

175 1884 404 1949 solicitudinem
427 1886 529 1950 totius
552 1886 721 1971 provinciae
747 1906 875 1971 gerere:
909 1893 944 1949 et
974 1888 1027 1970 (ut
1056 1886 1143 1949 verbi
1169 1886 1276 1971 gratia

136 1970 288 2047 ¹5dieam,
313 1971 396 2035 sicut
418 1972 532 2055 timeo)
560 1994 672 2035 navem
693 1972 934 2056 gubernandam
963 1970 1048 2035 inter
1076 1971 1191 2035 fluctus
1216 1972 1276 2035 feri

174 2055 271 2119 maris
294 2057 391 2120 semel
420 2057 623 2141 suscepimus,
650 2080 747 2141 quam
772 2078 830 2120 nec
856 2063 949 2121 caute
974 2078 1093 2141 regere,
1118 2078 1175 2120 neo
1206 2057 1274 2121 sine

174 2147 307 2225 peccato
318 2142 480 2207 dimittere
494 2144 643 2207 valemus.
674 2143 765 2222 Quia,
778 2148 817 2206 ut
828 2143 956 2227 quidam
971 2141 1161 2227 sapientium
1177 2142 1273 2207 dicit:

174 2228 212 2289 Si
226 2228 431 2308 pacatorem
447 2239 490 2292 est
505 2250 613 2292 aecem
630 2229 708 2292 ieter
720 2232 836 2312 fluetus
857 2238 942 2292 caete
962 2249 1020 2291 coa
1040 2250 1148 2313 repere,
1164 2238 1275 2313 qccalo

166 2313 366 2396 periochem
379 2324 421 2378 est
433 2336 500 2377 ecca
509 2315 602 2378 cedis
612 2312 1042 2399 tcnmeectibcsflcctccatem
1057 2314 1091 2375 ic
1106 2323 1275 2397 tenpestate

133 2399 371 2483 coreliaqccrc?
415 2400 461 2463 Et
474 2399 594 2463 idcirco
612 2400 763 2476 Ecclesia,
781 2421 851 2483 quae
867 2399 954 2462 velut
974 2398 1063 2462 navis
1080 2417 1197 2484 magna
1216 2421 1275 2484 per

163 2506 261 2548 -mare
282 2485 392 2549 mundi
413 2486 507 2571 hujus
529 2486 685 2571 enavigat,
702 2507 772 2570 quae
789 2483 920 2547 diversis
935 2483 1151 2547 tentationum
1170 2484 1273 2548 flucti-

171 2571 232 2634 bus
258 2571 290 2634 in
313 2573 373 2636 hac
399 2572 466 2636 vita
491 2572 647 2650 tunditur,
674 2593 738 2634 non
764 2577 946 2634 esttamen
975 2569 1191 2653 relinquenda,
1216 2571 1273 2634 sed

170 2657 320 2745 regenda.
379 2658 477 2741 (lujus
508 2657 555 2721 rci
585 2657 619 2719 in
653 2657 796 2743 exemplo
826 2656 948 2740 priores
978 2661 1088 2740 patres
1117 2655 1272 2719 habemus

172 2741 376 2820 Olementem,
407 2751 441 2807 et
469 2743 659 2818 Cornelium,
688 2750 723 2807 et
751 2747 884 2805 caeteros
917 2740 1094 2824 complures
1126 2739 1159 2802 in
1192 2740 1271 2804 urhe

171 2827 283 2904 Roma,
300 2828 492 2912 Cyprianum
511 2828 544 2890 in
559 2827 761 2912 Carthagine,
779 2826 994 2890 Athanasium
1013 2825 1046 2888 in
1062 2824 1268 2902 Alexandria,

130 2913 226 2996 25qui
248 2915 307 2977 suh
328 2914 461 2998 paganis
482 2913 727 2998 imperatoribus
749 2934 862 2976 navem
884 2910 1012 2986 christi,
1033 2911 1097 2974 imo
1120 2911 1269 2974 charissi-

170 3019 256 3061 mam
277 3021 426 3084 sponsam
447 3000 524 3084 ejus,
544 2999 720 3062 Ecclesiam
741 2997 868 3074 scilieet,
886 2996 1038 3070 docendo,
1062 2995 1268 3075 defendendo,

169 3083 353 3162 laborando,
369 3092 404 3149 et
424 3086 576 3170 patiendo
596 3106 696 3168 usque
712 3085 755 3148 ad
770 3082 932 3166 sanguinis
947 3081 1138 3158 effusionem,
1154 3083 1267 3167 guber·

170 3171 301 3234 nabent.
347 3172 482 3235 Possum
498 3170 582 3234 enim
597 3171 636 3233 de
656 3169 844 3253 memetipso
863 3190 921 3252 pro
944 3174 1031 3231 certo
1050 3169 1146 3252 juxta
1161 3190 1269 3231 vocem

171 3253 295 3318 Cantici
325 3256 528 3320 (leuticorum
557 3256 670 3331 dicere,
700 3254 784 3319 Filii
812 3254 921 3317 matris
949 3275 1023 3317 mere
1051 3264 1270 3338 poposcerant

130 3349 275 3418 ,3occnlre
299 3363 363 3404 cce:
387 3352 551 3426 posaemact
575 3339 742 3404 eamcam
764 3342 799 3403 ia
822 3340 926 3416 aiacis,
953 3340 1072 3402 sicam
1092 3361 1188 3402 mecm
1209 3360 1268 3402 coc

170 3426 326 3490 1111101111.
382 3428 474 3491 Viaco
496 3427 589 3504 enirn,
613 3426 786 3490 secuudum
815 3426 1032 3511 ‘iprophctam
1062 3423 1178 3487 domim
1207 3425 1268 3486 Sa·

170 3508 266 3589 booth
282 3513 387 3576 domm
399 3513 502 3577 Israel
520 3523 581 3577 cst:
604 3520 689 3575 nune
703 3510 849 3576 videlicet
864 3509 1008 3574 Ecclesia
1026 3508 1185 3573 catholica
1198 3531 1267 3573 esse

169 3599 405 3684 comprobatur.

211 3703 241 3764 4.
257 3683 355 3767 (lujus
369 3684 524 3769 synodum
537 3683 792 3769 congregandam
812 3688 845 3746 et
864 3681 1057 3744 hortandam
1076 3681 1168 3764 jussu
1187 3701 1264 3764 pon-

201 3906 217 3936 n
229 3896 313 3957 quales
322 3896 372 3942 11111
384 3895 413 3941 G.
430 3895 482 3942 sint
493 3895 546 3942 Ser.
574 3894 669 3942 Textus
679 3890 868 3953 estSpelmauni
878 3897 903 3938 et
914 3890 1017 3937 duorum
1030 3887 1099 3936 codd.
1108 3889 1161 3936 Ser.
1193 3886 1265 3937 Cous.

167 3961 345 4008 solicitudinem
356 3975 445 4020 gerere
453 3958 511 4006 infr.
522 3972 547 4018 3.
558 3959 738 4007 solicitudinem
747 3962 824 4018 geret
835 3956 896 4004 Cau.
909 3966 931 4016 5.
945 3953 1040 4002 Concil.
1053 3953 1169 4000 German.
1182 3951 1264 4000 Mans.

167 4025 211 4072 xii.
224 4040 246 4085 p.
256 4023 311 4086 367.
408 4031 422 4060 ⁰
433 4026 649 4086 metropolitanam
661 4022 687 4070 C.
782 4029 797 4066 1>
804 4025 940 4082 posuerunt
949 4034 986 4066 nce
999 4018 1041 4078 Sp.
1053 4025 1107 4078 post
1118 4023 1176 4065 text.
1189 4016 1264 4078 Vulg,

168 4089 302 4137 Vei-sionis.
400 4099 415 4137 u
427 4089 516 4136 Naum
522 4091 669 4151 prophetam
681 4087 702 4147 1,
714 4085 751 4151 (id
763 4091 799 4134 est
815 4085 868 4132 cod.
882 4081 1085 4147 lngolstadieusis
1094 4096 1143 4147 quo
1155 4095 1212 4130 usin
1228 4088 1266 4132 est

167 4153 297 4215 serarius)
312 4154 343 4201 G.

199 4331 238 4376 23.
259 4315 411 4376 Cornelium]
434 4316 483 4377 Qui
503 4316 588 4362 Roma
606 4313 734 4374 episcopus
752 4312 800 4360 fuit
815 4312 849 4359 A.
857 4309 888 4358 D.
906 4324 962 4373 249,
982 4308 1071 4356 Euseb.
1088 4307 1160 4356 E.H.
1173 4306 1204 4354 vi.
1223 4320 1264 4369 39,

166 4391 261 4444 martyr
272 4382 352 4428 factus
363 4388 401 4428 cst
413 4381 484 4435 M)-
498 4393 552 4441 ²52·
576 4380 649 4441 Cypr.
663 4379 710 4438 Ep.
722 4377 765 4424 lai.

199 4446 238 4493 28.
252 4446 360 4507 Cantici]
376 4447 394 4492 i.
405 4459 428 4505 5.

197 4525 237 4572 30.
244 4510 405 4573 proplietam}
419 4510 450 4557 ls.
461 4525 484 4556 r.
495 4521 517 4570 7.

671 4593 693 4632 r
707 4593 728 4655 y
742 4573 764 4632 2
