<?xml version="1.0" encoding="UTF-8"?>
<!DOCTYPE html PUBLIC "-//W3C//DTD XHTML 1.0 Transitional//EN"
    "http://www.w3.org/TR/xhtml1/DTD/xhtml1-transitional.dtd">
<html xmlns="http://www.w3.org/1999/xhtml" xml:lang="en" lang="en">
 <head>
  <title>
</title>
<meta http-equiv="Content-Type" content="text/html;charset=utf-8" />
  <meta name='ocr-system' content='tesseract 3.04.00' />
  <meta name='ocr-capabilities' content='ocr_page ocr_carea ocr_par ocr_line ocrx_word'/>
</head>
<body>
  <div class='ocr_page' id='page_1' title='image "./historiaecclesi00hussgoog_0245.png"; bbox 0 0 3100 5125; ppageno 0'>
   <div class='ocr_carea' id='block_1_1' title="bbox 93 895 191 946">
    <p class='ocr_par' dir='ltr' id='par_1_1' title="bbox 93 895 191 946">
     <span class='ocr_line' id='line_1_1' title="bbox 93 895 191 946; baseline -0.031 0"><span class='ocrx_word' id='word_1_1' title='bbox 93 895 191 946; x_wconf 83' lang='lat' dir='ltr'>Obitus.</span> 
     </span>
    </p>
   </div>
   <div class='ocr_carea' id='block_1_2' title="bbox 252 295 1548 380">
    <p class='ocr_par' dir='ltr' id='par_1_2' title="bbox 252 295 1548 380">
     <span class='ocr_line' id='line_1_2' title="bbox 252 295 1548 380; baseline -0.002 -13"><span class='ocrx_word' id='word_1_2' title='bbox 252 303 316 368; x_wconf 78' lang='lat' dir='ltr'>aas</span> <span class='ocrx_word' id='word_1_3' title='bbox 575 298 812 364; x_wconf 75' lang='lat' dir='ltr'>uterorum</span> <span class='ocrx_word' id='word_1_4' title='bbox 836 297 1014 364; x_wconf 81' lang='lat' dir='ltr'>aeonas.</span> <span class='ocrx_word' id='word_1_5' title='bbox 1267 295 1333 360; x_wconf 91' lang='lat' dir='ltr'>1v.</span> <span class='ocrx_word' id='word_1_6' title='bbox 1351 313 1441 380; x_wconf 82' lang='lat'>23-</span> <span class='ocrx_word' id='word_1_7' title='bbox 1543 309 1548 364; x_wconf 53' lang='lat' dir='ltr'>v</span> 
     </span>
    </p>
   </div>
   <div class='ocr_carea' id='block_1_3' title="bbox 252 449 1399 1031">
    <p class='ocr_par' dir='ltr' id='par_1_3' title="bbox 252 449 1399 1031">
     <span class='ocr_line' id='line_1_3' title="bbox 252 449 1356 530; baseline -0.005 -10"><span class='ocrx_word' id='word_1_8' title='bbox 252 476 318 520; x_wconf 76' lang='lat' dir='ltr'>sua</span> <span class='ocrx_word' id='word_1_9' title='bbox 332 453 529 518; x_wconf 85' lang='lat' dir='ltr'>infirmitatis</span> <span class='ocrx_word' id='word_1_10' title='bbox 547 474 642 530; x_wconf 91' lang='lat' dir='ltr'>anno,</span> <span class='ocrx_word' id='word_1_11' title='bbox 657 473 809 518; x_wconf 89' lang='lat' dir='ltr'>converso</span> <span class='ocrx_word' id='word_1_12' title='bbox 829 453 872 518; x_wconf 86' lang='lat' dir='ltr'>ad</span> <span class='ocrx_word' id='word_1_13' title='bbox 893 452 1059 518; x_wconf 75' lang='lat' dir='ltr'>interanea</span> <span class='ocrx_word' id='word_1_14' title='bbox 1076 451 1194 528; x_wconf 87' lang='lat' dir='ltr'>dolore,-</span> <span class='ocrx_word' id='word_1_15' title='bbox 1209 451 1252 516; x_wconf 89' lang='lat' dir='ltr'>ad</span> <span class='ocrx_word' id='word_1_16' title='bbox 1268 449 1356 514; x_wconf 86' lang='lat' dir='ltr'>diem</span> 
     </span>
     <span class='ocr_line' id='line_1_4' title="bbox 253 536 1399 626; baseline -0.003 -22"><span class='ocrx_word' id='word_1_17' title='bbox 253 539 397 626; x_wconf 90' lang='lat' dir='ltr'>pervenit</span> <span class='ocrx_word' id='word_1_18' title='bbox 418 539 574 616; x_wconf 90' lang='lat' dir='ltr'>ultimum,</span> <span class='ocrx_word' id='word_1_19' title='bbox 589 544 623 602; x_wconf 91' lang='lat' dir='ltr'>et</span> <span class='ocrx_word' id='word_1_20' title='bbox 642 538 728 603; x_wconf 90' lang='lat' dir='ltr'>cirea</span> <span class='ocrx_word' id='word_1_21' title='bbox 750 538 825 624; x_wconf 78' lang='lat' dir='ltr'>galli</span> <span class='ocrx_word' id='word_1_22' title='bbox 845 545 985 615; x_wconf 88' lang='lat' dir='ltr'>cantum,</span> <span class='ocrx_word' id='word_1_23' title='bbox 1001 544 1153 623; x_wconf 87' lang='lat' dir='ltr'>percepto</span> <span class='ocrx_word' id='word_1_24' title='bbox 1167 536 1284 601; x_wconf 83' lang='lat' dir='ltr'>viatico</span> <span class='ocrx_word' id='word_1_25' title='bbox 1305 558 1399 610; x_wconf 81' lang='lat' dir='ltr'>sa35</span> 
     </span>
     <span class='ocr_line' id='line_1_5' title="bbox 253 621 1356 705; baseline -0.005 -16"><span class='ocrx_word' id='word_1_26' title='bbox 253 630 428 689; x_wconf 84' lang='lat' dir='ltr'>crosanctae</span> <span class='ocrx_word' id='word_1_27' title='bbox 450 623 686 702; x_wconf 77' lang='lat' dir='ltr'>communionis,</span> <span class='ocrx_word' id='word_1_28' title='bbox 709 645 782 687; x_wconf 90' lang='lat' dir='ltr'>eum</span> <span class='ocrx_word' id='word_1_29' title='bbox 803 623 986 688; x_wconf 82' lang='lat' dir='ltr'>uaecersitis</span> <span class='ocrx_word' id='word_1_30' title='bbox 1007 622 1128 687; x_wconf 88' lang='lat' dir='ltr'>ancillis</span> <span class='ocrx_word' id='word_1_31' title='bbox 1148 621 1267 687; x_wconf 74' lang='lat' dir='ltr'>Christi</span> <span class='ocrx_word' id='word_1_32' title='bbox 1282 643 1356 705; x_wconf 86' lang='lat' dir='ltr'>quae</span> 
     </span>
     <span class='ocr_line' id='line_1_6' title="bbox 254 707 1357 788; baseline -0.005 -13"><span class='ocrx_word' id='word_1_33' title='bbox 254 717 348 775; x_wconf 89' lang='lat' dir='ltr'>erant</span> <span class='ocrx_word' id='word_1_34' title='bbox 367 710 402 772; x_wconf 90' lang='lat' dir='ltr'>iu</span> <span class='ocrx_word' id='word_1_35' title='bbox 422 709 534 774; x_wconf 87' lang='lat' dir='ltr'>eodem</span> <span class='ocrx_word' id='word_1_36' title='bbox 556 709 758 788; x_wconf 83' lang='lat' dir='ltr'>monasterio,</span> <span class='ocrx_word' id='word_1_37' title='bbox 774 709 815 773; x_wconf 92' lang='lat' dir='ltr'>de</span> <span class='ocrx_word' id='word_1_38' title='bbox 837 710 993 774; x_wconf 89' lang='lat' dir='ltr'>servanda</span> <span class='ocrx_word' id='word_1_39' title='bbox 1014 730 1068 773; x_wconf 93' lang='lat' dir='ltr'>eas</span> <span class='ocrx_word' id='word_1_40' title='bbox 1089 707 1233 784; x_wconf 88' lang='lat' dir='ltr'>invicem,</span> <span class='ocrx_word' id='word_1_41' title='bbox 1256 707 1357 770; x_wconf 91' lang='lat' dir='ltr'>immo</span> 
     </span>
     <span class='ocr_line' id='line_1_7' title="bbox 255 793 1357 893; baseline -0.005 -32"><span class='ocrx_word' id='word_1_42' title='bbox 255 819 328 861; x_wconf 90' lang='lat' dir='ltr'>eum</span> <span class='ocrx_word' id='word_1_43' title='bbox 341 795 487 859; x_wconf 90' lang='lat' dir='ltr'>omnibus</span> <span class='ocrx_word' id='word_1_44' title='bbox 508 817 587 879; x_wconf 85' lang='lat' dir='ltr'>pace</span> <span class='ocrx_word' id='word_1_45' title='bbox 606 793 786 893; x_wconf 78' lang='lat' dir='ltr'>evangeliea</span> <span class='ocrx_word' id='word_1_46' title='bbox 799 796 1006 868; x_wconf 84' lang='lat' dir='ltr'>admoneret;</span> <span class='ocrx_word' id='word_1_47' title='bbox 1030 794 1116 858; x_wconf 90' lang='lat' dir='ltr'>inter</span> <span class='ocrx_word' id='word_1_48' title='bbox 1130 793 1226 858; x_wconf 91' lang='lat' dir='ltr'>verba</span> <span class='ocrx_word' id='word_1_49' title='bbox 1241 793 1357 856; x_wconf 87' lang='lat' dir='ltr'>exhor-</span> 
     </span>
     <span class='ocr_line' id='line_1_8' title="bbox 254 878 1357 964; baseline -0.005 -17"><span class='ocrx_word' id='word_1_50' title='bbox 254 881 388 947; x_wconf 89' lang='lat' dir='ltr'>tationis</span> <span class='ocrx_word' id='word_1_51' title='bbox 401 881 476 945; x_wconf 83' lang='lat' dir='ltr'>laeta</span> <span class='ocrx_word' id='word_1_52' title='bbox 489 888 626 944; x_wconf 85' lang='lat' dir='ltr'>mortem</span> <span class='ocrx_word' id='word_1_53' title='bbox 640 879 729 958; x_wconf 80' lang='lat' dir='ltr'>vidit,</span> <span class='ocrx_word' id='word_1_54' title='bbox 745 881 850 958; x_wconf 92' lang='lat' dir='ltr'>immo,</span> <span class='ocrx_word' id='word_1_55' title='bbox 866 887 904 945; x_wconf 93' lang='lat' dir='ltr'>ut</span> <span class='ocrx_word' id='word_1_56' title='bbox 918 880 1022 944; x_wconf 88' lang='lat' dir='ltr'>verbis</span> <span class='ocrx_word' id='word_1_57' title='bbox 1037 878 1167 944; x_wconf 88' lang='lat' dir='ltr'>Domini</span> <span class='ocrx_word' id='word_1_58' title='bbox 1180 878 1301 964; x_wconf 89' lang='lat' dir='ltr'>loquar,</span> <span class='ocrx_word' id='word_1_59' title='bbox 1315 879 1357 942; x_wconf 88' lang='lat' dir='ltr'>de</span> 
     </span>
     <span class='ocr_line' id='line_1_9' title="bbox 254 965 701 1031; baseline -0.004 -1"><span class='ocrx_word' id='word_1_60' title='bbox 254 974 359 1031; x_wconf 85' lang='lat' dir='ltr'>morte</span> <span class='ocrx_word' id='word_1_61' title='bbox 372 967 521 1031; x_wconf 76' lang='lat' dir='ltr'><strong>transivit</strong></span> <span class='ocrx_word' id='word_1_62' title='bbox 534 966 577 1031; x_wconf 94' lang='lat' dir='ltr'>ad</span> <span class='ocrx_word' id='word_1_63' title='bbox 592 965 701 1030; x_wconf 89' lang='lat' dir='ltr'>vitam.</span> 
     </span>
    </p>
   </div>
   <div class='ocr_carea' id='block_1_4' title="bbox 93 1049 1356 1136">
    <p class='ocr_par' dir='ltr' id='par_1_4' title="bbox 93 1049 1356 1136">
     <span class='ocr_line' id='line_1_10' title="bbox 93 1049 1356 1136; baseline -0.001 -24"><span class='ocrx_word' id='word_1_64' title='bbox 93 1065 238 1128; x_wconf 73' lang='lat' dir='ltr'>uegevisio.</span> <span class='ocrx_word' id='word_1_65' title='bbox 299 1054 371 1133; x_wconf 77' lang='lat' dir='ltr'>Qua</span> <span class='ocrx_word' id='word_1_66' title='bbox 384 1052 530 1116; x_wconf 87' lang='lat' dir='ltr'>videlicet</span> <span class='ocrx_word' id='word_1_67' title='bbox 547 1058 641 1116; x_wconf 90' lang='lat' dir='ltr'>noete</span> <span class='ocrx_word' id='word_1_68' title='bbox 657 1051 814 1115; x_wconf 83' lang='lat' dir='ltr'><strong>Dominus</strong></span> <span class='ocrx_word' id='word_1_69' title='bbox 836 1051 1036 1136; x_wconf 89' lang='lat' dir='ltr'>omnipotens</span> <span class='ocrx_word' id='word_1_70' title='bbox 1056 1051 1179 1115; x_wconf 92' lang='lat' dir='ltr'>obitum</span> <span class='ocrx_word' id='word_1_71' title='bbox 1201 1049 1299 1134; x_wconf 92' lang='lat' dir='ltr'>ipsius</span> <span class='ocrx_word' id='word_1_72' title='bbox 1321 1049 1356 1112; x_wconf 93' lang='lat' dir='ltr'>in</span> 
     </span>
    </p>
   </div>
   <div class='ocr_carea' id='block_1_5' title="bbox 254 1137 1401 1223">
    <p class='ocr_par' dir='ltr' id='par_1_5' title="bbox 254 1137 1401 1223">
     <span class='ocr_line' id='line_1_11' title="bbox 254 1137 1401 1223; baseline -0.008 -20"><span class='ocrx_word' id='word_1_73' title='bbox 254 1138 318 1203; x_wconf 90' lang='lat' dir='ltr'>alio</span> <span class='ocrx_word' id='word_1_74' title='bbox 343 1138 467 1223; x_wconf 85' lang='lat' dir='ltr'>longius</span> <span class='ocrx_word' id='word_1_75' title='bbox 492 1137 598 1223; x_wconf 92' lang='lat' dir='ltr'>posito</span> <span class='ocrx_word' id='word_1_76' title='bbox 622 1138 815 1201; x_wconf 84' lang='lat' dir='ltr'>monasterio</span> <span class='ocrx_word' id='word_1_77' title='bbox 836 1137 922 1221; x_wconf 91' lang='lat' dir='ltr'>quod</span> <span class='ocrx_word' id='word_1_78' title='bbox 945 1137 1015 1221; x_wconf 89' lang='lat' dir='ltr'>ipsa</span> <span class='ocrx_word' id='word_1_79' title='bbox 1039 1137 1151 1200; x_wconf 89' lang='lat' dir='ltr'>eodem</span> <span class='ocrx_word' id='word_1_80' title='bbox 1174 1157 1258 1200; x_wconf 91' lang='lat' dir='ltr'>anno</span> <span class='ocrx_word' id='word_1_81' title='bbox 1281 1157 1356 1198; x_wconf 88' lang='lat' dir='ltr'>con·</span> <span class='ocrx_word' id='word_1_82' title='bbox 1364 1160 1401 1206; x_wconf 87' lang='lat'>40</span> 
     </span>
    </p>
   </div>
   <div class='ocr_carea' id='block_1_6' title="bbox 94 1221 1356 1308">
    <p class='ocr_par' dir='ltr' id='par_1_6' title="bbox 94 1221 1356 1308">
     <span class='ocr_line' id='line_1_12' title="bbox 94 1221 1356 1308; baseline -0.002 -21"><span class='ocrx_word' id='word_1_83' title='bbox 94 1239 217 1289; x_wconf 63' lang='lat' dir='ltr'>lucanos</span> <span class='ocrx_word' id='word_1_84' title='bbox 255 1229 419 1288; x_wconf 79' lang='lat' dir='ltr'>struxerat</span> <span class='ocrx_word' id='word_1_85' title='bbox 440 1230 475 1287; x_wconf 91' lang='lat' dir='ltr'>et</span> <span class='ocrx_word' id='word_1_86' title='bbox 495 1223 674 1308; x_wconf 90' lang='lat' dir='ltr'>appellatur</span> <span class='ocrx_word' id='word_1_87' title='bbox 694 1223 854 1299; x_wconf 76' lang='lat' dir='ltr'>Haoanos</span> <span class='ocrx_word' id='word_1_88' title='bbox 881 1223 1050 1286; x_wconf 87' lang='lat' dir='ltr'>manifesta</span> <span class='ocrx_word' id='word_1_89' title='bbox 1073 1221 1192 1287; x_wconf 82' lang='lat' dir='ltr'>visione</span> <span class='ocrx_word' id='word_1_90' title='bbox 1214 1221 1356 1285; x_wconf 88' lang='lat' dir='ltr'>revelare</span> 
     </span>
    </p>
   </div>
   <div class='ocr_carea' id='block_1_7' title="bbox 254 1306 1438 3788">
    <p class='ocr_par' dir='ltr' id='par_1_7' title="bbox 254 1306 1438 3788">
     <span class='ocr_line' id='line_1_13' title="bbox 255 1306 1358 1395; baseline -0.003 -22"><span class='ocrx_word' id='word_1_91' title='bbox 255 1310 405 1395; x_wconf 83' lang='lat' dir='ltr'>dignatus</span> <span class='ocrx_word' id='word_1_92' title='bbox 418 1315 479 1372; x_wconf 90' lang='lat' dir='ltr'>est.</span> <span class='ocrx_word' id='word_1_93' title='bbox 515 1309 598 1372; x_wconf 87' lang='lat' dir='ltr'>Erat</span> <span class='ocrx_word' id='word_1_94' title='bbox 612 1308 645 1370; x_wconf 91' lang='lat' dir='ltr'>in</span> <span class='ocrx_word' id='word_1_95' title='bbox 660 1306 728 1391; x_wconf 90' lang='lat' dir='ltr'>ipso</span> <span class='ocrx_word' id='word_1_96' title='bbox 742 1308 936 1372; x_wconf 87' lang='lat' dir='ltr'>monasterio</span> <span class='ocrx_word' id='word_1_97' title='bbox 947 1309 1093 1393; x_wconf 80' lang='lat' dir='ltr'>quaedam</span> <span class='ocrx_word' id='word_1_98' title='bbox 1108 1307 1358 1370; x_wconf 75' lang='lat' dir='ltr'>sanctimonialis</span> 
     </span>
     <span class='ocr_line' id='line_1_14' title="bbox 254 1392 1357 1478; baseline -0.001 -21"><span class='ocrx_word' id='word_1_99' title='bbox 254 1394 380 1472; x_wconf 85' lang='lat' dir='ltr'>femina,</span> <span class='ocrx_word' id='word_1_100' title='bbox 396 1394 521 1458; x_wconf 87' lang='lat' dir='ltr'>nomino</span> <span class='ocrx_word' id='word_1_101' title='bbox 536 1394 634 1478; x_wconf 81' lang='lat' dir='ltr'>Regu,</span> <span class='ocrx_word' id='word_1_102' title='bbox 651 1415 721 1477; x_wconf 87' lang='lat' dir='ltr'>quae</span> <span class='ocrx_word' id='word_1_103' title='bbox 743 1392 879 1478; x_wconf 86' lang='lat' dir='ltr'>triginta</span> <span class='ocrx_word' id='word_1_104' title='bbox 895 1393 1076 1478; x_wconf 89' lang='lat' dir='ltr'>etamplius</span> <span class='ocrx_word' id='word_1_105' title='bbox 1091 1415 1191 1457; x_wconf 91' lang='lat' dir='ltr'>annos</span> <span class='ocrx_word' id='word_1_106' title='bbox 1206 1393 1357 1456; x_wconf 87' lang='lat' dir='ltr'>dedicata</span> 
     </span>
     <span class='ocr_line' id='line_1_15' title="bbox 255 1478 1356 1564; baseline -0.004 -20"><span class='ocrx_word' id='word_1_107' title='bbox 255 1480 396 1544; x_wconf 91' lang='lat' dir='ltr'>Domino</span> <span class='ocrx_word' id='word_1_108' title='bbox 423 1478 616 1564; x_wconf 86' lang='lat' dir='ltr'>virginitate,</span> <span class='ocrx_word' id='word_1_109' title='bbox 642 1479 676 1541; x_wconf 92' lang='lat' dir='ltr'>in</span> <span class='ocrx_word' id='word_1_110' title='bbox 705 1479 890 1543; x_wconf 90' lang='lat' dir='ltr'>monachica</span> <span class='ocrx_word' id='word_1_111' title='bbox 920 1479 1157 1543; x_wconf 90' lang='lat' dir='ltr'>conversatione</span> <span class='ocrx_word' id='word_1_112' title='bbox 1187 1478 1356 1543; x_wconf 87' lang='lat' dir='ltr'>serviebat.</span> 
     </span>
     <span class='ocr_line' id='line_1_16' title="bbox 257 1563 1357 1649; baseline -0.004 -20"><span class='ocrx_word' id='word_1_113' title='bbox 257 1566 338 1630; x_wconf 86' lang='lat' dir='ltr'>Haec</span> <span class='ocrx_word' id='word_1_114' title='bbox 355 1572 433 1630; x_wconf 89' lang='lat' dir='ltr'>tunc</span> <span class='ocrx_word' id='word_1_115' title='bbox 456 1565 489 1628; x_wconf 91' lang='lat' dir='ltr'>in</span> <span class='ocrx_word' id='word_1_116' title='bbox 503 1563 690 1628; x_wconf 87' lang='lat' dir='ltr'>dormitorio</span> <span class='ocrx_word' id='word_1_117' title='bbox 712 1585 858 1628; x_wconf 92' lang='lat' dir='ltr'>sororum</span> <span class='ocrx_word' id='word_1_118' title='bbox 879 1587 1026 1649; x_wconf 85' lang='lat' dir='ltr'>pausans,</span> <span class='ocrx_word' id='word_1_119' title='bbox 1050 1564 1172 1628; x_wconf 91' lang='lat' dir='ltr'>audivit</span> <span class='ocrx_word' id='word_1_120' title='bbox 1194 1564 1300 1628; x_wconf 92' lang='lat' dir='ltr'>subito</span> <span class='ocrx_word' id='word_1_121' title='bbox 1322 1563 1357 1626; x_wconf 91' lang='lat' dir='ltr'>in</span> 
     </span>
     <span class='ocr_line' id='line_1_17' title="bbox 255 1649 1358 1735; baseline -0.004 -19"><span class='ocrx_word' id='word_1_122' title='bbox 255 1674 330 1716; x_wconf 90' lang='lat' dir='ltr'>aere</span> <span class='ocrx_word' id='word_1_123' title='bbox 353 1658 465 1715; x_wconf 89' lang='lat' dir='ltr'>notum</span> <span class='ocrx_word' id='word_1_124' title='bbox 489 1671 651 1735; x_wconf 86' lang='lat' dir='ltr'>campanae</span> <span class='ocrx_word' id='word_1_125' title='bbox 675 1672 798 1728; x_wconf 88' lang='lat' dir='ltr'>sonum,</span> <span class='ocrx_word' id='word_1_126' title='bbox 817 1673 880 1735; x_wconf 92' lang='lat' dir='ltr'>quo</span> <span class='ocrx_word' id='word_1_127' title='bbox 902 1652 945 1714; x_wconf 91' lang='lat' dir='ltr'>ad</span> <span class='ocrx_word' id='word_1_128' title='bbox 966 1650 1127 1714; x_wconf 90' lang='lat' dir='ltr'>orationes</span> <span class='ocrx_word' id='word_1_129' title='bbox 1152 1649 1358 1726; x_wconf 87' lang='lat' dir='ltr'>excitarivel</span> 
     </span>
     <span class='ocr_line' id='line_1_18' title="bbox 256 1735 1400 1820; baseline 0.003 -20"><span class='ocrx_word' id='word_1_130' title='bbox 256 1737 422 1802; x_wconf 87' lang='lat' dir='ltr'>convocari</span> <span class='ocrx_word' id='word_1_131' title='bbox 444 1737 598 1813; x_wconf 84' lang='lat' dir='ltr'>solebant,</span> <span class='ocrx_word' id='word_1_132' title='bbox 623 1758 696 1798; x_wconf 90' lang='lat' dir='ltr'>oum</span> <span class='ocrx_word' id='word_1_133' title='bbox 719 1736 791 1820; x_wconf 92' lang='lat' dir='ltr'>quis</span> <span class='ocrx_word' id='word_1_134' title='bbox 814 1758 923 1800; x_wconf 91' lang='lat' dir='ltr'>eorum</span> <span class='ocrx_word' id='word_1_135' title='bbox 946 1737 985 1800; x_wconf 91' lang='lat' dir='ltr'>de</span> <span class='ocrx_word' id='word_1_136' title='bbox 1010 1736 1124 1800; x_wconf 85' lang='lat' dir='ltr'>saeculo</span> <span class='ocrx_word' id='word_1_137' title='bbox 1150 1735 1260 1799; x_wconf 88' lang='lat' dir='ltr'>fuisset</span> <span class='ocrx_word' id='word_1_138' title='bbox 1286 1755 1358 1798; x_wconf 86' lang='lat' dir='ltr'>evo-</span> <span class='ocrx_word' id='word_1_139' title='bbox 1367 1754 1400 1804; x_wconf 84' lang='grc'>45</span> 
     </span>
     <span class='ocr_line' id='line_1_19' title="bbox 257 1820 1359 1907; baseline -0.002 -22"><span class='ocrx_word' id='word_1_140' title='bbox 257 1829 366 1888; x_wconf 84' lang='lat' dir='ltr'>catus:</span> <span class='ocrx_word' id='word_1_141' title='bbox 391 1823 582 1907; x_wconf 90' lang='lat' dir='ltr'>apertisque,</span> <span class='ocrx_word' id='word_1_142' title='bbox 604 1828 641 1885; x_wconf 90' lang='lat' dir='ltr'>ut</span> <span class='ocrx_word' id='word_1_143' title='bbox 665 1821 725 1884; x_wconf 92' lang='lat' dir='ltr'>sibi</span> <span class='ocrx_word' id='word_1_144' title='bbox 748 1821 925 1899; x_wconf 89' lang='lat' dir='ltr'>videbatur,</span> <span class='ocrx_word' id='word_1_145' title='bbox 949 1822 1047 1886; x_wconf 89' lang='lat' dir='ltr'>oculis</span> <span class='ocrx_word' id='word_1_146' title='bbox 1072 1821 1206 1906; x_wconf 85' lang='lat' dir='ltr'>aspexit,</span> <span class='ocrx_word' id='word_1_147' title='bbox 1230 1820 1359 1884; x_wconf 89' lang='lat' dir='ltr'>detecto</span> 
     </span>
     <span class='ocr_line' id='line_1_20' title="bbox 257 1905 1360 1992; baseline -0.003 -22"><span class='ocrx_word' id='word_1_148' title='bbox 257 1909 370 1972; x_wconf 92' lang='lat' dir='ltr'>domus</span> <span class='ocrx_word' id='word_1_149' title='bbox 392 1908 535 1983; x_wconf 88' lang='lat' dir='ltr'>culmine,</span> <span class='ocrx_word' id='word_1_150' title='bbox 557 1908 660 1970; x_wconf 82' lang='lat' dir='ltr'>susam</span> <span class='ocrx_word' id='word_1_151' title='bbox 683 1907 819 1992; x_wconf 86' lang='lat' dir='ltr'>desuper</span> <span class='ocrx_word' id='word_1_152' title='bbox 839 1908 940 1971; x_wconf 89' lang='lat' dir='ltr'>lucem</span> <span class='ocrx_word' id='word_1_153' title='bbox 962 1907 1069 1970; x_wconf 91' lang='lat' dir='ltr'>omnia</span> <span class='ocrx_word' id='word_1_154' title='bbox 1089 1907 1276 1992; x_wconf 84' lang='lat' dir='ltr'>replevisse:</span> <span class='ocrx_word' id='word_1_155' title='bbox 1307 1905 1360 1968; x_wconf 90' lang='lat' dir='ltr'>cui</span> 
     </span>
     <span class='ocr_line' id='line_1_21' title="bbox 257 1991 1360 2076; baseline -0.003 -19"><span class='ocrx_word' id='word_1_156' title='bbox 257 1994 402 2057; x_wconf 86' lang='lat' dir='ltr'>videlicet</span> <span class='ocrx_word' id='word_1_157' title='bbox 415 1992 477 2055; x_wconf 90' lang='lat' dir='ltr'>luci</span> <span class='ocrx_word' id='word_1_158' title='bbox 491 1993 588 2054; x_wconf 91' lang='lat' dir='ltr'>¹dum</span> <span class='ocrx_word' id='word_1_159' title='bbox 602 1991 737 2056; x_wconf 88' lang='lat' dir='ltr'>sollicita</span> <span class='ocrx_word' id='word_1_160' title='bbox 756 1993 947 2070; x_wconf 89' lang='lat' dir='ltr'>intenderet,</span> <span class='ocrx_word' id='word_1_161' title='bbox 966 1992 1046 2056; x_wconf 81' lang='lat' dir='ltr'>vidit</span> <span class='ocrx_word' id='word_1_162' title='bbox 1061 1992 1200 2057; x_wconf 90' lang='lat' dir='ltr'>animam</span> <span class='ocrx_word' id='word_1_163' title='bbox 1213 1991 1360 2076; x_wconf 81' lang='lat' dir='ltr'>praefatae</span> 
     </span>
     <span class='ocr_line' id='line_1_22' title="bbox 259 2076 1438 2162; baseline 0.001 -22"><span class='ocrx_word' id='word_1_164' title='bbox 259 2077 320 2141; x_wconf 88' lang='lat' dir='ltr'>Dei</span> <span class='ocrx_word' id='word_1_165' title='bbox 335 2078 458 2141; x_wconf 85' lang='lat' dir='ltr'>samulae</span> <span class='ocrx_word' id='word_1_166' title='bbox 474 2077 507 2139; x_wconf 91' lang='lat' dir='ltr'>in</span> <span class='ocrx_word' id='word_1_167' title='bbox 522 2077 591 2161; x_wconf 89' lang='lat' dir='ltr'>ipsa</span> <span class='ocrx_word' id='word_1_168' title='bbox 601 2077 670 2141; x_wconf 91' lang='lat' dir='ltr'>luce</span> <span class='ocrx_word' id='word_1_169' title='bbox 682 2078 909 2143; x_wconf 77' lang='lat' dir='ltr'>comitantibus</span> <span class='ocrx_word' id='word_1_170' title='bbox 924 2101 961 2142; x_wconf 88' lang='lat' dir='ltr'>ao</span> <span class='ocrx_word' id='word_1_171' title='bbox 977 2079 1166 2142; x_wconf 89' lang='lat' dir='ltr'>ducentibus</span> <span class='ocrx_word' id='word_1_172' title='bbox 1180 2077 1301 2162; x_wconf 84' lang='lat' dir='ltr'>angelis</span> <span class='ocrx_word' id='word_1_173' title='bbox 1315 2078 1360 2141; x_wconf 92' lang='lat' dir='ltr'>ad</span> <span class='ocrx_word' id='word_1_174' title='bbox 1374 2076 1438 2141; x_wconf 85' lang='lat'>¹70</span> 
     </span>
     <span class='ocr_line' id='line_1_23' title="bbox 258 2162 1361 2247; baseline -0.001 -20"><span class='ocrx_word' id='word_1_175' title='bbox 258 2163 369 2227; x_wconf 82' lang='lat' dir='ltr'>caelum</span> <span class='ocrx_word' id='word_1_176' title='bbox 394 2162 479 2227; x_wconf 86' lang='lat' dir='ltr'>ferri.</span> <span class='ocrx_word' id='word_1_177' title='bbox 523 2163 665 2246; x_wconf 75' lang='lat' dir='ltr'>dumque</span> <span class='ocrx_word' id='word_1_178' title='bbox 687 2185 798 2228; x_wconf 92' lang='lat' dir='ltr'>somno</span> <span class='ocrx_word' id='word_1_179' title='bbox 821 2185 953 2228; x_wconf 89' lang='lat' dir='ltr'>excussa</span> <span class='ocrx_word' id='word_1_180' title='bbox 975 2164 1096 2228; x_wconf 90' lang='lat' dir='ltr'>videret</span> <span class='ocrx_word' id='word_1_181' title='bbox 1122 2171 1257 2228; x_wconf 81' lang='lat' dir='ltr'>caeteras</span> <span class='ocrx_word' id='word_1_182' title='bbox 1281 2187 1361 2247; x_wconf 91' lang='lat' dir='ltr'>pau·</span> 
     </span>
     <span class='ocr_line' id='line_1_24' title="bbox 258 2247 1362 2325; baseline 0.001 -13"><span class='ocrx_word' id='word_1_183' title='bbox 258 2254 366 2312; x_wconf 87' lang='lat' dir='ltr'>santes</span> <span class='ocrx_word' id='word_1_184' title='bbox 381 2249 466 2312; x_wconf 88' lang='lat' dir='ltr'>eirca</span> <span class='ocrx_word' id='word_1_185' title='bbox 483 2269 517 2310; x_wconf 90' lang='lat' dir='ltr'>se</span> <span class='ocrx_word' id='word_1_186' title='bbox 538 2269 672 2325; x_wconf 87' lang='lat' dir='ltr'>sorores,</span> <span class='ocrx_word' id='word_1_187' title='bbox 687 2247 845 2314; x_wconf 87' lang='lat' dir='ltr'>intellexit</span> <span class='ocrx_word' id='word_1_188' title='bbox 860 2250 909 2313; x_wconf 93' lang='lat' dir='ltr'>vel</span> <span class='ocrx_word' id='word_1_189' title='bbox 930 2250 963 2312; x_wconf 91' lang='lat' dir='ltr'>in</span> <span class='ocrx_word' id='word_1_190' title='bbox 985 2249 1107 2314; x_wconf 92' lang='lat' dir='ltr'>somnio</span> <span class='ocrx_word' id='word_1_191' title='bbox 1122 2249 1170 2313; x_wconf 89' lang='lat' dir='ltr'>vel</span> <span class='ocrx_word' id='word_1_192' title='bbox 1192 2249 1225 2312; x_wconf 92' lang='lat' dir='ltr'>in</span> <span class='ocrx_word' id='word_1_193' title='bbox 1239 2249 1362 2313; x_wconf 87' lang='lat' dir='ltr'>visione</span> 
     </span>
     <span class='ocr_line' id='line_1_25' title="bbox 258 2332 1362 2418; baseline 0.001 -23"><span class='ocrx_word' id='word_1_194' title='bbox 258 2333 375 2397; x_wconf 90' lang='lat' dir='ltr'>mentis</span> <span class='ocrx_word' id='word_1_195' title='bbox 396 2341 559 2397; x_wconf 91' lang='lat' dir='ltr'>ostensum</span> <span class='ocrx_word' id='word_1_196' title='bbox 580 2332 641 2396; x_wconf 92' lang='lat' dir='ltr'>sibi</span> <span class='ocrx_word' id='word_1_197' title='bbox 667 2355 736 2397; x_wconf 89' lang='lat' dir='ltr'>esse</span> <span class='ocrx_word' id='word_1_198' title='bbox 760 2336 845 2418; x_wconf 93' lang='lat' dir='ltr'>quod</span> <span class='ocrx_word' id='word_1_199' title='bbox 867 2335 1001 2399; x_wconf 89' lang='lat' dir='ltr'>viderat.</span> <span class='ocrx_word' id='word_1_200' title='bbox 1047 2335 1227 2418; x_wconf 89' lang='lat' dir='ltr'>Statimque</span> <span class='ocrx_word' id='word_1_201' title='bbox 1251 2356 1362 2397; x_wconf 89' lang='lat' dir='ltr'>exsur-</span> 
     </span>
     <span class='ocr_line' id='line_1_26' title="bbox 258 2418 1361 2506; baseline 0.002 -24"><span class='ocrx_word' id='word_1_202' title='bbox 258 2441 336 2504; x_wconf 87' lang='lat' dir='ltr'>gens</span> <span class='ocrx_word' id='word_1_203' title='bbox 358 2418 455 2482; x_wconf 90' lang='lat' dir='ltr'>nimio</span> <span class='ocrx_word' id='word_1_204' title='bbox 472 2418 588 2482; x_wconf 88' lang='lat' dir='ltr'>timore</span> <span class='ocrx_word' id='word_1_205' title='bbox 606 2420 779 2502; x_wconf 89' lang='lat' dir='ltr'>perterrita</span> <span class='ocrx_word' id='word_1_206' title='bbox 802 2420 942 2485; x_wconf 86' lang='lat' dir='ltr'>cucurrit</span> <span class='ocrx_word' id='word_1_207' title='bbox 963 2422 1005 2484; x_wconf 92' lang='lat' dir='ltr'>ad</span> <span class='ocrx_word' id='word_1_208' title='bbox 1027 2420 1179 2506; x_wconf 83' lang='lat' dir='ltr'>virginem</span> <span class='ocrx_word' id='word_1_209' title='bbox 1195 2442 1265 2503; x_wconf 87' lang='lat' dir='ltr'>quae</span> <span class='ocrx_word' id='word_1_210' title='bbox 1281 2426 1361 2484; x_wconf 92' lang='lat' dir='ltr'>tunc</span> 
     </span>
     <span class='ocr_line' id='line_1_27' title="bbox 258 2503 1385 2590; baseline -0.004 -22"><span class='ocrx_word' id='word_1_211' title='bbox 258 2505 452 2571; x_wconf 88' lang='lat' dir='ltr'>monasterio</span> <span class='ocrx_word' id='word_1_212' title='bbox 475 2503 645 2569; x_wconf 86' lang='lat' dir='ltr'>abbatissae</span> <span class='ocrx_word' id='word_1_213' title='bbox 667 2504 735 2569; x_wconf 88' lang='lat' dir='ltr'>vioe</span> <span class='ocrx_word' id='word_1_214' title='bbox 761 2506 898 2590; x_wconf 83' lang='lat' dir='ltr'>praefuit,</span> <span class='ocrx_word' id='word_1_215' title='bbox 922 2506 972 2570; x_wconf 92' lang='lat' dir='ltr'>cui</span> <span class='ocrx_word' id='word_1_216' title='bbox 995 2528 1109 2570; x_wconf 90' lang='lat' dir='ltr'>nomen</span> <span class='ocrx_word' id='word_1_217' title='bbox 1133 2512 1203 2570; x_wconf 89' lang='lat' dir='ltr'>erat</span> <span class='ocrx_word' id='word_1_218' title='bbox 1227 2505 1385 2589; x_wconf 75' lang='lat' dir='ltr'>Frigyds</span> 
     </span>
     <span class='ocr_line' id='line_1_28' title="bbox 258 2591 1362 2691; baseline 0 -36"><span class='ocrx_word' id='word_1_219' title='bbox 258 2591 398 2691; x_wconf 75' lang='lat' dir='ltr'>fletuque</span> <span class='ocrx_word' id='word_1_220' title='bbox 412 2614 451 2657; x_wconf 89' lang='lat' dir='ltr'>ac</span> <span class='ocrx_word' id='word_1_221' title='bbox 465 2591 611 2675; x_wconf 87' lang='lat' dir='ltr'>lacrymis</span> <span class='ocrx_word' id='word_1_222' title='bbox 624 2591 760 2655; x_wconf 91' lang='lat' dir='ltr'>multum</span> <span class='ocrx_word' id='word_1_223' title='bbox 774 2594 910 2675; x_wconf 86' lang='lat' dir='ltr'>perfusa,</span> <span class='ocrx_word' id='word_1_224' title='bbox 922 2616 960 2656; x_wconf 90' lang='lat' dir='ltr'>ac</span> <span class='ocrx_word' id='word_1_225' title='bbox 972 2592 1107 2677; x_wconf 89' lang='lat' dir='ltr'>suspiria</span> <span class='ocrx_word' id='word_1_226' title='bbox 1121 2593 1216 2677; x_wconf 87' lang='lat' dir='ltr'>longa</span> <span class='ocrx_word' id='word_1_227' title='bbox 1226 2592 1362 2655; x_wconf 89' lang='lat' dir='ltr'>trahens</span> 
     </span>
     <span class='ocr_line' id='line_1_29' title="bbox 258 2675 1362 2761; baseline -0.004 -18"><span class='ocrx_word' id='word_1_228' title='bbox 258 2678 428 2754; x_wconf 79' lang='lat' dir='ltr'>nunciavit,</span> <span class='ocrx_word' id='word_1_229' title='bbox 443 2684 579 2741; x_wconf 90' lang='lat' dir='ltr'>matrem</span> <span class='ocrx_word' id='word_1_230' title='bbox 601 2675 724 2739; x_wconf 91' lang='lat' dir='ltr'>illarum</span> <span class='ocrx_word' id='word_1_231' title='bbox 745 2677 885 2741; x_wconf 89' lang='lat' dir='ltr'>omnium</span> <span class='ocrx_word' id='word_1_232' title='bbox 901 2679 981 2741; x_wconf 92' lang='lat' dir='ltr'>Hild</span> <span class='ocrx_word' id='word_1_233' title='bbox 998 2678 1194 2742; x_wconf 87' lang='lat' dir='ltr'>abbatissam</span> <span class='ocrx_word' id='word_1_234' title='bbox 1212 2678 1280 2761; x_wconf 88' lang='lat' dir='ltr'>jam</span> <span class='ocrx_word' id='word_1_235' title='bbox 1303 2678 1362 2739; x_wconf 90' lang='lat' dir='ltr'>mi-</span> 
     </span>
     <span class='ocr_line' id='line_1_30' title="bbox 258 2762 1362 2847; baseline 0 -21"><span class='ocrx_word' id='word_1_236' title='bbox 258 2785 368 2847; x_wconf 85' lang='lat' dir='ltr'>grasse</span> <span class='ocrx_word' id='word_1_237' title='bbox 383 2763 422 2826; x_wconf 91' lang='lat' dir='ltr'>de</span> <span class='ocrx_word' id='word_1_238' title='bbox 437 2762 560 2838; x_wconf 86' lang='lat' dir='ltr'>saeculo,</span> <span class='ocrx_word' id='word_1_239' title='bbox 577 2769 610 2826; x_wconf 90' lang='lat' dir='ltr'>et</span> <span class='ocrx_word' id='word_1_240' title='bbox 625 2784 658 2824; x_wconf 94' lang='lat' dir='ltr'>se</span> <span class='ocrx_word' id='word_1_241' title='bbox 673 2784 709 2826; x_wconf 92' lang='lat' dir='ltr'>as</span> <span class='ocrx_word' id='word_1_242' title='bbox 732 2770 862 2827; x_wconf 89' lang='lat' dir='ltr'>eotante</span> <span class='ocrx_word' id='word_1_243' title='bbox 882 2786 954 2827; x_wconf 88' lang='lat' dir='ltr'>cum</span> <span class='ocrx_word' id='word_1_244' title='bbox 971 2764 1040 2828; x_wconf 86' lang='lat' dir='ltr'>luce</span> <span class='ocrx_word' id='word_1_245' title='bbox 1060 2764 1213 2828; x_wconf 91' lang='lat' dir='ltr'>immensa</span> <span class='ocrx_word' id='word_1_246' title='bbox 1227 2762 1362 2826; x_wconf 92' lang='lat' dir='ltr'>ducibus</span> 
     </span>
     <span class='ocr_line' id='line_1_31' title="bbox 259 2786 1363 2933; baseline 0 -22"><span class='ocrx_word' id='word_1_247' title='bbox 259 2848 378 2932; x_wconf 84' lang='lat' dir='ltr'>angelis</span> <span class='ocrx_word' id='word_1_248' title='bbox 393 2848 435 2912; x_wconf 91' lang='lat' dir='ltr'>ad</span> <span class='ocrx_word' id='word_1_249' title='bbox 449 2854 578 2911; x_wconf 82' lang='lat' dir='ltr'>aeternae</span> <span class='ocrx_word' id='word_1_250' title='bbox 592 2786 792 2912; x_wconf 77' lang='lat' dir='ltr'>liminaiuois</span> <span class='ocrx_word' id='word_1_251' title='bbox 808 2856 841 2913; x_wconf 88' lang='lat' dir='ltr'>et</span> <span class='ocrx_word' id='word_1_252' title='bbox 856 2871 1063 2933; x_wconf 88' lang='lat' dir='ltr'>supernorum</span> <span class='ocrx_word' id='word_1_253' title='bbox 1074 2848 1235 2913; x_wconf 91' lang='lat' dir='ltr'>consortia</span> <span class='ocrx_word' id='word_1_254' title='bbox 1246 2848 1363 2912; x_wconf 85' lang='lat' dir='ltr'>civium</span> 
     </span>
     <span class='ocr_line' id='line_1_32' title="bbox 259 2932 1360 3012; baseline 0.001 -16"><span class='ocrx_word' id='word_1_255' title='bbox 259 2934 447 2997; x_wconf 85' lang='lat' dir='ltr'>ascendisse.</span> <span class='ocrx_word' id='word_1_256' title='bbox 479 2933 571 3012; x_wconf 74' lang='lat' dir='ltr'>Quod</span> <span class='ocrx_word' id='word_1_257' title='bbox 585 2955 657 2995; x_wconf 86' lang='lat' dir='ltr'>eum</span> <span class='ocrx_word' id='word_1_258' title='bbox 672 2932 889 3010; x_wconf 88' lang='lat' dir='ltr'>illaaudisset,</span> <span class='ocrx_word' id='word_1_259' title='bbox 902 2934 1068 2999; x_wconf 89' lang='lat' dir='ltr'>suscitavit</span> <span class='ocrx_word' id='word_1_260' title='bbox 1078 2942 1210 2999; x_wconf 89' lang='lat' dir='ltr'>cunctas</span> <span class='ocrx_word' id='word_1_261' title='bbox 1225 2956 1360 3011; x_wconf 85' lang='lat' dir='ltr'>sorores,</span> 
     </span>
     <span class='ocr_line' id='line_1_33' title="bbox 260 3018 1407 3105; baseline 0.003 -23"><span class='ocrx_word' id='word_1_262' title='bbox 260 3018 342 3082; x_wconf 91' lang='lat' dir='ltr'>etin</span> <span class='ocrx_word' id='word_1_263' title='bbox 356 3018 519 3082; x_wconf 89' lang='lat' dir='ltr'>ecelesiam</span> <span class='ocrx_word' id='word_1_264' title='bbox 534 3025 733 3091; x_wconf 85' lang='lat' dir='ltr'>convocatas,</span> <span class='ocrx_word' id='word_1_265' title='bbox 749 3020 946 3083; x_wconf 90' lang='lat' dir='ltr'>orationibus</span> <span class='ocrx_word' id='word_1_266' title='bbox 966 3042 1004 3083; x_wconf 88' lang='lat' dir='ltr'>ao</span> <span class='ocrx_word' id='word_1_267' title='bbox 1025 3020 1154 3105; x_wconf 92' lang='lat' dir='ltr'>psalmis</span> <span class='ocrx_word' id='word_1_268' title='bbox 1176 3042 1235 3105; x_wconf 89' lang='lat' dir='ltr'>pro</span> <span class='ocrx_word' id='word_1_269' title='bbox 1252 3019 1362 3085; x_wconf 89' lang='lat' dir='ltr'>anima</span> <span class='ocrx_word' id='word_1_270' title='bbox 1375 3042 1407 3076; x_wconf 87' lang='lat'>¹0</span> 
     </span>
     <span class='ocr_line' id='line_1_34' title="bbox 259 3104 1362 3187; baseline 0.001 -20"><span class='ocrx_word' id='word_1_271' title='bbox 259 3104 372 3167; x_wconf 90' lang='lat' dir='ltr'>matris</span> <span class='ocrx_word' id='word_1_272' title='bbox 387 3125 516 3187; x_wconf 91' lang='lat' dir='ltr'>operam</span> <span class='ocrx_word' id='word_1_273' title='bbox 531 3104 608 3167; x_wconf 88' lang='lat' dir='ltr'>dare</span> <span class='ocrx_word' id='word_1_274' title='bbox 623 3104 756 3168; x_wconf 86' lang='lat' dir='ltr'>monuit.</span> <span class='ocrx_word' id='word_1_275' title='bbox 802 3106 895 3185; x_wconf 72' lang='lat' dir='ltr'>Quod</span> <span class='ocrx_word' id='word_1_276' title='bbox 917 3128 989 3170; x_wconf 89' lang='lat' dir='ltr'>cum</span> <span class='ocrx_word' id='word_1_277' title='bbox 1010 3106 1137 3169; x_wconf 91' lang='lat' dir='ltr'>residuo</span> <span class='ocrx_word' id='word_1_278' title='bbox 1159 3106 1262 3169; x_wconf 90' lang='lat' dir='ltr'>noctis</span> <span class='ocrx_word' id='word_1_279' title='bbox 1280 3112 1362 3168; x_wconf 91' lang='lat' dir='ltr'>tem-</span> 
     </span>
     <span class='ocr_line' id='line_1_35' title="bbox 260 3188 1364 3275; baseline 0.001 -23"><span class='ocrx_word' id='word_1_280' title='bbox 260 3211 337 3273; x_wconf 91' lang='lat' dir='ltr'>pore</span> <span class='ocrx_word' id='word_1_281' title='bbox 357 3188 525 3273; x_wconf 85' lang='lat' dir='ltr'>diligenter</span> <span class='ocrx_word' id='word_1_282' title='bbox 546 3197 688 3273; x_wconf 86' lang='lat' dir='ltr'>agerent,</span> <span class='ocrx_word' id='word_1_283' title='bbox 710 3198 864 3255; x_wconf 87' lang='lat' dir='ltr'>venerunt</span> <span class='ocrx_word' id='word_1_284' title='bbox 885 3191 987 3275; x_wconf 88' lang='lat' dir='ltr'>primo</span> <span class='ocrx_word' id='word_1_285' title='bbox 1010 3191 1145 3255; x_wconf 86' lang='lat' dir='ltr'>diluculo</span> <span class='ocrx_word' id='word_1_286' title='bbox 1168 3192 1283 3255; x_wconf 87' lang='lat' dir='ltr'>fratres</span> <span class='ocrx_word' id='word_1_287' title='bbox 1307 3191 1364 3275; x_wconf 91' lang='lat' dir='ltr'>qui</span> 
     </span>
     <span class='ocr_line' id='line_1_36' title="bbox 261 3274 1364 3358; baseline 0.003 -21"><span class='ocrx_word' id='word_1_288' title='bbox 261 3275 329 3358; x_wconf 87' lang='lat' dir='ltr'>ejus</span> <span class='ocrx_word' id='word_1_289' title='bbox 344 3274 468 3338; x_wconf 93' lang='lat' dir='ltr'>obitum</span> <span class='ocrx_word' id='word_1_290' title='bbox 485 3274 681 3353; x_wconf 87' lang='lat' dir='ltr'>nunciarent,</span> <span class='ocrx_word' id='word_1_291' title='bbox 697 3298 718 3337; x_wconf 93' lang='lat' dir='ltr'>a</span> <span class='ocrx_word' id='word_1_292' title='bbox 734 3276 803 3340; x_wconf 85' lang='lat' dir='ltr'>loeo</span> <span class='ocrx_word' id='word_1_293' title='bbox 819 3276 873 3339; x_wconf 92' lang='lat' dir='ltr'>ubi</span> <span class='ocrx_word' id='word_1_294' title='bbox 888 3277 1039 3341; x_wconf 87' lang='lat' dir='ltr'>defuncta</span> <span class='ocrx_word' id='word_1_295' title='bbox 1055 3283 1114 3340; x_wconf 90' lang='lat' dir='ltr'>est.</span> <span class='ocrx_word' id='word_1_296' title='bbox 1159 3278 1207 3340; x_wconf 91' lang='lat' dir='ltr'>At</span> <span class='ocrx_word' id='word_1_297' title='bbox 1230 3276 1290 3341; x_wconf 88' lang='lat' dir='ltr'>illae</span> <span class='ocrx_word' id='word_1_298' title='bbox 1313 3298 1364 3340; x_wconf 89' lang='lat' dir='ltr'>re-</span> 
     </span>
     <span class='ocr_line' id='line_1_37' title="bbox 261 3359 1365 3447; baseline 0.004 -25"><span class='ocrx_word' id='word_1_299' title='bbox 261 3361 453 3444; x_wconf 88' lang='lat' dir='ltr'>spondentes</span> <span class='ocrx_word' id='word_1_300' title='bbox 473 3359 631 3437; x_wconf 89' lang='lat' dir='ltr'>dixerunt,</span> <span class='ocrx_word' id='word_1_301' title='bbox 647 3382 681 3424; x_wconf 91' lang='lat' dir='ltr'>se</span> <span class='ocrx_word' id='word_1_302' title='bbox 702 3362 791 3446; x_wconf 90' lang='lat' dir='ltr'>prius</span> <span class='ocrx_word' id='word_1_303' title='bbox 814 3363 924 3426; x_wconf 89' lang='lat' dir='ltr'>eadem</span> <span class='ocrx_word' id='word_1_304' title='bbox 947 3362 1147 3447; x_wconf 83' lang='lat' dir='ltr'>cognovisse:</span> <span class='ocrx_word' id='word_1_305' title='bbox 1174 3369 1293 3425; x_wconf 92' lang='lat' dir='ltr'>etcum</span> <span class='ocrx_word' id='word_1_306' title='bbox 1309 3384 1365 3426; x_wconf 89' lang='lat' dir='ltr'>ex-</span> 
     </span>
     <span class='ocr_line' id='line_1_38' title="bbox 261 3445 1364 3531; baseline 0.004 -24"><span class='ocrx_word' id='word_1_307' title='bbox 261 3452 416 3530; x_wconf 92' lang='lat' dir='ltr'>ponerent</span> <span class='ocrx_word' id='word_1_308' title='bbox 438 3467 496 3529; x_wconf 93' lang='lat' dir='ltr'>per</span> <span class='ocrx_word' id='word_1_309' title='bbox 518 3445 660 3509; x_wconf 90' lang='lat' dir='ltr'>ordinem</span> <span class='ocrx_word' id='word_1_310' title='bbox 681 3448 839 3529; x_wconf 91' lang='lat' dir='ltr'>quomodo</span> <span class='ocrx_word' id='word_1_311' title='bbox 862 3449 930 3511; x_wconf 85' lang='lat' dir='ltr'>haec</span> <span class='ocrx_word' id='word_1_312' title='bbox 953 3448 1001 3511; x_wconf 89' lang='lat' dir='ltr'>vel</span> <span class='ocrx_word' id='word_1_313' title='bbox 1019 3449 1145 3531; x_wconf 91' lang='lat' dir='ltr'>quando</span> <span class='ocrx_word' id='word_1_314' title='bbox 1168 3447 1364 3525; x_wconf 89' lang='lat' dir='ltr'>didicissent,</span> 
     </span>
     <span class='ocr_line' id='line_1_39' title="bbox 261 3530 1365 3617; baseline 0.004 -24"><span class='ocrx_word' id='word_1_315' title='bbox 261 3530 425 3595; x_wconf 90' lang='lat' dir='ltr'>inventum</span> <span class='ocrx_word' id='word_1_316' title='bbox 444 3537 505 3606; x_wconf 87' lang='lat' dir='ltr'>est,</span> <span class='ocrx_word' id='word_1_317' title='bbox 521 3530 633 3594; x_wconf 92' lang='lat' dir='ltr'>eadem</span> <span class='ocrx_word' id='word_1_318' title='bbox 655 3531 734 3596; x_wconf 91' lang='lat' dir='ltr'>hora</span> <span class='ocrx_word' id='word_1_319' title='bbox 756 3534 930 3597; x_wconf 89' lang='lat' dir='ltr'>transitum</span> <span class='ocrx_word' id='word_1_320' title='bbox 947 3534 1015 3617; x_wconf 91' lang='lat' dir='ltr'>ejus</span> <span class='ocrx_word' id='word_1_321' title='bbox 1037 3533 1096 3595; x_wconf 91' lang='lat' dir='ltr'>illis</span> <span class='ocrx_word' id='word_1_322' title='bbox 1116 3538 1278 3596; x_wconf 91' lang='lat' dir='ltr'>ostensum</span> <span class='ocrx_word' id='word_1_323' title='bbox 1293 3554 1365 3597; x_wconf 88' lang='lat' dir='ltr'>esse</span> 
     </span>
     <span class='ocr_line' id='line_1_40' title="bbox 261 3616 1408 3701; baseline 0.001 -21"><span class='ocrx_word' id='word_1_324' title='bbox 261 3639 319 3701; x_wconf 88' lang='lat' dir='ltr'>per</span> <span class='ocrx_word' id='word_1_325' title='bbox 340 3618 500 3694; x_wconf 90' lang='lat' dir='ltr'>visionem,</span> <span class='ocrx_word' id='word_1_326' title='bbox 524 3639 587 3699; x_wconf 92' lang='lat' dir='ltr'>qua</span> <span class='ocrx_word' id='word_1_327' title='bbox 610 3616 696 3679; x_wconf 89' lang='lat' dir='ltr'>illam</span> <span class='ocrx_word' id='word_1_328' title='bbox 721 3619 902 3683; x_wconf 90' lang='lat' dir='ltr'>referebant</span> <span class='ocrx_word' id='word_1_329' title='bbox 928 3619 1030 3683; x_wconf 84' lang='lat' dir='ltr'>exisse</span> <span class='ocrx_word' id='word_1_330' title='bbox 1050 3618 1090 3681; x_wconf 90' lang='lat' dir='ltr'>de</span> <span class='ocrx_word' id='word_1_331' title='bbox 1115 3618 1242 3681; x_wconf 90' lang='lat' dir='ltr'>mundo.</span> <span class='ocrx_word' id='word_1_332' title='bbox 1287 3618 1408 3689; x_wconf 83' lang='lat' dir='ltr'>Pul-15</span> 
     </span>
     <span class='ocr_line' id='line_1_41' title="bbox 262 3702 1366 3788; baseline 0.001 -22"><span class='ocrx_word' id='word_1_333' title='bbox 262 3704 400 3787; x_wconf 86' lang='lat' dir='ltr'>chraque</span> <span class='ocrx_word' id='word_1_334' title='bbox 415 3724 521 3766; x_wconf 90' lang='lat' dir='ltr'>rerum</span> <span class='ocrx_word' id='word_1_335' title='bbox 536 3702 705 3765; x_wconf 85' lang='lat' dir='ltr'>eoncordia</span> <span class='ocrx_word' id='word_1_336' title='bbox 718 3712 925 3788; x_wconf 84' lang='lat' dir='ltr'>procuratum</span> <span class='ocrx_word' id='word_1_337' title='bbox 941 3711 990 3768; x_wconf 91' lang='lat' dir='ltr'>est</span> <span class='ocrx_word' id='word_1_338' title='bbox 1002 3703 1162 3781; x_wconf 82' lang='lat' dir='ltr'>divinitus,</span> <span class='ocrx_word' id='word_1_339' title='bbox 1178 3711 1215 3768; x_wconf 89' lang='lat' dir='ltr'>ut</span> <span class='ocrx_word' id='word_1_340' title='bbox 1230 3726 1301 3767; x_wconf 89' lang='lat' dir='ltr'>cum</span> <span class='ocrx_word' id='word_1_341' title='bbox 1319 3704 1366 3767; x_wconf 92' lang='lat' dir='ltr'>illi</span> 
     </span>
    </p>
   </div>
   <div class='ocr_carea' id='block_1_8' title="bbox 589 3880 1038 3931">
    <p class='ocr_par' dir='ltr' id='par_1_8' title="bbox 589 3880 1038 3931">
     <span class='ocr_line' id='line_1_42' title="bbox 589 3880 1038 3931; baseline 0.004 -4"><span class='ocrx_word' id='word_1_342' title='bbox 589 3890 604 3917; x_wconf 85' lang='lat'>¹¹</span> <span class='ocrx_word' id='word_1_343' title='bbox 617 3881 747 3929; x_wconf 77' lang='lat' dir='ltr'>acrensitir</span> <span class='ocrx_word' id='word_1_344' title='bbox 758 3881 788 3929; x_wconf 88' lang='lat' dir='ltr'>V.</span> <span class='ocrx_word' id='word_1_345' title='bbox 911 3894 926 3923; x_wconf 85' lang='lat' dir='ltr'>x</span> <span class='ocrx_word' id='word_1_346' title='bbox 939 3898 994 3931; x_wconf 82' lang='lat' dir='ltr'>oum</span> <span class='ocrx_word' id='word_1_347' title='bbox 1007 3880 1038 3929; x_wconf 89' lang='lat' dir='ltr'>V.</span> 
     </span>
    </p>
   </div>
   <div class='ocr_carea' id='block_1_9' title="bbox 265 4041 1367 4555">
    <p class='ocr_par' dir='ltr' id='par_1_9' title="bbox 265 4041 1367 4235">
     <span class='ocr_line' id='line_1_43' title="bbox 298 4041 1367 4105; baseline 0.002 -15"><span class='ocrx_word' id='word_1_348' title='bbox 298 4056 336 4105; x_wconf 79' lang='lat'>34</span> <span class='ocrx_word' id='word_1_349' title='bbox 350 4045 386 4091; x_wconf 81' lang='lat' dir='ltr'>ad</span> <span class='ocrx_word' id='word_1_350' title='bbox 394 4044 458 4089; x_wconf 82' lang='lat' dir='ltr'>diem</span> <span class='ocrx_word' id='word_1_351' title='bbox 465 4041 582 4103; x_wconf 80' lang='lat' dir='ltr'>pervenit</span> <span class='ocrx_word' id='word_1_352' title='bbox 592 4041 718 4102; x_wconf 77' lang='lat' dir='ltr'>ultimum]</span> <span class='ocrx_word' id='word_1_353' title='bbox 739 4043 808 4092; x_wconf 91' lang='lat' dir='ltr'>Obiit</span> <span class='ocrx_word' id='word_1_354' title='bbox 816 4046 840 4091; x_wconf 87' lang='lat' dir='ltr'>S.</span> <span class='ocrx_word' id='word_1_355' title='bbox 849 4045 924 4092; x_wconf 87' lang='lat' dir='ltr'>Hilda</span> <span class='ocrx_word' id='word_1_356' title='bbox 931 4044 971 4092; x_wconf 87' lang='lat' dir='ltr'>die</span> <span class='ocrx_word' id='word_1_357' title='bbox 982 4055 1008 4105; x_wconf 77' lang='lat'>15</span> <span class='ocrx_word' id='word_1_358' title='bbox 1018 4043 1071 4091; x_wconf 88' lang='lat' dir='ltr'>Cal.</span> <span class='ocrx_word' id='word_1_359' title='bbox 1081 4044 1212 4092; x_wconf 86' lang='lat' dir='ltr'>Decembr.</span> <span class='ocrx_word' id='word_1_360' title='bbox 1232 4044 1295 4092; x_wconf 88' lang='lat' dir='ltr'>Flor.</span> <span class='ocrx_word' id='word_1_361' title='bbox 1303 4046 1367 4093; x_wconf 88' lang='lat' dir='ltr'>Uni·</span> 
     </span>
     <span class='ocr_line' id='line_1_44' title="bbox 266 4103 1366 4169; baseline 0.003 -14"><span class='ocrx_word' id='word_1_362' title='bbox 266 4122 336 4169; x_wconf 78' lang='lat' dir='ltr'>geru.</span> <span class='ocrx_word' id='word_1_363' title='bbox 350 4124 373 4155; x_wconf 84' lang='lat' dir='ltr'>a.</span> <span class='ocrx_word' id='word_1_364' title='bbox 386 4106 442 4156; x_wconf 87' lang='lat'><strong>680.</strong></span> <span class='ocrx_word' id='word_1_365' title='bbox 476 4104 542 4153; x_wconf 83' lang='lat' dir='ltr'>Ossa</span> <span class='ocrx_word' id='word_1_366' title='bbox 552 4103 635 4151; x_wconf 79' lang='lat' dir='ltr'>Hildae</span> <span class='ocrx_word' id='word_1_367' title='bbox 652 4106 781 4155; x_wconf 75' lang='lat' dir='ltr'>abbatissa</span> <span class='ocrx_word' id='word_1_368' title='bbox 793 4108 946 4157; x_wconf 85' lang='lat' dir='ltr'>Glastoniam</span> <span class='ocrx_word' id='word_1_369' title='bbox 964 4109 1062 4157; x_wconf 82' lang='lat' dir='ltr'>advexit</span> <span class='ocrx_word' id='word_1_370' title='bbox 1079 4108 1242 4157; x_wconf 85' lang='lat' dir='ltr'>Eadmundus</span> <span class='ocrx_word' id='word_1_371' title='bbox 1259 4124 1289 4168; x_wconf 87' lang='lat' dir='ltr'>r.,</span> <span class='ocrx_word' id='word_1_372' title='bbox 1306 4110 1366 4158; x_wconf 88' lang='lat' dir='ltr'>dum</span> 
     </span>
     <span class='ocr_line' id='line_1_45' title="bbox 265 4167 1061 4235; baseline -0.001 -15"><span class='ocrx_word' id='word_1_373' title='bbox 265 4180 330 4220; x_wconf 83' lang='lat' dir='ltr'>esset</span> <span class='ocrx_word' id='word_1_374' title='bbox 339 4172 366 4219; x_wconf 91' lang='lat' dir='ltr'>in</span> <span class='ocrx_word' id='word_1_375' title='bbox 374 4170 528 4232; x_wconf 84' lang='lat' dir='ltr'>expeditione</span> <span class='ocrx_word' id='word_1_376' title='bbox 539 4167 692 4229; x_wconf 72' lang='lat' dir='ltr'>aquilonali.</span> <span class='ocrx_word' id='word_1_377' title='bbox 706 4172 761 4219; x_wconf 90' lang='lat' dir='ltr'>MS.</span> <span class='ocrx_word' id='word_1_378' title='bbox 773 4172 930 4235; x_wconf 80' lang='lat' dir='ltr'>Wessiugton</span> <span class='ocrx_word' id='word_1_379' title='bbox 943 4189 966 4233; x_wconf 89' lang='lat' dir='ltr'>p.</span> <span class='ocrx_word' id='word_1_380' title='bbox 977 4185 1017 4229; x_wconf 77' lang='lat'>30.</span> <span class='ocrx_word' id='word_1_381' title='bbox 1036 4174 1061 4219; x_wconf 89' lang='lat' dir='ltr'>S.</span> 
     </span>
    </p>

    <p class='ocr_par' dir='ltr' id='par_1_10' title="bbox 266 4233 1366 4350">
     <span class='ocr_line' id='line_1_46' title="bbox 266 4233 1366 4350; baseline 0 -65"><span class='ocrx_word' id='word_1_382' title='bbox 266 4302 282 4350; x_wconf 77' lang='lat' dir='ltr'>b</span> <span class='ocrx_word' id='word_1_383' title='bbox 299 4252 338 4298; x_wconf 79' lang='lat'>40.</span> <span class='ocrx_word' id='word_1_384' title='bbox 355 4236 482 4349; x_wconf 49' lang='lat' dir='ltr'>Zamnes]</span> <span class='ocrx_word' id='word_1_385' title='bbox 509 4233 591 4281; x_wconf 82' lang='lat' dir='ltr'>Locus</span> <span class='ocrx_word' id='word_1_386' title='bbox 607 4234 632 4279; x_wconf 87' lang='lat' dir='ltr'>in</span> <span class='ocrx_word' id='word_1_387' title='bbox 645 4234 746 4300; x_wconf 86' lang='lat' dir='ltr'>Whitby</span> <span class='ocrx_word' id='word_1_388' title='bbox 757 4238 855 4298; x_wconf 80' lang='lat' dir='ltr'>strand,</span> <span class='ocrx_word' id='word_1_389' title='bbox 872 4250 899 4297; x_wconf 83' lang='lat'>13</span> <span class='ocrx_word' id='word_1_390' title='bbox 912 4237 1027 4285; x_wconf 85' lang='lat' dir='ltr'>milliaria</span> <span class='ocrx_word' id='word_1_391' title='bbox 1044 4253 1059 4284; x_wconf 86' lang='lat' dir='ltr'>a</span> <span class='ocrx_word' id='word_1_392' title='bbox 1069 4236 1180 4301; x_wconf 82' lang='lat' dir='ltr'>Wbitby‚</span> <span class='ocrx_word' id='word_1_393' title='bbox 1199 4252 1213 4299; x_wconf 83' lang='lat'>3</span> <span class='ocrx_word' id='word_1_394' title='bbox 1231 4254 1245 4285; x_wconf 86' lang='lat' dir='ltr'>a</span> <span class='ocrx_word' id='word_1_395' title='bbox 1262 4239 1366 4286; x_wconf 84' lang='lat' dir='ltr'>Scardo-</span> 
     </span>
     <span class='ocr_line' id='line_1_47' title="bbox 284 4315 400 4348; baseline -0.009 0"><span class='ocrx_word' id='word_1_396' title='bbox 284 4315 312 4348; x_wconf 88' lang='lat' dir='ltr'>ur</span> <span class='ocrx_word' id='word_1_397' title='bbox 331 4316 354 4348; x_wconf 87' lang='lat' dir='ltr'>o.</span> <span class='ocrx_word' id='word_1_398' title='bbox 394 4334 400 4347; x_wconf 90' lang='lat'><strong>.</strong></span> 
     </span>
    </p>

    <p class='ocr_par' dir='ltr' id='par_1_11' title="bbox 265 4317 1367 4555">
     <span class='ocr_line' id='line_1_48' title="bbox 299 4317 1367 4427; baseline 0.002 -15"><span class='ocrx_word' id='word_1_399' title='bbox 299 4317 338 4424; x_wconf 53' lang='lat'>43.</span> <span class='ocrx_word' id='word_1_400' title='bbox 347 4364 469 4427; x_wconf 67' lang='lat' dir='ltr'>musam]</span> <span class='ocrx_word' id='word_1_401' title='bbox 490 4366 539 4413; x_wconf 90' lang='lat' dir='ltr'>Hic</span> <span class='ocrx_word' id='word_1_402' title='bbox 556 4366 624 4413; x_wconf 83' lang='lat' dir='ltr'>iocus</span> <span class='ocrx_word' id='word_1_403' title='bbox 641 4366 794 4423; x_wconf 83' lang='lat' dir='ltr'>contradicit,</span> <span class='ocrx_word' id='word_1_404' title='bbox 806 4367 844 4413; x_wconf 89' lang='lat' dir='ltr'>vel</span> <span class='ocrx_word' id='word_1_405' title='bbox 857 4366 943 4413; x_wconf 86' lang='lat' dir='ltr'>saltem</span> <span class='ocrx_word' id='word_1_406' title='bbox 956 4366 1131 4414; x_wconf 85' lang='lat' dir='ltr'>dubitationem</span> <span class='ocrx_word' id='word_1_407' title='bbox 1150 4367 1230 4415; x_wconf 85' lang='lat' dir='ltr'>adfert</span> <span class='ocrx_word' id='word_1_408' title='bbox 1246 4366 1367 4427; x_wconf 71' lang='lat' dir='ltr'>illisque</span> 
     </span>
     <span class='ocr_line' id='line_1_49' title="bbox 266 4428 1362 4492; baseline 0.001 -15"><span class='ocrx_word' id='word_1_409' title='bbox 266 4430 317 4477; x_wconf 85' lang='lat' dir='ltr'>dixi</span> <span class='ocrx_word' id='word_1_410' title='bbox 328 4444 411 4491; x_wconf 86' lang='lat' dir='ltr'>supra,</span> <span class='ocrx_word' id='word_1_411' title='bbox 424 4430 455 4476; x_wconf 83' lang='lat' dir='ltr'>ed</span> <span class='ocrx_word' id='word_1_412' title='bbox 466 4444 490 4491; x_wconf 83' lang='lat'>9.</span> <span class='ocrx_word' id='word_1_413' title='bbox 525 4430 591 4477; x_wconf 87' lang='lat' dir='ltr'>Hine</span> <span class='ocrx_word' id='word_1_414' title='bbox 601 4428 667 4477; x_wconf 88' lang='lat' dir='ltr'>enim</span> <span class='ocrx_word' id='word_1_415' title='bbox 680 4437 776 4478; x_wconf 78' lang='lat' dir='ltr'>conrtm</span> <span class='ocrx_word' id='word_1_416' title='bbox 788 4445 899 4492; x_wconf 82' lang='lat' dir='ltr'>puusnre</span> <span class='ocrx_word' id='word_1_417' title='bbox 914 4430 960 4479; x_wconf 87' lang='lat' dir='ltr'>diei</span> <span class='ocrx_word' id='word_1_418' title='bbox 978 4446 992 4478; x_wconf 86' lang='lat' dir='ltr'>e</span> <span class='ocrx_word' id='word_1_419' title='bbox 1009 4432 1075 4479; x_wconf 85' lang='lat' dir='ltr'>Beda</span> <span class='ocrx_word' id='word_1_420' title='bbox 1092 4436 1143 4479; x_wconf 85' lang='lat' dir='ltr'>tam</span> <span class='ocrx_word' id='word_1_421' title='bbox 1160 4431 1190 4479; x_wconf 85' lang='lat' dir='ltr'>de</span> <span class='ocrx_word' id='word_1_422' title='bbox 1207 4431 1319 4481; x_wconf 86' lang='lat' dir='ltr'>cubando</span> <span class='ocrx_word' id='word_1_423' title='bbox 1337 4433 1362 4479; x_wconf 92' lang='lat' dir='ltr'>in</span> 
     </span>
     <span class='ocr_line' id='line_1_50' title="bbox 265 4494 675 4555; baseline -0.007 -14"><span class='ocrx_word' id='word_1_424' title='bbox 265 4494 403 4541; x_wconf 85' lang='lat' dir='ltr'>habitaculo</span> <span class='ocrx_word' id='word_1_425' title='bbox 415 4509 488 4555; x_wconf 84' lang='lat' dir='ltr'>quam</span> <span class='ocrx_word' id='word_1_426' title='bbox 500 4496 530 4541; x_wconf 89' lang='lat' dir='ltr'>de</span> <span class='ocrx_word' id='word_1_427' title='bbox 542 4496 675 4541; x_wconf 80' lang='lat' dir='ltr'>uvoriendo.</span> 
     </span>
    </p>
   </div>
   <div class='ocr_carea' id='block_1_10' title="bbox 0 0 1570 5125">
    <p class='ocr_par' dir='ltr' id='par_1_12' title="bbox 0 0 1570 5125">
     <span class='ocr_line' id='line_1_51' title="bbox 0 0 1570 5125; baseline 0 0"><span class='ocrx_word' id='word_1_428' title='bbox 0 0 1570 5125; x_wconf 95' lang='lat' dir='ltr'> </span> 
     </span>
    </p>
   </div>
  </div>
 </body>
</html>
