3100 5125
278 321 341 385 ne
602 317 839 383 merorum
861 317 1039 384 neonus.
1317 265 1385 380 m.
1401 316 1447 378 28.
1541 414 1543 417 Ι

274 473 424 537 lectulum
444 473 667 549 conscendens,
682 472 780 558 coepit
799 471 832 535 in
846 472 986 556 quietem
1002 472 1146 536 membra
1164 470 1282 534 laxare.
1329 467 1377 532 Et

275 579 347 621 cum
366 558 528 642 paululum
543 559 726 642 quiesceret,
742 557 982 644 expergefactus
1002 556 1118 621 sodalis
1131 555 1272 641 respexit
1289 575 1375 631 enm,

275 648 310 706 ct
335 643 400 708 ait:
436 643 585 726 Osroter
609 642 774 729 Eepberetc,
797 665 814 706 o
837 643 914 728 quid
929 643 1064 727 sociat?
1108 639 1277 727 Sperabam
1300 640 1377 725 qaia

268 729 395 813 pariter
408 728 453 792 ad
465 729 560 792 citam
574 738 718 792 aternam
732 730 925 792 intraremus.
978 729 1189 791 Vommtomeo
1207 727 1280 790 scito
1299 725 1377 810 qaia

276 835 343 898 qua
351 813 521 898 postutasti,
536 814 674 898 accipies.
718 813 883 879 Didicerat
897 813 981 877 enim
995 835 1053 897 per
1066 811 1226 889 visionem,
1241 817 1276 874 et
1299 811 1378 894 qnid

276 898 429 984 petiisset,
445 904 479 962 et
500 899 574 983 quia
595 899 698 983 petita
719 898 923 984 inpetrasset.
968 898 1052 978 Quid
1069 898 1191 961 multat
1225 896 1299 980 Ipse
1314 897 1377 958 [Ε-

116 989 264 1051 Frgberctua
277 984 388 1047 dilhun
409 985 555 1068 proxima
581 990 674 1048 nocte
696 984 865 1049 defunctus
892 991 960 1049 est:
985 990 1021 1048 at
1043 1005 1118 1048 vero
1140 982 1301 1067 Ecgberet
1323 983 1417 1045 dero

114 1055 154 1102 ⁰b·
277 1091 368 1134 cussa
382 1069 527 1133 molestia
540 1069 737 1155 aegritudinis
752 1070 920 1147 convaluit,
930 1091 968 1134 ac
978 1070 1080 1133 multo
1091 1075 1224 1153 ⁸postea
1231 1075 1378 1152 tempore

277 1155 392 1232 vivens,
404 1161 631 1239 acceptumque
646 1156 815 1220 sacerdotii
828 1156 964 1240 gradum
977 1154 1142 1240 condignis
1162 1175 1279 1216 ornans
1298 1153 1379 1217 eeti-

277 1242 346 1318 bus,
362 1246 436 1325 post
457 1240 559 1304 multa
579 1241 734 1305 virtutum
753 1241 865 1317 bbona,
886 1248 924 1304 ut
945 1239 1013 1325 ipse
1035 1240 1246 1316 desiderabat,
1265 1261 1378 1338 nuper,

125 1333 194 1383 al).
208 1343 262 1396 729·
277 1326 311 1388 id
333 1332 391 1404 est,
407 1348 492 1390 anno
508 1326 682 1390 Dominieae
694 1325 920 1390 incarnationis
935 1324 1214 1410 septingentesimo
1229 1324 1379 1388 vicesimo

277 1433 370 1489 ncnc,
387 1434 459 1475 cum
481 1419 565 1476 esset
586 1411 653 1496 ipse
675 1433 831 1476 annorum
850 1411 1034 1496 nonaginta,
1049 1409 1198 1509 migravit
1217 1409 1259 1472 ad
1277 1430 1380 1494 regna

278 1497 428 1566 caelestia.
472 1497 576 1567 Duxit
593 1503 702 1561 autem
715 1497 815 1561 vitam
832 1497 866 1559 in
885 1517 1003 1580 magna
1019 1495 1216 1571 humilitatis,
1232 1516 1417 1567 mansue15

278 1583 406 1659 tudinis,
417 1581 629 1659 continentia,
640 1582 852 1666 simplicitatis
863 1588 897 1646 et
904 1580 1040 1666 justitia
1049 1580 1253 1664 perfectione.
1281 1579 1381 1644 Unde

278 1673 312 1732 et
326 1667 415 1753 genti
430 1689 504 1744 suae,
522 1674 555 1731 et
567 1667 627 1731 illis
642 1667 674 1730 in
690 1667 805 1752 quibus
819 1667 971 1731 exulabat
992 1665 1175 1731 nationibus
1191 1665 1381 1729 Scottorum

278 1753 343 1817 sive
373 1753 546 1829 Pictorum,
577 1753 739 1838 eexemplo
762 1753 895 1829 vivendi,
925 1757 959 1816 et
987 1751 1142 1816 instantia
1169 1750 1314 1827 docendi,
1346 1757 1380 1814 et

278 1839 472 1903 auctoritate
487 1837 684 1923 corripiendi,
701 1845 735 1903 et
753 1839 875 1922 pietate
889 1837 1043 1924 largiendi
1058 1837 1098 1900 de
1116 1837 1165 1898 his
1180 1857 1251 1920 quae
1266 1858 1288 1899 a
1301 1836 1380 1899 divi-

279 1923 365 1987 tibus
387 1933 563 2007 acceperat,
585 1923 720 1987 multum
742 1923 871 2008 profuit.
916 1922 1054 1987 Addidit
1075 1928 1184 1986 autem
1204 1921 1287 1985 votis
1307 1943 1380 2006 qnae

280 2008 426 2084 diximus,
442 2017 479 2071 ut
501 2029 625 2093 semper
638 2008 671 2070 in
686 2007 929 2094 quadragesima
943 2029 1006 2070 non
1026 2007 1207 2092 plusquam
1227 2007 1325 2070 semel
1347 2007 1381 2070 in

280 2094 331 2156 die
346 2093 520 2168 dreliceret,
536 2115 599 2156 non
617 2093 703 2156 aliud
723 2115 819 2179 quam
840 2115 955 2178 panem
976 2115 1014 2156 ac
1036 2094 1085 2157 leo
1100 2092 1331 2170 tenuissimum,
1346 2099 1419 2156 etro

280 2178 340 2241 hoo
358 2199 431 2241 cum
449 2200 596 2242 mensura
615 2185 781 2264 gustaret:
805 2179 892 2263 quod
905 2178 1050 2243 videlicet
1068 2179 1118 2242 lac
1139 2177 1242 2262 pridie
1262 2199 1381 2241 novum

280 2263 314 2325 in
333 2263 468 2347 ephiala,
481 2285 598 2348 ponere
622 2265 754 2343 solebat,
777 2263 829 2329 ‘et
871 2270 923 2327 ost
940 2271 1066 2328 noctem
1086 2264 1195 2328 ablata
1214 2262 1382 2347 superficie

281 2349 443 2426 crassiore,
454 2348 521 2432 ipsc
531 2349 692 2413 residuum
703 2373 775 2414 cum
786 2287 970 2427 medicant
984 2349 1129 2425 diximus,
1142 2370 1224 2434 pane
1238 2348 1381 2413 bibebat.

282 2434 379 2518 Oujus
405 2435 534 2497 modum
563 2435 767 2499 continentiae
797 2435 895 2499 etiam
920 2434 1134 2520 quadraginta
1164 2434 1275 2497 diebus
1303 2441 1382 2498 ante

280 2520 409 2586 &natale
422 2519 560 2598 Domini,
573 2521 708 2586 totidem
723 2543 848 2607 quoque
861 2528 936 2606 post
950 2528 1081 2606 peracta
1095 2518 1257 2606 sollemnia
1270 2526 1382 2605 pente

280 2613 395 2685 costes,
411 2606 470 2671 hoc
487 2614 545 2686 est,
562 2607 839 2693 quinquagesimae,
855 2629 980 2692 semper
994 2608 1162 2672 observare
1176 2606 1320 2670 curabat.

675 2758 785 2823 OAP.
813 2759 989 2823 XXVIII.
1394 2780 1423 2829 25

284 2862 321 2921 Ut
348 2863 472 2937 desumto
502 2864 585 2929 Ilrda,
615 2860 723 2937 Vilfm’d
748 2862 776 2919 in
807 2863 909 2927 Gallia,
938 2860 1064 2919 hceadda
1091 2864 1164 2937 apud
1193 2863 1382 2920 occidentales

346 2944 477 3008 Senones,
492 2944 519 2999 in
528 2943 672 3017 provincio
685 2943 973 3018 Nordoubymbrorum
985 2944 1041 2999 sint
1054 2945 1174 3000 ordinati
1186 2945 1312 3019 episcopi.

125 3047 270 3109 [eructo]
344 3035 481 3099 Iurnam
509 3058 566 3099 rex
596 3035 744 3099 Alehfrid
772 3036 860 3100 misit
890 3036 1062 3099 Vilfridum
1089 3039 1310 3122 presbyterum
1339 3039 1384 3102 ad

121 3114 258 3175 viltrioep.
282 3142 389 3219 regem
419 3121 601 3197 Galliarum,
626 3122 681 3205 qui
709 3144 783 3185 eum
811 3121 872 3186 sibi
901 3121 1028 3205 suisque
1056 3124 1233 3187 consecrari
1262 3124 1384 3189 faceret

283 3227 472 3291 episcopum.
516 3206 565 3271 At
587 3207 638 3271 ille
660 3206 747 3272 misit
769 3230 842 3271 eum
863 3206 1075 3271 ordinandum
1092 3209 1135 3273 ad
1150 3208 1382 3294 Agilberctum,
1392 3229 1427 3275 30

316 3349 393 3403 apost
403 3345 432 3391 V.
547 3344 639 3392 baono
650 3345 680 3392 V.
802 3345 1040 3407 retemptat·
1134 3347 1381 3409 drrfieeretarV.G.

283 3408 369 3471 efieta
380 3408 409 3455 V.
509 3408 559 3456 fut
570 3409 600 3457 V.
701 3412 839 3457 anatolem
850 3411 880 3459 V.
978 3410 1144 3459 hetCeadda
1155 3411 1186 3458 V.

316 3530 355 3578 28.
368 3530 483 3593 Interea]
501 3532 560 3593 Pagi
576 3532 627 3579 haec
643 3531 669 3578 io
681 3531 752 3579 Am.
762 3529 819 3592 665.
831 3531 913 3591 ponit:
933 3532 976 3579 sed
993 3548 1049 3581 eom
1066 3532 1139 3595 infra,
1151 3550 1174 3581 v.
1187 3549 1226 3599 19,
1238 3536 1267 3581 Α.
1278 3534 1311 3582 D.
1327 3548 1384 3597 709.

283 3604 424 3644 numeratus
433 3595 465 3643 sit
474 3596 674 3658 quadragesimus
683 3596 784 3657 quintos
792 3595 889 3643 Vilfridi
899 3595 1062 3659 episcopatus,
1071 3598 1144 3645 malui
1155 3613 1210 3646 eum
1221 3598 1300 3646 Smith
1308 3599 1385 3648 Beda

283 3661 362 3722 ipsius
373 3662 491 3707 rationem
504 3661 580 3721 sequi
1258 3716 1262 3722 ¹

315 3724 349 3773 ib.
359 3724 487 3786 Atebfrtd]
503 3725 547 3775 Cui
561 3732 629 3786 pater
639 3723 730 3773 Osuius
738 3724 887 3785 provinciam
898 3724 1029 3772 Deirorum
1041 3726 1087 3773 sub
1098 3741 1124 3774 sc
1136 3726 1265 3787 regendam
1274 3728 1384 3776 dederat.

284 3790 309 3836 S.
346 3790 396 3837 Sub
408 3790 453 3837 lroc
465 3797 561 3851 tempus
572 3789 648 3850 cupiit
666 3788 774 3836 Alehfrid
786 3790 890 3836 Romam
902 3790 990 3847 visere,
1002 3804 1075 3850 quem
1093 3790 1119 3837 in
1131 3790 1205 3838 finem
1224 3792 1318 3839 seclum
1335 3793 1384 3841 sibi

284 3853 453 3915 designaverat
475 3854 606 3914 Biseopum
628 3852 808 3901 Benedictumz
833 3854 874 3900 sed
897 3853 927 3899 ab
949 3853 1047 3914 Incepto
1070 3864 1198 3903 revocatus
1219 3862 1258 3903 est
1279 3871 1294 3903 a
1314 3864 1386 3918 patre

285 3918 380 3966 Osuiu=
395 3926 420 3965 et
432 3918 579 3966 Benedictus
590 3918 657 3965 solus
668 3918 714 3964 iter
726 3918 790 3965 fecit.
814 3918 863 3964 Vit.
875 3918 968 3965 Abbat.
981 3932 1004 3965 2.
1016 3918 1089 3965 inlru.
1328 3960 1331 3963 ,

316 3983 349 4029 ib.
363 3982 512 4043 Vatfrr'dum]
526 3982 599 4030 Plura
610 3983 639 4029 dc
651 3980 756 4028 Vilfrido
765 3982 812 4028 vid.
823 3982 898 4037 infre,
906 3996 929 4028 v.
943 3996 985 4043 19:
997 3982 1039 4029 ubi
1049 3997 1129 4031 causa
1138 3983 1255 4031 Alehfridi
1267 3984 1385 4032 amicitia

284 4046 373 4107 partim
391 4055 561 4107 exponunturr
578 4046 671 4094 scilicet
687 4047 751 4107 quod
769 4046 879 4093 Alehfrid
896 4048 1031 4093 eattrclicas
1048 4049 1153 4095 erotema
1165 4051 1266 4108 regulas
1276 4052 1385 4107 amovit,

285 4110 416 4158 VilfrIdum
433 4126 490 4159 vero
508 4113 625 4172 comperit
641 4126 690 4157 esse
708 4112 865 4158 catholicam.
900 4110 954 4157 Hoc
971 4110 1054 4158 animo
1070 4119 1129 4159 tunc
1145 4113 1293 4160 desiderauit
1303 4120 1333 4159 at
1344 4116 1386 4161 eir

286 4181 364 4222 tanta
375 4177 519 4223 eruditionis
530 4190 561 4223 oe
571 4176 697 4235 religionis
707 4176 752 4221 cib-i
766 4177 906 4236 specialiter
921 4176 1048 4223 individuo
1065 4178 1183 4223 comitatu
1198 4178 1313 4223 sorados·
1322 4185 1387 4225 esser

285 4254 317 4286 ae
328 4241 424 4291 doetoh·
444 4248 469 4287 et
481 4254 546 4287 nrrne
557 4254 661 4301 quoque,
671 4238 735 4286 sicut
746 4240 849 4299 videtur,
861 4240 995 4300 episeopus.
1018 4240 1084 4287 Nam
1097 4241 1226 4288 Deltorum
1241 4240 1384 4302 episcopum

285 4304 361 4350 alium
374 4305 551 4351 Eboraceosem
564 4318 621 4351 mox
634 4303 744 4363 qrioesivit
756 4310 824 4363 pater
832 4303 884 4363 ejus
895 4305 981 4351 Osuin.
1017 4304 1101 4353 Tanto
1117 4313 1198 4352 autem
1214 4305 1293 4365 magis
1311 4321 1385 4354 sirum

284 4368 423 4429 episcopum
440 4368 591 4429 expetiturus
607 4376 660 4415 erut
676 4365 790 4414 Alchtrid
804 4375 895 4429 quanto
912 4367 939 4415 in
956 4368 1006 4415 illis
1023 4368 1163 4429 regionibus
1179 4370 1326 4428 prevalebat
1341 4380 1388 4420 eut

285 4433 358 4480 modo
369 4432 529 4493 praevaluerat
540 4433 679 4481 Scottorum
691 4430 835 4492 diseIplina:
848 4446 922 4494 qnam
933 4432 1037 4494 denique
1050 4433 1148 4481 Viltridi
1160 4434 1280 4483 adventus
1293 4434 1389 4497 (inquit

284 4494 362 4559 Beda)
375 4508 436 4559 pene
448 4496 559 4557 explosit.
