3100 5125
500 349 664 415 GENTIS
687 349 958 415 ANGLORUM.
1217 351 1281 418 173

183 502 224 565 de
239 524 302 586 quo
316 524 413 586 supra
427 502 572 582 diximus,
583 504 636 589 qui
650 504 762 570 reliota
776 504 947 581 Brittania,
961 503 1132 568 Parisiaeae
1144 502 1282 568 civitatis

181 587 287 651 faetus
301 594 373 652 erat
387 587 570 673 episeopus3
595 596 629 655 et
648 596 853 655 consecratus
872 596 922 655 est
940 611 1057 675 magno
1076 610 1148 652 oum
1163 589 1282 651 honore

183 673 225 735 ab
250 673 328 757 ipso,
352 673 609 738 convenientibus
631 675 774 760 plurimis
798 675 952 760 episeopis
974 675 1007 738 in
1028 674 1096 738 vioo
1118 674 1206 759 regio
1228 674 1282 758 qui

183 765 318 822 vocatur
337 758 371 822 in
391 758 596 844 Compendio.
640 761 711 842 Quo
728 762 833 825 adhue
852 761 886 823 in
901 760 1121 824 transmarinis
1136 759 1282 844 partibus

163 842 336 936 ,lpropter
349 844 591 909 ordinationem
616 847 811 924 demorante,
837 846 983 910 imitatus
1011 845 1200 909 industriam
1225 844 1282 908 filii

184 942 254 992 ¹rex
270 929 378 1006 Osuiu,
394 929 482 994 misit
498 931 644 996 Oantiam
658 931 759 994 virum
775 939 930 1009 sanetum,
941 931 1121 995 modestum
1132 930 1281 1008 moribus,

143 1027 173 1078 35
186 1013 424 1100 seripturarum
442 1015 577 1080 leotione
601 1017 791 1080 sufficienter
811 1017 1011 1093 instructum,
1035 1022 1068 1080 et
1091 1039 1130 1080 ea
1154 1039 1224 1100 quae
1248 1016 1282 1080 in

185 1100 358 1184 Scripturis
372 1101 496 1186 agenda
507 1101 670 1179 didioerat,
684 1103 831 1186 operibus
842 1103 987 1166 sollerter
997 1109 1215 1186 exequentem,
1228 1102 1282 1186 qui

184 1185 396 1249 Eboraoensis
425 1187 562 1250 eoolesiae
591 1188 794 1251 ordinaretur
823 1189 997 1273 episeopus.
1057 1187 1140 1251 Erat
1173 1193 1282 1251 autem

184 1273 352 1356 presbyter
376 1271 528 1337 vocabulo
559 1272 696 1349 Oeadda,
726 1274 827 1337 frater
855 1273 1098 1337 reverentissimi
1127 1272 1282 1336 antistitis
1292 1286 1399 1334 Gadda

186 1356 295 1433 Oeddi,
319 1357 408 1441 eujus
431 1357 545 1442 saepius
568 1359 775 1435 meminimus,
803 1364 837 1421 et
865 1360 965 1422 abbas
990 1358 1177 1423 monasterii
1201 1357 1284 1423 illius

187 1443 272 1526 quod
286 1448 418 1506 voeatur
434 1443 646 1528 Laestingaeu.
686 1443 840 1528 Misitque
854 1466 911 1507 rex
925 1466 997 1506 oum
1011 1466 1049 1507 eo
1063 1445 1284 1529 presbyterum

145 1550 279 1598 ⁴iosuum
304 1529 457 1592 vooabulo
481 1529 690 1606 Eadhaedum,
714 1529 769 1612 qui
794 1536 908 1614 postea
936 1537 1089 1614 regnante
1120 1528 1406 1614 Eogl'rido,Eadhoed.

188 1613 366 1698 Hrypensis
390 1614 526 1678 eoelesiae
550 1615 666 1698 praesul
691 1615 795 1678 faetus
818 1621 878 1678 est.
923 1613 1045 1678 Verum
1067 1614 1111 1677 illi
1136 1613 1284 1678 Oantiam

187 1699 414 1783 pervenientes,
438 1698 626 1764 invenerunt
650 1699 920 1784 arehiepiscopum
941 1699 1119 1764 Deusdedit
1137 1701 1206 1783 jam
1227 1699 1427 1762 mi-Deusdedii

187 1805 296 1868 grasse
312 1785 351 1847 de
366 1784 490 1862 saeoulo,
506 1790 540 1848 et
561 1786 695 1848 neodum
710 1784 808 1848 alium
827 1807 886 1869 pro
906 1807 944 1848 eo
962 1785 1173 1849 constitutum
1187 1785 1284 1850 fuisse
1292 1781 1333 1829 ⁰b·

188 1870 378 1952 pontifioem.
424 1869 521 1933 Unde
541 1871 738 1934 diverterunt
760 1871 803 1934 ad
824 1869 1016 1955 provinciam
1034 1870 1285 1934 Oooidentelium

190 1955 360 2032 Saxonum,
376 1955 431 2018 ubi
446 1961 517 2019 erat
533 1955 610 2019 Vini
625 1956 810 2040 episeopus:
835 1962 868 2020 ot
882 1956 923 2020 ab
937 1955 991 2019 illo
1006 1962 1056 2019 est
1069 1956 1117 2019 vir
1131 1957 1284 2040 praefatus

189 2047 390 2104 oonseoratus
423 2041 567 2118 antistes,
602 2041 759 2105 adsumtis
792 2041 826 2104 in
860 2041 1044 2105 societatem
1078 2041 1285 2105 ordinationis

146 2149 178 2200 45
190 2127 313 2190 duobus
328 2126 367 2188 de
383 2125 566 2190 Brittonum
583 2133 679 2212 gente
694 2127 858 2212 episeopis,
875 2127 929 2211 qui
943 2126 1144 2190 Dominioum
1158 2128 1284 2210 pasohae

189 2212 281 2288 diem,
298 2217 335 2275 ut
350 2212 464 2296 saepius
474 2213 599 2276 dietum
614 2218 672 2288 est,
689 2234 779 2277 seous
798 2234 919 2275 morem
936 2213 1120 2276 eanonioum
1134 2219 1285 2296 aquaria

189 2297 312 2361 deoima
325 2319 424 2382 usque
438 2298 481 2361 ad
495 2298 675 2361 vioesimam
688 2298 796 2361 lunam
811 2299 980 2362 celebrant.
1025 2298 1098 2360 Non
1112 2297 1197 2361 enim
1214 2303 1285 2362 erat

110 2391 173 2474 138
188 2389 265 2447 tuno
280 2383 370 2460 ullus,
386 2390 520 2468 exeepto
534 2383 586 2447 illo
603 2383 696 2460 Vine,
713 2384 745 2447 in
760 2390 833 2448 tota
852 2381 1015 2463 Brittania
1033 2384 1183 2448 eanonioe
1202 2384 1284 2447 ordi-

188 2472 283 2531 natus
299 2468 471 2553 episeopus.
502 2469 711 2533 Oonseoratus
726 2491 802 2554 ergo
816 2469 850 2532 in
864 2469 1045 2554 episcopum
1060 2469 1197 2545 Oeadda,
1209 2491 1284 2532 mox
1294 2493 1391 2541 sesana

188 2553 286 2639 ooepit
312 2554 530 2619 eeolesiastioae
553 2554 691 2633 veritati,
717 2563 751 2620 et
780 2555 923 2619 eastitati
949 2577 1057 2619 euram
1079 2555 1448 2647 impendere300pecratus

188 2639 371 2718 humilitati,
394 2640 607 2719 eontinentiae,
631 2641 758 2705 leotioni
780 2663 909 2725 operam
931 2641 1027 2715 dare;
1052 2641 1176 2725 oppida,
1198 2624 1391 2719 rura,⁸l¹¹¹²'

189 2747 288 2803 casas,
305 2726 398 2801 vioos,
415 2726 544 2791 castella
563 2732 694 2811 propter
714 2726 999 2811 evangelizandum,
1018 2747 1082 2789 non
1102 2727 1283 2809 equitando

165 2812 245 2888 5sed
271 2812 487 2897 apostolorum
512 2834 600 2875 more
625 2812 758 2897 pedibus
781 2812 954 2876 inoedendo
977 2833 1157 2897 peragrare.
1202 2812 1285 2876 Erat

189 2897 274 2960 enim
300 2898 360 2960 l‘de
385 2898 544 2983 discipulis
569 2898 699 2976 Aidaui,
723 2898 902 2997 eisdemque
925 2896 1050 2961 autibus
1078 2918 1116 2961 ao
1145 2897 1285 2962 moribus

151 3028 166 3051 .
185 2982 280 3067 juxta
306 2984 484 3068 exemplum
510 2984 586 3069 ejus,
611 3006 648 3047 ao
677 2984 786 3047 fratris
813 3005 862 3046 sul
886 2982 993 3058 Oeddi,
1021 3004 1094 3045 suos
1116 2982 1285 3047 instituere

188 3069 311 3133 curavit
333 3069 505 3155 auditores.
552 3068 693 3133 Veniens
717 3092 842 3154 quoque
863 3068 1057 3133 Brittaniam
1081 3067 1197 3131 Vilirid
1216 3069 1285 3152 jam

188 3153 352 3238 episeopus
380 3156 492 3231 faetus,
523 3160 557 3219 et
585 3154 653 3240 ipso
680 3156 830 3240 perplura
860 3154 1025 3219 oatholioae
1057 3154 1285 3219 observationis

189 3240 405 3304 moderamina
420 3240 559 3305 eeolesiis
574 3240 751 3326 Anglorum
766 3263 824 3305 sua
839 3240 984 3304 doctrina
999 3240 1143 3305 eontulit.
1188 3240 1285 3303 Unde

189 3326 310 3389 fastum
325 3332 382 3402 est,
398 3333 436 3389 ut
455 3332 617 3390 crescente
631 3348 688 3412 per
702 3326 768 3390 dies
783 3326 984 3391 institutione
998 3326 1164 3403 catholiea,
1182 3325 1285 3390 Sootti

152 3440 183 3474 10
190 3432 300 3474 omnes
321 3411 375 3495 qni
396 3412 479 3475 inter
499 3415 552 3474 An
575 3412 622 3474 los
643 3414 860 3489 morabantur,
876 3417 935 3476 a‘ut
955 3411 1005 3475 his
1026 3432 1139 3476 manus
1160 3412 1284 3488 darent,

190 3502 248 3561 aut
262 3517 353 3559 suam
367 3497 508 3561 redirent
522 3434 725 3581 adpatriam.

319 3666 399 3728 hposi
409 3668 439 3713 V.
571 3666 659 3727 iregis
669 3665 734 3736 qui
745 3667 775 3715 V.
912 3668 928 3707 k
940 3666 1074 3729 discipulus
1086 3666 1147 3715 V.G.

223 3824 263 3871 32.
274 3812 301 3857 in
315 3812 472 3873 Compendio]
488 3811 638 3873 Compeigne
651 3812 709 3859 villa
721 3810 826 3873 regiain
838 3810 1009 3859 Suessionibus
1021 3812 1052 3858 sd
1063 3810 1156 3858 rixones
1170 3817 1195 3857 et
1211 3810 1285 3859 Isara

189 3875 360 3923 confluentem.
396 3876 424 3923 ln
437 3891 486 3937 qua
495 3884 612 3937 regnante
623 3877 688 3936 apud
698 3876 805 3923 Francos
815 3876 903 3937 Pipino
914 3876 1022 3939 synodus
1038 3882 1076 3923 est
1092 3875 1184 3929 habita,
1195 3882 1220 3921 et
1237 3874 1285 3923 Cn·

189 3939 256 3986 rolus
276 3939 366 3987 Calvus
385 3940 560 3988 monasterium
577 3941 711 3987 inhonore
728 3941 750 3987 b.
770 3941 857 3988 Maria
873 3940 976 4003 virginis
994 3939 1115 3987 exstruit
1134 3940 1201 4001 qnod
1220 3954 1286 3987 nune

188 4018 209 4050 s.
222 4003 329 4051 Cornelii
340 4005 482 4066 appellatur.
495 4007 518 4051 S.
554 4004 650 4052 Mabill.
662 4008 728 4051 Anu.
739 4004 789 4051 xiv.
802 4016 841 4065 57.
1045 4047 1048 4052 ,

221 4070 262 4126 38.
272 4073 359 4130 sapius
369 4068 536 4130 merainimus]
551 4070 579 4117 ln
591 4069 662 4129 hujus
673 4069 728 4116 libri
740 4069 861 4129 capitibus
873 4082 914 4127 21,
927 4082 968 4126 αα,
981 4081 1021 4129 23,
1034 4065 1072 4116 26.
1085 4068 1111 4115 S.

222 4146 262 4194 39.
272 4132 443 4193 Eadiaedum]
458 4134 497 4181 De
505 4135 551 4181 hoo
562 4134 616 4181 vide
627 4134 659 4180 iv.
673 4147 710 4181 ια.
723 4133 748 4181 S.

225 4211 246 4244 1.
263 4204 363 4259 excepto
374 4200 415 4245 iilo
427 4198 502 4260 Vina]
521 4199 616 4259 Nempe
632 4206 685 4246 erat
702 4198 759 4247 Vini
776 4196 803 4245 in
819 4196 908 4246 Galliis
923 4196 1060 4255 ordinatus,
1072 4196 1126 4245 vide
1142 4194 1213 4257 hujus
1227 4194 1286 4243 libri

190 4270 262 4321 ceput
273 4262 413 4323 septimum.
425 4264 450 4309 S.
