<?xml version="1.0" encoding="UTF-8"?>
<!DOCTYPE html PUBLIC "-//W3C//DTD XHTML 1.0 Transitional//EN"
    "http://www.w3.org/TR/xhtml1/DTD/xhtml1-transitional.dtd">
<html xmlns="http://www.w3.org/1999/xhtml" xml:lang="en" lang="en">
 <head>
  <title>
</title>
<meta http-equiv="Content-Type" content="text/html;charset=utf-8" />
  <meta name='ocr-system' content='tesseract 3.04.00' />
  <meta name='ocr-capabilities' content='ocr_page ocr_carea ocr_par ocr_line ocrx_word'/>
</head>
<body>
  <div class='ocr_page' id='page_1' title='image "./historiaecclesi00hussgoog_0043.png"; bbox 0 0 3100 5125; ppageno 0'>
   <div class='ocr_carea' id='block_1_1' title="bbox 284 306 1482 373">
    <p class='ocr_par' dir='ltr' id='par_1_1' title="bbox 284 306 1482 373">
     <span class='ocr_line' id='line_1_1' title="bbox 284 306 1482 373; baseline -0.002 -2"><span class='ocrx_word' id='word_1_1' title='bbox 284 310 329 371; x_wconf 76' lang='lat'><strong>24</strong></span> <span class='ocrx_word' id='word_1_2' title='bbox 612 306 849 372; x_wconf 85' lang='lat' dir='ltr'><strong>HISTORIAE</strong></span> <span class='ocrx_word' id='word_1_3' title='bbox 872 306 1050 373; x_wconf 81' lang='lat' dir='ltr'><strong>EOOLES.</strong></span> <span class='ocrx_word' id='word_1_4' title='bbox 1335 306 1362 369; x_wconf 92' lang='lat'><strong>1.</strong></span> <span class='ocrx_word' id='word_1_5' title='bbox 1386 328 1482 369; x_wconf 83' lang='lat'><strong>12-</strong></span> 
     </span>
    </p>
   </div>
   <div class='ocr_carea' id='block_1_2' title="bbox 205 457 1438 3205">
    <p class='ocr_par' dir='ltr' id='par_1_2' title="bbox 205 457 1438 3205">
     <span class='ocr_line' id='line_1_2' title="bbox 285 457 1418 547; baseline 0.003 -21"><span class='ocrx_word' id='word_1_6' title='bbox 285 462 421 526; x_wconf 87' lang='lat' dir='ltr'><strong>Bomam</strong></span> <span class='ocrx_word' id='word_1_7' title='bbox 442 482 514 524; x_wconf 89' lang='lat' dir='ltr'><strong>cnm</strong></span> <span class='ocrx_word' id='word_1_8' title='bbox 535 460 677 545; x_wconf 85' lang='lat' dir='ltr'><strong>epistolis</strong></span> <span class='ocrx_word' id='word_1_9' title='bbox 697 461 873 539; x_wconf 75' lang='lat' dir='ltr'><strong>mittentes,</strong></span> <span class='ocrx_word' id='word_1_10' title='bbox 894 459 1077 547; x_wconf 79' lang='lat' dir='ltr'><strong>lacrymosis</strong></span> <span class='ocrx_word' id='word_1_11' title='bbox 1097 458 1245 544; x_wconf 85' lang='lat' dir='ltr'><strong>precibus</strong></span> <span class='ocrx_word' id='word_1_12' title='bbox 1265 457 1418 529; x_wconf 82' lang='lat' dir='ltr'><strong>auxilias</strong></span> 
     </span>
     <span class='ocr_line' id='line_1_3' title="bbox 284 544 1389 632; baseline -0.003 -22"><span class='ocrx_word' id='word_1_13' title='bbox 284 546 483 632; x_wconf 80' lang='lat' dir='ltr'><strong>flagitabant,</strong></span> <span class='ocrx_word' id='word_1_14' title='bbox 500 560 512 592; x_wconf 79' lang='lat'>¹</span> <span class='ocrx_word' id='word_1_15' title='bbox 520 547 809 632; x_wconf 88' lang='lat' dir='ltr'><strong>subjectionemque</strong></span> <span class='ocrx_word' id='word_1_16' title='bbox 824 547 1007 611; x_wconf 88' lang='lat' dir='ltr'><strong>continuam</strong></span> <span class='ocrx_word' id='word_1_17' title='bbox 1021 546 1192 609; x_wconf 88' lang='lat' dir='ltr'><strong>dummodo</strong></span> <span class='ocrx_word' id='word_1_18' title='bbox 1211 544 1312 609; x_wconf 92' lang='lat' dir='ltr'><strong>hostis</strong></span> <span class='ocrx_word' id='word_1_19' title='bbox 1327 545 1389 608; x_wconf 92' lang='lat' dir='ltr'><strong>im-</strong></span> 
     </span>
     <span class='ocr_line' id='line_1_4' title="bbox 284 630 1389 718; baseline -0.003 -22"><span class='ocrx_word' id='word_1_20' title='bbox 284 632 407 696; x_wconf 78' lang='lat' dir='ltr'>minens</span> <span class='ocrx_word' id='word_1_21' title='bbox 427 632 551 718; x_wconf 88' lang='lat' dir='ltr'><strong>longius</strong></span> <span class='ocrx_word' id='word_1_22' title='bbox 572 640 744 709; x_wconf 77' lang='lat' dir='ltr'><strong>arceretur,</strong></span> <span class='ocrx_word' id='word_1_23' title='bbox 767 633 1010 718; x_wconf 79' lang='lat' dir='ltr'><strong>promittebant.</strong></span> <span class='ocrx_word' id='word_1_24' title='bbox 1055 631 1176 711; x_wconf 76' lang='lat' dir='ltr'><strong>Quibus</strong></span> <span class='ocrx_word' id='word_1_25' title='bbox 1201 652 1277 694; x_wconf 87' lang='lat' dir='ltr'><strong>mox</strong></span> <span class='ocrx_word' id='word_1_26' title='bbox 1302 630 1389 716; x_wconf 87' lang='lat' dir='ltr'><strong>legio</strong></span> 
     </span>
     <span class='ocr_line' id='line_1_5' title="bbox 285 717 1389 803; baseline 0 -22"><span class='ocrx_word' id='word_1_27' title='bbox 285 717 465 782; x_wconf 89' lang='lat' dir='ltr'><strong>destinatur</strong></span> <span class='ocrx_word' id='word_1_28' title='bbox 478 725 613 796; x_wconf 86' lang='lat' dir='ltr'><strong>armata,</strong></span> <span class='ocrx_word' id='word_1_29' title='bbox 630 742 700 803; x_wconf 88' lang='lat' dir='ltr'><strong>quae</strong></span> <span class='ocrx_word' id='word_1_30' title='bbox 715 718 770 782; x_wconf 93' lang='lat' dir='ltr'><strong>ubi</strong></span> <span class='ocrx_word' id='word_1_31' title='bbox 785 720 838 782; x_wconf 79' lang='lat' dir='ltr'><strong>⁸in</strong></span> <span class='ocrx_word' id='word_1_32' title='bbox 855 718 989 783; x_wconf 89' lang='lat' dir='ltr'><strong>insulam</strong></span> <span class='ocrx_word' id='word_1_33' title='bbox 1008 718 1142 782; x_wconf 85' lang='lat' dir='ltr'><strong>advecta</strong></span> <span class='ocrx_word' id='word_1_34' title='bbox 1162 723 1196 781; x_wconf 89' lang='lat' dir='ltr'><strong>et</strong></span> <span class='ocrx_word' id='word_1_35' title='bbox 1216 738 1389 801; x_wconf 85' lang='lat' dir='ltr'><strong>congressa</strong></span> 
     </span>
     <span class='ocr_line' id='line_1_6' title="bbox 285 801 1386 890; baseline -0.002 -23"><span class='ocrx_word' id='word_1_36' title='bbox 285 810 335 868; x_wconf 89' lang='lat' dir='ltr'><strong>est</strong></span> <span class='ocrx_word' id='word_1_37' title='bbox 364 825 435 866; x_wconf 90' lang='lat' dir='ltr'><strong>cum</strong></span> <span class='ocrx_word' id='word_1_38' title='bbox 464 804 618 880; x_wconf 77' lang='lat' dir='ltr'><strong>hostibus,</strong></span> <span class='ocrx_word' id='word_1_39' title='bbox 648 827 797 890; x_wconf 85' lang='lat' dir='ltr'><strong>magnam</strong></span> <span class='ocrx_word' id='word_1_40' title='bbox 826 826 935 869; x_wconf 91' lang='lat' dir='ltr'><strong>eorum</strong></span> <span class='ocrx_word' id='word_1_41' title='bbox 964 801 1199 867; x_wconf 87' lang='lat' dir='ltr'><strong>multitudinem</strong></span> <span class='ocrx_word' id='word_1_42' title='bbox 1229 809 1386 880; x_wconf 88' lang='lat' dir='ltr'><strong>sternens,</strong></span> 
     </span>
     <span class='ocr_line' id='line_1_7' title="bbox 285 887 1388 975; baseline 0 -22"><span class='ocrx_word' id='word_1_43' title='bbox 285 897 418 953; x_wconf 86' lang='lat' dir='ltr'><strong>caeteros</strong></span> <span class='ocrx_word' id='word_1_44' title='bbox 435 889 591 953; x_wconf 89' lang='lat' dir='ltr'><strong>sociorum</strong></span> <span class='ocrx_word' id='word_1_45' title='bbox 605 890 720 954; x_wconf 89' lang='lat' dir='ltr'><strong>finibus</strong></span> <span class='ocrx_word' id='word_1_46' title='bbox 740 891 880 975; x_wconf 85' lang='lat' dir='ltr'><strong>expulit:</strong></span> <span class='ocrx_word' id='word_1_47' title='bbox 904 911 1019 973; x_wconf 90' lang='lat' dir='ltr'><strong>eosque</strong></span> <span class='ocrx_word' id='word_1_48' title='bbox 1038 888 1167 953; x_wconf 89' lang='lat' dir='ltr'><strong>interim</strong></span> <span class='ocrx_word' id='word_1_49' title='bbox 1186 911 1207 952; x_wconf 90' lang='lat' dir='ltr'><strong>a</strong></span> <span class='ocrx_word' id='word_1_50' title='bbox 1227 887 1388 953; x_wconf 88' lang='lat' dir='ltr'><strong>dirissima</strong></span> 
     </span>
     <span class='ocr_line' id='line_1_8' title="bbox 286 973 1387 1059; baseline -0.002 -20"><span class='ocrx_word' id='word_1_51' title='bbox 286 974 487 1059; x_wconf 81' lang='lat' dir='ltr'><strong>depressione</strong></span> <span class='ocrx_word' id='word_1_52' title='bbox 509 976 661 1040; x_wconf 88' lang='lat' dir='ltr'><strong>liberatos</strong></span> <span class='ocrx_word' id='word_1_53' title='bbox 685 975 817 1040; x_wconf 80' lang='lat' dir='ltr'><strong>hortata</strong></span> <span class='ocrx_word' id='word_1_54' title='bbox 839 982 889 1040; x_wconf 89' lang='lat' dir='ltr'><strong>est</strong></span> <span class='ocrx_word' id='word_1_55' title='bbox 911 976 1066 1039; x_wconf 89' lang='lat' dir='ltr'><strong>instruere</strong></span> <span class='ocrx_word' id='word_1_56' title='bbox 1088 973 1173 1038; x_wconf 93' lang='lat' dir='ltr'><strong>inter</strong></span> <span class='ocrx_word' id='word_1_57' title='bbox 1196 974 1260 1037; x_wconf 90' lang='lat' dir='ltr'><strong>duo</strong></span> <span class='ocrx_word' id='word_1_58' title='bbox 1282 973 1387 1037; x_wconf 89' lang='lat' dir='ltr'><strong>maria</strong></span> 
     </span>
     <span class='ocr_line' id='line_1_9' title="bbox 285 1060 1438 1145; baseline -0.004 -19"><span class='ocrx_word' id='word_1_59' title='bbox 285 1068 376 1126; x_wconf 91' lang='lat' dir='ltr'><strong>trans</strong></span> <span class='ocrx_word' id='word_1_60' title='bbox 391 1060 527 1125; x_wconf 91' lang='lat' dir='ltr'><strong>insulam</strong></span> <span class='ocrx_word' id='word_1_61' title='bbox 540 1083 665 1124; x_wconf 92' lang='lat' dir='ltr'><strong>murum</strong></span> <span class='ocrx_word' id='word_1_62' title='bbox 685 1062 739 1145; x_wconf 92' lang='lat' dir='ltr'><strong>qui</strong></span> <span class='ocrx_word' id='word_1_63' title='bbox 758 1062 904 1126; x_wconf 86' lang='lat' dir='ltr'><strong>arcendis</strong></span> <span class='ocrx_word' id='word_1_64' title='bbox 924 1060 1068 1125; x_wconf 84' lang='lat' dir='ltr'><strong>hostibus</strong></span> <span class='ocrx_word' id='word_1_65' title='bbox 1088 1066 1197 1145; x_wconf 89' lang='lat' dir='ltr'><strong>posset</strong></span> <span class='ocrx_word' id='word_1_66' title='bbox 1217 1081 1285 1123; x_wconf 90' lang='lat' dir='ltr'><strong>esse</strong></span> <span class='ocrx_word' id='word_1_67' title='bbox 1304 1081 1386 1144; x_wconf 88' lang='lat' dir='ltr'><strong>prae-</strong></span> <span class='ocrx_word' id='word_1_68' title='bbox 1401 1086 1438 1121; x_wconf 85' lang='grc' dir='ltr'><strong>ιο</strong></span> 
     </span>
     <span class='ocr_line' id='line_1_10' title="bbox 286 1145 1387 1232; baseline 0.001 -24"><span class='ocrx_word' id='word_1_69' title='bbox 286 1146 387 1209; x_wconf 89' lang='lat' dir='ltr'><strong>sidio:</strong></span> <span class='ocrx_word' id='word_1_70' title='bbox 411 1146 517 1231; x_wconf 90' lang='lat' dir='ltr'><strong>sicque</strong></span> <span class='ocrx_word' id='word_1_71' title='bbox 533 1147 661 1211; x_wconf 90' lang='lat' dir='ltr'><strong>domum</strong></span> <span class='ocrx_word' id='word_1_72' title='bbox 676 1169 748 1210; x_wconf 90' lang='lat' dir='ltr'><strong>cum</strong></span> <span class='ocrx_word' id='word_1_73' title='bbox 768 1147 930 1232; x_wconf 90' lang='lat' dir='ltr'><strong>triumpho</strong></span> <span class='ocrx_word' id='word_1_74' title='bbox 949 1169 1066 1232; x_wconf 84' lang='lat' dir='ltr'><strong>magno</strong></span> <span class='ocrx_word' id='word_1_75' title='bbox 1085 1167 1212 1209; x_wconf 88' lang='lat' dir='ltr'><strong>reversa</strong></span> <span class='ocrx_word' id='word_1_76' title='bbox 1232 1152 1290 1210; x_wconf 89' lang='lat' dir='ltr'><strong>est.</strong></span> <span class='ocrx_word' id='word_1_77' title='bbox 1335 1145 1387 1209; x_wconf 84' lang='lat' dir='ltr'><strong>At</strong></span> 
     </span>
     <span class='ocr_line' id='line_1_11' title="bbox 286 1232 1386 1318; baseline 0 -23"><span class='ocrx_word' id='word_1_78' title='bbox 286 1232 421 1295; x_wconf 90' lang='lat' dir='ltr'><strong>insulani</strong></span> <span class='ocrx_word' id='word_1_79' title='bbox 439 1255 566 1295; x_wconf 91' lang='lat' dir='ltr'><strong>murum</strong></span> <span class='ocrx_word' id='word_1_80' title='bbox 586 1256 680 1317; x_wconf 88' lang='lat' dir='ltr'><strong>quem</strong></span> <span class='ocrx_word' id='word_1_81' title='bbox 698 1234 778 1318; x_wconf 89' lang='lat' dir='ltr'><strong>jussi</strong></span> <span class='ocrx_word' id='word_1_82' title='bbox 798 1234 934 1309; x_wconf 88' lang='lat' dir='ltr'><strong>fuerant,</strong></span> <span class='ocrx_word' id='word_1_83' title='bbox 950 1254 1014 1295; x_wconf 92' lang='lat' dir='ltr'><strong>non</strong></span> <span class='ocrx_word' id='word_1_84' title='bbox 1034 1240 1102 1296; x_wconf 88' lang='lat' dir='ltr'><strong>tam</strong></span> <span class='ocrx_word' id='word_1_85' title='bbox 1116 1232 1273 1316; x_wconf 85' lang='lat' dir='ltr'><strong>lapidibus</strong></span> <span class='ocrx_word' id='word_1_86' title='bbox 1289 1254 1386 1315; x_wconf 90' lang='lat' dir='ltr'><strong>quam</strong></span> 
     </span>
     <span class='ocr_line' id='line_1_12' title="bbox 286 1316 1386 1404; baseline 0.001 -23"><span class='ocrx_word' id='word_1_87' title='bbox 286 1318 457 1402; x_wconf 90' lang='lat' dir='ltr'><strong>cespitibus</strong></span> <span class='ocrx_word' id='word_1_88' title='bbox 477 1325 707 1395; x_wconf 77' lang='lat' dir='ltr'><strong>construentes,</strong></span> <span class='ocrx_word' id='word_1_89' title='bbox 723 1326 836 1404; x_wconf 93' lang='lat' dir='ltr'><strong>utpote</strong></span> <span class='ocrx_word' id='word_1_90' title='bbox 858 1320 979 1383; x_wconf 93' lang='lat' dir='ltr'><strong>nullum</strong></span> <span class='ocrx_word' id='word_1_91' title='bbox 999 1317 1084 1383; x_wconf 92' lang='lat' dir='ltr'><strong>tanti</strong></span> <span class='ocrx_word' id='word_1_92' title='bbox 1106 1317 1210 1402; x_wconf 87' lang='lat' dir='ltr'><strong>operis</strong></span> <span class='ocrx_word' id='word_1_93' title='bbox 1229 1316 1386 1381; x_wconf 85' lang='lat' dir='ltr'><strong>artificem</strong></span> 
     </span>
     <span class='ocr_line' id='line_1_13' title="bbox 285 1404 1386 1481; baseline -0.002 -14"><span class='ocrx_word' id='word_1_94' title='bbox 285 1404 450 1481; x_wconf 88' lang='lat' dir='ltr'><strong>habentes,</strong></span> <span class='ocrx_word' id='word_1_95' title='bbox 477 1404 520 1468; x_wconf 89' lang='lat' dir='ltr'><strong>ad</strong></span> <span class='ocrx_word' id='word_1_96' title='bbox 545 1405 622 1468; x_wconf 89' lang='lat' dir='ltr'><strong>nihil</strong></span> <span class='ocrx_word' id='word_1_97' title='bbox 648 1405 758 1469; x_wconf 91' lang='lat' dir='ltr'><strong>utilem</strong></span> <span class='ocrx_word' id='word_1_98' title='bbox 784 1411 940 1470; x_wconf 90' lang='lat' dir='ltr'><strong>statuunt.</strong></span> <span class='ocrx_word' id='word_1_99' title='bbox 987 1404 1146 1467; x_wconf 88' lang='lat' dir='ltr'><strong>Fecerunt</strong></span> <span class='ocrx_word' id='word_1_100' title='bbox 1174 1410 1284 1467; x_wconf 90' lang='lat' dir='ltr'><strong>autem</strong></span> <span class='ocrx_word' id='word_1_101' title='bbox 1311 1424 1386 1465; x_wconf 89' lang='lat' dir='ltr'><strong>eum</strong></span> 
     </span>
     <span class='ocr_line' id='line_1_14' title="bbox 286 1488 1385 1575; baseline 0 -23"><span class='ocrx_word' id='word_1_102' title='bbox 286 1488 448 1553; x_wconf 88' lang='lat' dir='ltr'><strong>interduo</strong></span> <span class='ocrx_word' id='word_1_103' title='bbox 467 1490 551 1555; x_wconf 82' lang='lat' dir='ltr'><strong>freta</strong></span> <span class='ocrx_word' id='word_1_104' title='bbox 570 1492 618 1555; x_wconf 91' lang='lat' dir='ltr'><strong>vel</strong></span> <span class='ocrx_word' id='word_1_105' title='bbox 638 1491 724 1554; x_wconf 91' lang='lat' dir='ltr'><strong>sinus</strong></span> <span class='ocrx_word' id='word_1_106' title='bbox 744 1492 784 1555; x_wconf 92' lang='lat' dir='ltr'><strong>de</strong></span> <span class='ocrx_word' id='word_1_107' title='bbox 805 1492 918 1575; x_wconf 90' lang='lat' dir='ltr'><strong>quibus</strong></span> <span class='ocrx_word' id='word_1_108' title='bbox 939 1489 1076 1554; x_wconf 87' lang='lat' dir='ltr'><strong>diximus</strong></span> <span class='ocrx_word' id='word_1_109' title='bbox 1095 1489 1200 1565; x_wconf 90' lang='lat' dir='ltr'><strong>maris,</strong></span> <span class='ocrx_word' id='word_1_110' title='bbox 1216 1511 1274 1573; x_wconf 90' lang='lat' dir='ltr'><strong>per</strong></span> <span class='ocrx_word' id='word_1_111' title='bbox 1287 1488 1385 1553; x_wconf 91' lang='lat' dir='ltr'><strong>millia</strong></span> 
     </span>
     <span class='ocr_line' id='line_1_15' title="bbox 286 1574 1384 1662; baseline -0.002 -24"><span class='ocrx_word' id='word_1_112' title='bbox 286 1597 435 1659; x_wconf 85' lang='lat' dir='ltr'><strong>passuum</strong></span> <span class='ocrx_word' id='word_1_113' title='bbox 449 1576 602 1661; x_wconf 91' lang='lat' dir='ltr'><strong>plurima:</strong></span> <span class='ocrx_word' id='word_1_114' title='bbox 626 1583 663 1642; x_wconf 90' lang='lat' dir='ltr'><strong>nt</strong></span> <span class='ocrx_word' id='word_1_115' title='bbox 674 1577 728 1641; x_wconf 91' lang='lat' dir='ltr'><strong>nbi</strong></span> <span class='ocrx_word' id='word_1_116' title='bbox 738 1600 894 1662; x_wconf 89' lang='lat' dir='ltr'><strong>aquarum</strong></span> <span class='ocrx_word' id='word_1_117' title='bbox 904 1574 1038 1640; x_wconf 89' lang='lat' dir='ltr'><strong>munitio</strong></span> <span class='ocrx_word' id='word_1_118' title='bbox 1050 1576 1169 1651; x_wconf 89' lang='lat' dir='ltr'><strong>decrat,</strong></span> <span class='ocrx_word' id='word_1_119' title='bbox 1182 1574 1226 1637; x_wconf 92' lang='lat' dir='ltr'><strong>ibi</strong></span> <span class='ocrx_word' id='word_1_120' title='bbox 1236 1574 1384 1660; x_wconf 83' lang='lat' dir='ltr'><strong>praesidio</strong></span> 
     </span>
     <span class='ocr_line' id='line_1_16' title="bbox 286 1661 1431 1747; baseline 0.003 -24"><span class='ocrx_word' id='word_1_121' title='bbox 286 1661 358 1724; x_wconf 88' lang='lat' dir='ltr'><strong>valli</strong></span> <span class='ocrx_word' id='word_1_122' title='bbox 383 1662 463 1725; x_wconf 88' lang='lat' dir='ltr'><strong>fines</strong></span> <span class='ocrx_word' id='word_1_123' title='bbox 488 1684 562 1726; x_wconf 91' lang='lat' dir='ltr'><strong>suos</strong></span> <span class='ocrx_word' id='word_1_124' title='bbox 587 1664 629 1726; x_wconf 93' lang='lat' dir='ltr'><strong>ab</strong></span> <span class='ocrx_word' id='word_1_125' title='bbox 659 1663 800 1727; x_wconf 91' lang='lat' dir='ltr'><strong>hostium</strong></span> <span class='ocrx_word' id='word_1_126' title='bbox 829 1662 1009 1747; x_wconf 86' lang='lat' dir='ltr'><strong>inruptione</strong></span> <span class='ocrx_word' id='word_1_127' title='bbox 1038 1661 1263 1725; x_wconf 88' lang='lat' dir='ltr'><strong>defenderent:</strong></span> <span class='ocrx_word' id='word_1_128' title='bbox 1295 1661 1383 1744; x_wconf 89' lang='lat' dir='ltr'><strong>cujus</strong></span> <span class='ocrx_word' id='word_1_129' title='bbox 1401 1679 1431 1727; x_wconf 87' lang='grc' dir='ltr'><strong>Ι5</strong></span> 
     </span>
     <span class='ocr_line' id='line_1_17' title="bbox 286 1745 1383 1831; baseline 0.001 -23"><span class='ocrx_word' id='word_1_130' title='bbox 286 1747 390 1831; x_wconf 88' lang='lat' dir='ltr'><strong>operis</strong></span> <span class='ocrx_word' id='word_1_131' title='bbox 411 1747 528 1811; x_wconf 92' lang='lat' dir='ltr'><strong>ibidem</strong></span> <span class='ocrx_word' id='word_1_132' title='bbox 550 1748 636 1825; x_wconf 89' lang='lat' dir='ltr'><strong>facti,</strong></span> <span class='ocrx_word' id='word_1_133' title='bbox 659 1748 693 1812; x_wconf 95' lang='lat' dir='ltr'><strong>id</strong></span> <span class='ocrx_word' id='word_1_134' title='bbox 716 1756 775 1827; x_wconf 90' lang='lat' dir='ltr'><strong>est,</strong></span> <span class='ocrx_word' id='word_1_135' title='bbox 798 1748 870 1813; x_wconf 88' lang='lat' dir='ltr'><strong>valli</strong></span> <span class='ocrx_word' id='word_1_136' title='bbox 896 1746 1041 1813; x_wconf 86' lang='lat' dir='ltr'><strong>latissimi</strong></span> <span class='ocrx_word' id='word_1_137' title='bbox 1062 1753 1096 1811; x_wconf 89' lang='lat' dir='ltr'><strong>et</strong></span> <span class='ocrx_word' id='word_1_138' title='bbox 1117 1745 1262 1810; x_wconf 88' lang='lat' dir='ltr'><strong>altissimi</strong></span> <span class='ocrx_word' id='word_1_139' title='bbox 1283 1768 1383 1829; x_wconf 91' lang='lat' dir='ltr'><strong>usque</strong></span> 
     </span>
     <span class='ocr_line' id='line_1_18' title="bbox 285 1832 1383 1919; baseline -0.001 -25"><span class='ocrx_word' id='word_1_140' title='bbox 285 1832 379 1896; x_wconf 91' lang='lat' dir='ltr'><strong>hodie</strong></span> <span class='ocrx_word' id='word_1_141' title='bbox 394 1833 570 1897; x_wconf 89' lang='lat' dir='ltr'><strong>certissima</strong></span> <span class='ocrx_word' id='word_1_142' title='bbox 583 1834 716 1919; x_wconf 84' lang='lat' dir='ltr'><strong>vestigia</strong></span> <span class='ocrx_word' id='word_1_143' title='bbox 730 1856 858 1899; x_wconf 88' lang='lat' dir='ltr'><strong>cernere</strong></span> <span class='ocrx_word' id='word_1_144' title='bbox 872 1834 954 1898; x_wconf 90' lang='lat' dir='ltr'><strong>licet.</strong></span> <span class='ocrx_word' id='word_1_145' title='bbox 1000 1833 1116 1916; x_wconf 91' lang='lat' dir='ltr'><strong>Incipit</strong></span> <span class='ocrx_word' id='word_1_146' title='bbox 1127 1838 1235 1895; x_wconf 87' lang='lat' dir='ltr'><strong>autern</strong></span> <span class='ocrx_word' id='word_1_147' title='bbox 1250 1832 1383 1894; x_wconf 88' lang='lat' dir='ltr'><strong>duorum</strong></span> 
     </span>
     <span class='ocr_line' id='line_1_19' title="bbox 285 1917 1382 2004; baseline -0.001 -24"><span class='ocrx_word' id='word_1_148' title='bbox 285 1917 383 1981; x_wconf 78' lang='lat' dir='ltr'><strong>ferme</strong></span> <span class='ocrx_word' id='word_1_149' title='bbox 397 1918 517 1981; x_wconf 93' lang='lat' dir='ltr'><strong>milium</strong></span> <span class='ocrx_word' id='word_1_150' title='bbox 531 1919 636 2002; x_wconf 91' lang='lat' dir='ltr'><strong>spatio</strong></span> <span class='ocrx_word' id='word_1_151' title='bbox 650 1942 671 1983; x_wconf 91' lang='lat' dir='ltr'><strong>a</strong></span> <span class='ocrx_word' id='word_1_152' title='bbox 684 1920 881 1985; x_wconf 90' lang='lat' dir='ltr'><strong>Monasterio</strong></span> <span class='ocrx_word' id='word_1_153' title='bbox 893 1919 1112 2004; x_wconf 85' lang='lat' dir='ltr'><strong>Aeberournig</strong></span> <span class='ocrx_word' id='word_1_154' title='bbox 1121 1918 1164 1981; x_wconf 88' lang='lat' dir='ltr'><strong>ad</strong></span> <span class='ocrx_word' id='word_1_155' title='bbox 1179 1917 1382 1993; x_wconf 89' lang='lat' dir='ltr'><strong>occidentem,</strong></span> 
     </span>
     <span class='ocr_line' id='line_1_20' title="bbox 286 2002 1385 2088; baseline 0.002 -24"><span class='ocrx_word' id='word_1_156' title='bbox 286 2002 319 2065; x_wconf 92' lang='lat' dir='ltr'><strong>in</strong></span> <span class='ocrx_word' id='word_1_157' title='bbox 355 2002 424 2065; x_wconf 90' lang='lat' dir='ltr'><strong>loco</strong></span> <span class='ocrx_word' id='word_1_158' title='bbox 461 2004 515 2087; x_wconf 91' lang='lat' dir='ltr'><strong>qni</strong></span> <span class='ocrx_word' id='word_1_159' title='bbox 551 2026 695 2069; x_wconf 89' lang='lat' dir='ltr'><strong>sermone</strong></span> <span class='ocrx_word' id='word_1_160' title='bbox 724 2005 890 2069; x_wconf 82' lang='lat' dir='ltr'><strong>Pictorum</strong></span> <span class='ocrx_word' id='word_1_161' title='bbox 919 2004 1102 2081; x_wconf 75' lang='lat' dir='ltr'><strong>Peanfahel</strong></span> <span class='ocrx_word' id='word_1_162' title='bbox 1134 2003 1243 2088; x_wconf 84' lang='lat' dir='ltr'><strong>lingua</strong></span> <span class='ocrx_word' id='word_1_163' title='bbox 1276 2010 1385 2066; x_wconf 85' lang='lat' dir='ltr'><strong>autern</strong></span> 
     </span>
     <span class='ocr_line' id='line_1_21' title="bbox 289 2086 1384 2176; baseline 0 -25"><span class='ocrx_word' id='word_1_164' title='bbox 289 2086 467 2173; x_wconf 82' lang='lat' dir='ltr'><strong>Anglorum</strong></span> <span class='ocrx_word' id='word_1_165' title='bbox 476 2089 654 2154; x_wconf 87' lang='lat' dir='ltr'><strong>Penneltnn</strong></span> <span class='ocrx_word' id='word_1_166' title='bbox 665 2092 858 2176; x_wconf 64' lang='lat' dir='ltr'><strong>appellatum</strong></span> <span class='ocrx_word' id='word_1_167' title='bbox 876 2098 910 2156; x_wconf 87' lang='lat' dir='ltr'><strong>et</strong></span> <span class='ocrx_word' id='word_1_168' title='bbox 920 2091 1054 2156; x_wconf 89' lang='lat' dir='ltr'><strong>tendens</strong></span> <span class='ocrx_word' id='word_1_169' title='bbox 1066 2095 1178 2153; x_wconf 88' lang='lat' dir='ltr'><strong>contra</strong></span> <span class='ocrx_word' id='word_1_170' title='bbox 1190 2088 1384 2153; x_wconf 88' lang='lat' dir='ltr'><strong>occidentem</strong></span> 
     </span>
     <span class='ocr_line' id='line_1_22' title="bbox 288 2173 878 2260; baseline 0.005 -23"><span class='ocrx_word' id='word_1_171' title='bbox 288 2173 480 2238; x_wconf 88' lang='lat' dir='ltr'><strong>terminatur</strong></span> <span class='ocrx_word' id='word_1_172' title='bbox 490 2175 586 2260; x_wconf 88' lang='lat' dir='ltr'><strong>juxta</strong></span> <span class='ocrx_word' id='word_1_173' title='bbox 600 2178 711 2240; x_wconf 88' lang='lat' dir='ltr'><strong>urbem</strong></span> <span class='ocrx_word' id='word_1_174' title='bbox 725 2177 878 2241; x_wconf 89' lang='lat' dir='ltr'><strong>Alcluith.</strong></span> 
     </span>
     <span class='ocr_line' id='line_1_23' title="bbox 205 2255 1432 2345; baseline 0.002 -25"><span class='ocrx_word' id='word_1_175' title='bbox 205 2255 212 2270; x_wconf 69' lang='lat'><strong>⁹</strong></span> <span class='ocrx_word' id='word_1_176' title='bbox 334 2258 455 2323; x_wconf 90' lang='lat' dir='ltr'><strong>Verum</strong></span> <span class='ocrx_word' id='word_1_177' title='bbox 469 2260 591 2345; x_wconf 85' lang='lat' dir='ltr'><strong>priores</strong></span> <span class='ocrx_word' id='word_1_178' title='bbox 605 2262 721 2326; x_wconf 87' lang='lat' dir='ltr'><strong>inimici</strong></span> <span class='ocrx_word' id='word_1_179' title='bbox 736 2269 773 2327; x_wconf 92' lang='lat' dir='ltr'><strong>ut</strong></span> <span class='ocrx_word' id='word_1_180' title='bbox 788 2264 966 2327; x_wconf 87' lang='lat' dir='ltr'><strong>Romanum</strong></span> <span class='ocrx_word' id='word_1_181' title='bbox 981 2261 1112 2325; x_wconf 88' lang='lat' dir='ltr'><strong>militem</strong></span> <span class='ocrx_word' id='word_1_182' title='bbox 1132 2261 1236 2325; x_wconf 88' lang='lat' dir='ltr'><strong>abisse</strong></span> <span class='ocrx_word' id='word_1_183' title='bbox 1255 2282 1383 2345; x_wconf 87' lang='lat' dir='ltr'><strong>conspe-</strong></span> <span class='ocrx_word' id='word_1_184' title='bbox 1396 2278 1432 2314; x_wconf 87' lang='lat'><strong>20</strong></span> 
     </span>
     <span class='ocr_line' id='line_1_24' title="bbox 288 2347 1384 2433; baseline 0.002 -26"><span class='ocrx_word' id='word_1_185' title='bbox 288 2351 412 2423; x_wconf 83' lang='lat' dir='ltr'><strong>xerunt,</strong></span> <span class='ocrx_word' id='word_1_186' title='bbox 428 2369 502 2411; x_wconf 93' lang='lat' dir='ltr'><strong>mox</strong></span> <span class='ocrx_word' id='word_1_187' title='bbox 517 2347 641 2412; x_wconf 90' lang='lat' dir='ltr'><strong>advecti</strong></span> <span class='ocrx_word' id='word_1_188' title='bbox 661 2348 793 2413; x_wconf 83' lang='lat' dir='ltr'><strong>navibus</strong></span> <span class='ocrx_word' id='word_1_189' title='bbox 813 2348 998 2433; x_wconf 90' lang='lat' dir='ltr'><strong>inrumpunt</strong></span> <span class='ocrx_word' id='word_1_190' title='bbox 1017 2347 1177 2423; x_wconf 89' lang='lat' dir='ltr'><strong>terminos,</strong></span> <span class='ocrx_word' id='word_1_191' title='bbox 1195 2347 1384 2429; x_wconf 86' lang='lat' dir='ltr'><strong>caeduntque</strong></span> 
     </span>
     <span class='ocr_line' id='line_1_25' title="bbox 287 2430 1383 2519; baseline 0.002 -26"><span class='ocrx_word' id='word_1_192' title='bbox 287 2430 402 2509; x_wconf 88' lang='lat' dir='ltr'><strong>omnia,</strong></span> <span class='ocrx_word' id='word_1_193' title='bbox 429 2438 462 2496; x_wconf 89' lang='lat' dir='ltr'><strong>et</strong></span> <span class='ocrx_word' id='word_1_194' title='bbox 489 2434 578 2516; x_wconf 88' lang='lat' dir='ltr'><strong>qnasi</strong></span> <span class='ocrx_word' id='word_1_195' title='bbox 606 2440 766 2498; x_wconf 90' lang='lat' dir='ltr'><strong>maturam</strong></span> <span class='ocrx_word' id='word_1_196' title='bbox 796 2441 936 2519; x_wconf 85' lang='lat' dir='ltr'><strong>segetem</strong></span> <span class='ocrx_word' id='word_1_197' title='bbox 965 2433 1057 2497; x_wconf 87' lang='lat' dir='ltr'><strong>obvia</strong></span> <span class='ocrx_word' id='word_1_198' title='bbox 1087 2455 1219 2517; x_wconf 84' lang='lat' dir='ltr'><strong>quaeque</strong></span> <span class='ocrx_word' id='word_1_199' title='bbox 1248 2438 1383 2507; x_wconf 88' lang='lat' dir='ltr'><strong>metunt,</strong></span> 
     </span>
     <span class='ocr_line' id='line_1_26' title="bbox 287 2516 1383 2604; baseline 0 -24"><span class='ocrx_word' id='word_1_200' title='bbox 287 2516 421 2594; x_wconf 87' lang='lat' dir='ltr'><strong>calcant,</strong></span> <span class='ocrx_word' id='word_1_201' title='bbox 447 2524 635 2583; x_wconf 87' lang='lat' dir='ltr'><strong>transeunt:</strong></span> <span class='ocrx_word' id='word_1_202' title='bbox 660 2521 744 2585; x_wconf 91' lang='lat' dir='ltr'><strong>unde</strong></span> <span class='ocrx_word' id='word_1_203' title='bbox 773 2543 899 2585; x_wconf 90' lang='lat' dir='ltr'><strong>rursum</strong></span> <span class='ocrx_word' id='word_1_204' title='bbox 925 2520 1097 2585; x_wconf 90' lang='lat' dir='ltr'><strong>mittuntur</strong></span> <span class='ocrx_word' id='word_1_205' title='bbox 1119 2520 1255 2584; x_wconf 84' lang='lat' dir='ltr'><strong>Romam</strong></span> <span class='ocrx_word' id='word_1_206' title='bbox 1276 2517 1383 2604; x_wconf 83' lang='lat' dir='ltr'><strong>legati,</strong></span> 
     </span>
     <span class='ocr_line' id='line_1_27' title="bbox 286 2602 1385 2691; baseline 0.003 -26"><span class='ocrx_word' id='word_1_207' title='bbox 286 2602 381 2666; x_wconf 88' lang='lat' dir='ltr'><strong>flebili</strong></span> <span class='ocrx_word' id='word_1_208' title='bbox 405 2626 480 2668; x_wconf 89' lang='lat' dir='ltr'><strong>voce</strong></span> <span class='ocrx_word' id='word_1_209' title='bbox 505 2605 657 2669; x_wconf 89' lang='lat' dir='ltr'><strong>auxilium</strong></span> <span class='ocrx_word' id='word_1_210' title='bbox 681 2606 896 2691; x_wconf 87' lang='lat' dir='ltr'><strong>implorantes,</strong></span> <span class='ocrx_word' id='word_1_211' title='bbox 921 2629 961 2670; x_wconf 91' lang='lat' dir='ltr'><strong>ne</strong></span> <span class='ocrx_word' id='word_1_212' title='bbox 987 2606 1113 2691; x_wconf 90' lang='lat' dir='ltr'><strong>penitus</strong></span> <span class='ocrx_word' id='word_1_213' title='bbox 1138 2605 1254 2668; x_wconf 89' lang='lat' dir='ltr'><strong>misera</strong></span> <span class='ocrx_word' id='word_1_214' title='bbox 1279 2604 1385 2690; x_wconf 88' lang='lat' dir='ltr'><strong>patria</strong></span> 
     </span>
     <span class='ocr_line' id='line_1_28' title="bbox 287 2688 1385 2777; baseline 0.002 -26"><span class='ocrx_word' id='word_1_215' title='bbox 287 2688 453 2768; x_wconf 90' lang='lat' dir='ltr'><strong>deleretur,</strong></span> <span class='ocrx_word' id='word_1_216' title='bbox 469 2714 510 2755; x_wconf 92' lang='lat' dir='ltr'><strong>ne</strong></span> <span class='ocrx_word' id='word_1_217' title='bbox 531 2715 646 2756; x_wconf 92' lang='lat' dir='ltr'><strong>nomen</strong></span> <span class='ocrx_word' id='word_1_218' title='bbox 661 2693 814 2757; x_wconf 83' lang='lat' dir='ltr'><strong>Romanae</strong></span> <span class='ocrx_word' id='word_1_219' title='bbox 837 2693 1004 2777; x_wconf 68' lang='lat' dir='ltr'><strong>provinciae</strong></span> <span class='ocrx_word' id='word_1_220' title='bbox 1027 2693 1112 2776; x_wconf 90' lang='lat' dir='ltr'><strong>quod</strong></span> <span class='ocrx_word' id='word_1_221' title='bbox 1134 2692 1218 2775; x_wconf 86' lang='lat' dir='ltr'><strong>apud</strong></span> <span class='ocrx_word' id='word_1_222' title='bbox 1240 2712 1294 2754; x_wconf 92' lang='lat' dir='ltr'><strong>eos</strong></span> <span class='ocrx_word' id='word_1_223' title='bbox 1316 2695 1385 2754; x_wconf 89' lang='lat' dir='ltr'><strong>tam</strong></span> 
     </span>
     <span class='ocr_line' id='line_1_29' title="bbox 287 2775 1429 2864; baseline -0.001 -27"><span class='ocrx_word' id='word_1_224' title='bbox 287 2775 340 2838; x_wconf 92' lang='lat' dir='ltr'><strong>diu</strong></span> <span class='ocrx_word' id='word_1_225' title='bbox 363 2777 530 2855; x_wconf 87' lang='lat' dir='ltr'><strong>claruerat,</strong></span> <span class='ocrx_word' id='word_1_226' title='bbox 547 2784 729 2843; x_wconf 86' lang='lat' dir='ltr'><strong>exterarum</strong></span> <span class='ocrx_word' id='word_1_227' title='bbox 750 2779 894 2864; x_wconf 86' lang='lat' dir='ltr'><strong>gentium</strong></span> <span class='ocrx_word' id='word_1_228' title='bbox 915 2777 1120 2863; x_wconf 90' lang='lat' dir='ltr'><strong>improbitate</strong></span> <span class='ocrx_word' id='word_1_229' title='bbox 1143 2778 1293 2841; x_wconf 89' lang='lat' dir='ltr'><strong>obrutum</strong></span> <span class='ocrx_word' id='word_1_230' title='bbox 1312 2776 1429 2839; x_wconf 77' lang='lat' dir='ltr'><strong>vile²5</strong></span> 
     </span>
     <span class='ocr_line' id='line_1_30' title="bbox 286 2863 1384 2950; baseline 0.002 -28"><span class='ocrx_word' id='word_1_231' title='bbox 286 2867 398 2925; x_wconf 88' lang='lat' dir='ltr'><strong>soeret.</strong></span> <span class='ocrx_word' id='word_1_232' title='bbox 442 2864 580 2927; x_wconf 89' lang='lat' dir='ltr'><strong>Rursum</strong></span> <span class='ocrx_word' id='word_1_233' title='bbox 603 2863 743 2929; x_wconf 90' lang='lat' dir='ltr'><strong>mittitur</strong></span> <span class='ocrx_word' id='word_1_234' title='bbox 765 2864 856 2950; x_wconf 66' lang='lat' dir='ltr'><strong>legia</strong></span> <span class='ocrx_word' id='word_1_235' title='bbox 881 2886 951 2949; x_wconf 88' lang='lat' dir='ltr'><strong>quae</strong></span> <span class='ocrx_word' id='word_1_236' title='bbox 975 2863 1140 2949; x_wconf 90' lang='lat' dir='ltr'><strong>inopinata</strong></span> <span class='ocrx_word' id='word_1_237' title='bbox 1161 2869 1305 2946; x_wconf 87' lang='lat' dir='ltr'><strong>tempore</strong></span> <span class='ocrx_word' id='word_1_238' title='bbox 1329 2873 1384 2925; x_wconf 83' lang='lat' dir='ltr'><strong>au&#39;·</strong></span> 
     </span>
     <span class='ocr_line' id='line_1_31' title="bbox 287 2945 1385 3035; baseline 0.001 -26"><span class='ocrx_word' id='word_1_239' title='bbox 287 2945 390 3009; x_wconf 92' lang='lat' dir='ltr'><strong>tumni</strong></span> <span class='ocrx_word' id='word_1_240' title='bbox 411 2948 580 3011; x_wconf 89' lang='lat' dir='ltr'><strong>adveniens</strong></span> <span class='ocrx_word' id='word_1_241' title='bbox 605 2971 738 3034; x_wconf 85' lang='lat' dir='ltr'><strong>magnas</strong></span> <span class='ocrx_word' id='word_1_242' title='bbox 759 2951 900 3015; x_wconf 90' lang='lat' dir='ltr'><strong>hostium</strong></span> <span class='ocrx_word' id='word_1_243' title='bbox 923 2958 1047 3035; x_wconf 83' lang='lat' dir='ltr'><strong>strages</strong></span> <span class='ocrx_word' id='word_1_244' title='bbox 1069 2948 1167 3024; x_wconf 90' lang='lat' dir='ltr'><strong>dedit,</strong></span> <span class='ocrx_word' id='word_1_245' title='bbox 1191 2969 1307 3031; x_wconf 90' lang='lat' dir='ltr'><strong>eosque</strong></span> <span class='ocrx_word' id='word_1_246' title='bbox 1331 2947 1385 3030; x_wconf 91' lang='lat' dir='ltr'><strong>qui</strong></span> 
     </span>
     <span class='ocr_line' id='line_1_32' title="bbox 288 3031 1386 3120; baseline 0.001 -26"><span class='ocrx_word' id='word_1_247' title='bbox 288 3031 421 3096; x_wconf 87' lang='lat' dir='ltr'><strong>evadere</strong></span> <span class='ocrx_word' id='word_1_248' title='bbox 440 3039 592 3117; x_wconf 89' lang='lat' dir='ltr'><strong>poterant</strong></span> <span class='ocrx_word' id='word_1_249' title='bbox 611 3056 720 3098; x_wconf 87' lang='lat' dir='ltr'><strong>omnes</strong></span> <span class='ocrx_word' id='word_1_250' title='bbox 739 3042 831 3098; x_wconf 90' lang='lat' dir='ltr'><strong>trans</strong></span> <span class='ocrx_word' id='word_1_251' title='bbox 850 3035 951 3100; x_wconf 88' lang='lat' dir='ltr'><strong>maria</strong></span> <span class='ocrx_word' id='word_1_252' title='bbox 970 3034 1101 3120; x_wconf 84' lang='lat' dir='ltr'><strong>fugavit,</strong></span> <span class='ocrx_word' id='word_1_253' title='bbox 1118 3033 1171 3118; x_wconf 93' lang='lat' dir='ltr'><strong>qui</strong></span> <span class='ocrx_word' id='word_1_254' title='bbox 1190 3033 1278 3118; x_wconf 88' lang='lat' dir='ltr'><strong>prius</strong></span> <span class='ocrx_word' id='word_1_255' title='bbox 1297 3032 1386 3097; x_wconf 89' lang='lat' dir='ltr'><strong>anni-</strong></span> 
     </span>
     <span class='ocr_line' id='line_1_33' title="bbox 289 3117 1386 3205; baseline 0.001 -25"><span class='ocrx_word' id='word_1_256' title='bbox 289 3117 444 3181; x_wconf 86' lang='lat' dir='ltr'><strong>versarias</strong></span> <span class='ocrx_word' id='word_1_257' title='bbox 458 3121 584 3203; x_wconf 85' lang='lat' dir='ltr'><strong>praedas</strong></span> <span class='ocrx_word' id='word_1_258' title='bbox 595 3125 686 3183; x_wconf 90' lang='lat' dir='ltr'><strong>trans</strong></span> <span class='ocrx_word' id='word_1_259' title='bbox 697 3119 798 3184; x_wconf 88' lang='lat' dir='ltr'><strong>maria</strong></span> <span class='ocrx_word' id='word_1_260' title='bbox 809 3121 909 3183; x_wconf 78' lang='lat' dir='ltr'><strong>tnullo</strong></span> <span class='ocrx_word' id='word_1_261' title='bbox 921 3121 1095 3184; x_wconf 82' lang='lat' dir='ltr'><strong>obsistente</strong></span> <span class='ocrx_word' id='word_1_262' title='bbox 1108 3141 1220 3205; x_wconf 87' lang='lat' dir='ltr'><strong>cogere</strong></span> <span class='ocrx_word' id='word_1_263' title='bbox 1232 3118 1386 3182; x_wconf 89' lang='lat' dir='ltr'><strong>solebant.</strong></span> 
     </span>
    </p>
   </div>
   <div class='ocr_carea' id='block_1_3' title="bbox 290 3215 1388 3284">
    <p class='ocr_par' dir='ltr' id='par_1_3' title="bbox 290 3215 1388 3284">
     <span class='ocr_line' id='line_1_34' title="bbox 290 3215 1388 3284; baseline 0.002 -17"><span class='ocrx_word' id='word_1_264' title='bbox 290 3229 302 3259; x_wconf 84' lang='lat' dir='ltr'><strong>r</strong></span> <span class='ocrx_word' id='word_1_265' title='bbox 312 3215 484 3282; x_wconf 75' lang='lat' dir='ltr'><strong>subjectionem</strong></span> <span class='ocrx_word' id='word_1_266' title='bbox 496 3237 589 3279; x_wconf 83' lang='lat' dir='ltr'><strong>eorum,</strong></span> <span class='ocrx_word' id='word_1_267' title='bbox 602 3223 673 3270; x_wconf 88' lang='lat' dir='ltr'><strong>Chifl.</strong></span> <span class='ocrx_word' id='word_1_268' title='bbox 685 3223 758 3271; x_wconf 87' lang='lat' dir='ltr'><strong>solus.</strong></span> <span class='ocrx_word' id='word_1_269' title='bbox 794 3233 806 3263; x_wconf 80' lang='lat'>⁸</span> <span class='ocrx_word' id='word_1_270' title='bbox 817 3225 860 3272; x_wconf 81' lang='lat' dir='ltr'><strong>abi</strong></span> <span class='ocrx_word' id='word_1_271' title='bbox 869 3225 985 3284; x_wconf 74' lang='lat' dir='ltr'><strong>imolam,</strong></span> <span class='ocrx_word' id='word_1_272' title='bbox 995 3224 1069 3272; x_wconf 88' lang='lat' dir='ltr'><strong>MSS.</strong></span> <span class='ocrx_word' id='word_1_273' title='bbox 1078 3230 1136 3271; x_wconf 81' lang='lat' dir='ltr'><strong>vett</strong></span> <span class='ocrx_word' id='word_1_274' title='bbox 1170 3224 1180 3261; x_wconf 74' lang='lat' dir='ltr'><strong>t</strong></span> <span class='ocrx_word' id='word_1_275' title='bbox 1192 3224 1270 3270; x_wconf 82' lang='lat' dir='ltr'><strong>milite</strong></span> <span class='ocrx_word' id='word_1_276' title='bbox 1280 3225 1347 3270; x_wconf 83' lang='lat' dir='ltr'><strong>nullo</strong></span> <span class='ocrx_word' id='word_1_277' title='bbox 1356 3222 1388 3270; x_wconf 84' lang='lat' dir='ltr'><strong>V.</strong></span> 
     </span>
    </p>
   </div>
   <div class='ocr_carea' id='block_1_4' title="bbox 285 3301 1389 4653">
    <p class='ocr_par' dir='ltr' id='par_1_4' title="bbox 290 3301 1388 3550">
     <span class='ocr_line' id='line_1_35' title="bbox 326 3301 1387 3364; baseline 0.002 -16"><span class='ocrx_word' id='word_1_278' title='bbox 326 3311 363 3362; x_wconf 80' lang='lat'><strong>17.</strong></span> <span class='ocrx_word' id='word_1_279' title='bbox 382 3303 563 3364; x_wconf 67' lang='lat' dir='ltr'><strong>Aeter‘ournig]</strong></span> <span class='ocrx_word' id='word_1_280' title='bbox 587 3301 668 3364; x_wconf 88' lang='lat' dir='ltr'><strong>Hujus</strong></span> <span class='ocrx_word' id='word_1_281' title='bbox 685 3303 733 3351; x_wconf 90' lang='lat' dir='ltr'><strong>ioci</strong></span> <span class='ocrx_word' id='word_1_282' title='bbox 753 3318 842 3352; x_wconf 88' lang='lat' dir='ltr'><strong>nomen</strong></span> <span class='ocrx_word' id='word_1_283' title='bbox 861 3305 939 3353; x_wconf 83' lang='lat' dir='ltr'><strong>adhue</strong></span> <span class='ocrx_word' id='word_1_284' title='bbox 957 3311 1033 3352; x_wconf 80' lang='lat' dir='ltr'><strong>restat</strong></span> <span class='ocrx_word' id='word_1_285' title='bbox 1050 3305 1081 3351; x_wconf 85' lang='lat' dir='ltr'><strong>sd</strong></span> <span class='ocrx_word' id='word_1_286' title='bbox 1100 3303 1189 3351; x_wconf 83' lang='lat' dir='ltr'><strong>ostium</strong></span> <span class='ocrx_word' id='word_1_287' title='bbox 1208 3303 1276 3351; x_wconf 81' lang='lat' dir='ltr'><strong>fluvii</strong></span> <span class='ocrx_word' id='word_1_288' title='bbox 1296 3303 1387 3361; x_wconf 76' lang='lat' dir='ltr'><strong>Canon,</strong></span> 
     </span>
     <span class='ocr_line' id='line_1_36' title="bbox 291 3366 1387 3431; baseline 0.002 -19"><span class='ocrx_word' id='word_1_289' title='bbox 291 3366 434 3413; x_wconf 84' lang='lat' dir='ltr'><strong>monasterii</strong></span> <span class='ocrx_word' id='word_1_290' title='bbox 445 3373 526 3414; x_wconf 88' lang='lat' dir='ltr'><strong>antem</strong></span> <span class='ocrx_word' id='word_1_291' title='bbox 539 3367 609 3415; x_wconf 84' lang='lat' dir='ltr'><strong>nihii.</strong></span> <span class='ocrx_word' id='word_1_292' title='bbox 632 3368 706 3416; x_wconf 87' lang='lat' dir='ltr'><strong>Sedes</strong></span> <span class='ocrx_word' id='word_1_293' title='bbox 716 3369 908 3418; x_wconf 86' lang='lat' dir='ltr'><strong>eratTrumnini</strong></span> <span class='ocrx_word' id='word_1_294' title='bbox 920 3369 1027 3431; x_wconf 85' lang='lat' dir='ltr'><strong>episcopi</strong></span> <span class='ocrx_word' id='word_1_295' title='bbox 1036 3369 1168 3424; x_wconf 64' lang='lat' dir='ltr'><strong>lictorum,</strong></span> <span class='ocrx_word' id='word_1_296' title='bbox 1179 3369 1208 3416; x_wconf 88' lang='lat' dir='ltr'><strong>de</strong></span> <span class='ocrx_word' id='word_1_297' title='bbox 1220 3383 1268 3429; x_wconf 91' lang='lat' dir='ltr'><strong>qno</strong></span> <span class='ocrx_word' id='word_1_298' title='bbox 1278 3367 1346 3416; x_wconf 79' lang='lat' dir='ltr'><strong>lieda</strong></span> <span class='ocrx_word' id='word_1_299' title='bbox 1354 3368 1387 3415; x_wconf 87' lang='lat' dir='ltr'><strong>iv.</strong></span> 
     </span>
     <span class='ocr_line' id='line_1_37' title="bbox 294 3428 1388 3494; baseline 0.003 -17"><span class='ocrx_word' id='word_1_300' title='bbox 294 3443 332 3486; x_wconf 83' lang='lat'><strong>12,</strong></span> <span class='ocrx_word' id='word_1_301' title='bbox 345 3428 384 3478; x_wconf 76' lang='lat'><strong>26.</strong></span> <span class='ocrx_word' id='word_1_302' title='bbox 397 3431 423 3478; x_wconf 92' lang='lat' dir='ltr'><strong>S.</strong></span> <span class='ocrx_word' id='word_1_303' title='bbox 457 3432 615 3492; x_wconf 77' lang='lat' dir='ltr'><strong>Abercurnig</strong></span> <span class='ocrx_word' id='word_1_304' title='bbox 631 3433 682 3480; x_wconf 83' lang='lat' dir='ltr'><strong>sive</strong></span> <span class='ocrx_word' id='word_1_305' title='bbox 696 3434 851 3494; x_wconf 79' lang='lat' dir='ltr'><strong>Abercoms&#39;g</strong></span> <span class='ocrx_word' id='word_1_306' title='bbox 867 3434 1031 3482; x_wconf 82' lang='lat' dir='ltr'><strong>videturesse</strong></span> <span class='ocrx_word' id='word_1_307' title='bbox 1043 3433 1283 3494; x_wconf 77' lang='lat' dir='ltr'><strong>Ater-Carren-Ey,</strong></span> <span class='ocrx_word' id='word_1_308' title='bbox 1301 3433 1326 3480; x_wconf 91' lang='lat' dir='ltr'><strong>id</strong></span> <span class='ocrx_word' id='word_1_309' title='bbox 1342 3439 1388 3490; x_wconf 85' lang='lat' dir='ltr'><strong>est,</strong></span> 
     </span>
     <span class='ocr_line' id='line_1_38' title="bbox 290 3495 556 3550; baseline 0.015 -9"><span class='ocrx_word' id='word_1_310' title='bbox 290 3496 346 3542; x_wconf 78' lang='lat' dir='ltr'><strong>ostii</strong></span> <span class='ocrx_word' id='word_1_311' title='bbox 360 3495 455 3550; x_wconf 68' lang='lat' dir='ltr'><strong>Curres</strong></span> <span class='ocrx_word' id='word_1_312' title='bbox 466 3497 556 3545; x_wconf 69' lang='grc' dir='ltr'><em>ιἠηιὶα.</em></span> 
     </span>
    </p>

    <p class='ocr_par' dir='ltr' id='par_1_5' title="bbox 288 3559 1389 4463">
     <span class='ocr_line' id='line_1_39' title="bbox 327 3559 1388 3622; baseline 0.002 -16"><span class='ocrx_word' id='word_1_313' title='bbox 327 3559 364 3606; x_wconf 87' lang='lat'><strong>18.</strong></span> <span class='ocrx_word' id='word_1_314' title='bbox 384 3559 540 3622; x_wconf 79' lang='lat' dir='ltr'><strong>Peanfutel]</strong></span> <span class='ocrx_word' id='word_1_315' title='bbox 571 3561 646 3622; x_wconf 72' lang='lat' dir='ltr'><strong>angl.</strong></span> <span class='ocrx_word' id='word_1_316' title='bbox 668 3561 816 3621; x_wconf 86' lang='lat' dir='ltr'><strong>Penneltnn,</strong></span> <span class='ocrx_word' id='word_1_317' title='bbox 837 3579 852 3610; x_wconf 88' lang='lat' dir='ltr'><strong>a</strong></span> <span class='ocrx_word' id='word_1_318' title='bbox 874 3577 935 3610; x_wconf 79' lang='lat' dir='ltr'><strong>sono</strong></span> <span class='ocrx_word' id='word_1_319' title='bbox 955 3563 1116 3611; x_wconf 87' lang='lat' dir='ltr'><strong>Vindovalam</strong></span> <span class='ocrx_word' id='word_1_320' title='bbox 1139 3562 1239 3610; x_wconf 85' lang='lat' dir='ltr'><strong>diceres.</strong></span> <span class='ocrx_word' id='word_1_321' title='bbox 1274 3561 1388 3610; x_wconf 86' lang='lat' dir='ltr'><strong>Nennius</strong></span> 
     </span>
     <span class='ocr_line' id='line_1_40' title="bbox 291 3622 1388 3688; baseline 0.002 -17"><span class='ocrx_word' id='word_1_322' title='bbox 291 3622 398 3671; x_wconf 86' lang='lat' dir='ltr'><strong>Scottire</strong></span> <span class='ocrx_word' id='word_1_323' title='bbox 410 3624 493 3672; x_wconf 86' lang='lat' dir='ltr'><strong>Cenail</strong></span> <span class='ocrx_word' id='word_1_324' title='bbox 506 3635 578 3673; x_wconf 81' lang='lat' dir='ltr'><strong>vocat</strong></span> <span class='ocrx_word' id='word_1_325' title='bbox 588 3640 640 3686; x_wconf 87' lang='lat' dir='ltr'><strong>cap.</strong></span> <span class='ocrx_word' id='word_1_326' title='bbox 652 3625 702 3674; x_wconf 86' lang='lat' dir='ltr'><strong>xix.</strong></span> <span class='ocrx_word' id='word_1_327' title='bbox 720 3627 785 3676; x_wconf 83' lang='lat' dir='ltr'><strong>sicut</strong></span> <span class='ocrx_word' id='word_1_328' title='bbox 801 3626 874 3675; x_wconf 81' lang='lat' dir='ltr'><strong>etiam</strong></span> <span class='ocrx_word' id='word_1_329' title='bbox 893 3628 963 3676; x_wconf 87' lang='lat' dir='ltr'><strong>hodie</strong></span> <span class='ocrx_word' id='word_1_330' title='bbox 975 3627 1023 3675; x_wconf 88' lang='lat' dir='ltr'><strong>levi</strong></span> <span class='ocrx_word' id='word_1_331' title='bbox 1036 3625 1171 3675; x_wconf 84' lang='lat' dir='ltr'><strong>variatione</strong></span> <span class='ocrx_word' id='word_1_332' title='bbox 1188 3626 1295 3675; x_wconf 85' lang='lat' dir='ltr'><strong>Kennail</strong></span> <span class='ocrx_word' id='word_1_333' title='bbox 1313 3626 1388 3688; x_wconf 85' lang='lat' dir='ltr'><strong>[Kin-</strong></span> 
     </span>
     <span class='ocr_line' id='line_1_41' title="bbox 290 3688 1387 3753; baseline 0.005 -18"><span class='ocrx_word' id='word_1_334' title='bbox 290 3689 352 3750; x_wconf 84' lang='lat' dir='ltr'><strong>neei,</strong></span> <span class='ocrx_word' id='word_1_335' title='bbox 364 3688 432 3752; x_wconf 79' lang='lat' dir='ltr'><strong>noy]</strong></span> <span class='ocrx_word' id='word_1_336' title='bbox 444 3688 540 3737; x_wconf 85' lang='lat' dir='ltr'><strong>dicitur.</strong></span> <span class='ocrx_word' id='word_1_337' title='bbox 553 3691 579 3738; x_wconf 87' lang='lat' dir='ltr'><strong>S.</strong></span> <span class='ocrx_word' id='word_1_338' title='bbox 591 3691 646 3738; x_wconf 84' lang='lat' dir='ltr'><strong>Hoc</strong></span> <span class='ocrx_word' id='word_1_339' title='bbox 658 3698 738 3740; x_wconf 84' lang='lat' dir='ltr'><strong>autem</strong></span> <span class='ocrx_word' id='word_1_340' title='bbox 751 3692 817 3753; x_wconf 88' lang='lat' dir='ltr'><strong>quod</strong></span> <span class='ocrx_word' id='word_1_341' title='bbox 829 3692 858 3739; x_wconf 88' lang='lat' dir='ltr'><strong>de</strong></span> <span class='ocrx_word' id='word_1_342' title='bbox 868 3692 953 3740; x_wconf 85' lang='lat' dir='ltr'><strong>Cenail</strong></span> <span class='ocrx_word' id='word_1_343' title='bbox 965 3693 1053 3740; x_wconf 84' lang='lat' dir='ltr'><strong>dicitur</strong></span> <span class='ocrx_word' id='word_1_344' title='bbox 1061 3692 1157 3740; x_wconf 75' lang='lat' dir='ltr'><strong>ridetur</strong></span> <span class='ocrx_word' id='word_1_345' title='bbox 1165 3705 1214 3738; x_wconf 90' lang='lat' dir='ltr'><strong>non</strong></span> <span class='ocrx_word' id='word_1_346' title='bbox 1223 3691 1314 3739; x_wconf 84' lang='lat' dir='ltr'><strong>Nennii</strong></span> <span class='ocrx_word' id='word_1_347' title='bbox 1326 3705 1387 3751; x_wconf 86' lang='lat' dir='ltr'><strong>esse,</strong></span> 
     </span>
     <span class='ocr_line' id='line_1_42' title="bbox 290 3753 1389 3818; baseline 0.002 -18"><span class='ocrx_word' id='word_1_348' title='bbox 290 3754 332 3801; x_wconf 86' lang='lat' dir='ltr'><strong>sed</strong></span> <span class='ocrx_word' id='word_1_349' title='bbox 339 3753 480 3815; x_wconf 77' lang='lat' dir='ltr'><strong>glossatoris</strong></span> <span class='ocrx_word' id='word_1_350' title='bbox 487 3753 596 3817; x_wconf 82' lang='lat' dir='ltr'><strong>alicujus,</strong></span> <span class='ocrx_word' id='word_1_351' title='bbox 604 3756 635 3802; x_wconf 86' lang='lat' dir='ltr'><strong>sd</strong></span> <span class='ocrx_word' id='word_1_352' title='bbox 646 3771 723 3818; x_wconf 78' lang='lat' dir='ltr'><strong>marg.</strong></span> <span class='ocrx_word' id='word_1_353' title='bbox 733 3757 891 3817; x_wconf 83' lang='lat' dir='ltr'><strong>adscriptum.</strong></span> <span class='ocrx_word' id='word_1_354' title='bbox 902 3757 1012 3804; x_wconf 69' lang='lat' dir='ltr'><strong>Visatur</strong></span> <span class='ocrx_word' id='word_1_355' title='bbox 1019 3757 1168 3804; x_wconf 66' lang='lat' dir='ltr'><strong>Britannico</strong></span> <span class='ocrx_word' id='word_1_356' title='bbox 1176 3771 1287 3804; x_wconf 64' lang='lat' dir='ltr'><strong>samone</strong></span> <span class='ocrx_word' id='word_1_357' title='bbox 1295 3756 1389 3817; x_wconf 78' lang='lat' dir='ltr'><strong>Gaesi,</strong></span> 
     </span>
     <span class='ocr_line' id='line_1_43' title="bbox 288 3817 1389 3885; baseline 0.003 -20"><span class='ocrx_word' id='word_1_358' title='bbox 288 3817 371 3866; x_wconf 86' lang='lat' dir='ltr'><strong>Nenn.</strong></span> <span class='ocrx_word' id='word_1_359' title='bbox 383 3819 518 3867; x_wconf 85' lang='lat' dir='ltr'><strong>Stevenson</strong></span> <span class='ocrx_word' id='word_1_360' title='bbox 528 3821 549 3875; x_wconf 69' lang='grc' dir='ltr'><strong>ξ.</strong></span> <span class='ocrx_word' id='word_1_361' title='bbox 559 3832 598 3882; x_wconf 79' lang='lat'><strong>²3·</strong></span> <span class='ocrx_word' id='word_1_362' title='bbox 614 3820 742 3868; x_wconf 83' lang='lat' dir='ltr'><strong>Pesnfshel</strong></span> <span class='ocrx_word' id='word_1_363' title='bbox 755 3821 857 3885; x_wconf 87' lang='lat' dir='ltr'><strong>(rectius</strong></span> <span class='ocrx_word' id='word_1_364' title='bbox 863 3821 966 3868; x_wconf 81' lang='lat' dir='ltr'><strong>sortasse</strong></span> <span class='ocrx_word' id='word_1_365' title='bbox 978 3821 1123 3883; x_wconf 83' lang='lat' dir='ltr'><strong>Peunvshel)</strong></span> <span class='ocrx_word' id='word_1_366' title='bbox 1133 3822 1229 3869; x_wconf 85' lang='lat' dir='ltr'><strong>ridetur</strong></span> <span class='ocrx_word' id='word_1_367' title='bbox 1237 3821 1389 3868; x_wconf 69' lang='lat' dir='ltr'><strong>ratumena</strong></span> 
     </span>
     <span class='ocr_line' id='line_1_44' title="bbox 288 3883 1388 3946; baseline 0.003 -17"><span class='ocrx_word' id='word_1_368' title='bbox 288 3897 303 3929; x_wconf 89' lang='lat' dir='ltr'><strong>e</strong></span> <span class='ocrx_word' id='word_1_369' title='bbox 315 3883 368 3930; x_wconf 83' lang='lat' dir='ltr'><strong>Pen</strong></span> <span class='ocrx_word' id='word_1_370' title='bbox 377 3899 396 3944; x_wconf 72' lang='lat' dir='ltr'><strong><em>y</em></strong></span> <span class='ocrx_word' id='word_1_371' title='bbox 405 3884 457 3931; x_wconf 70' lang='lat' dir='ltr'><strong>wal</strong></span> <span class='ocrx_word' id='word_1_372' title='bbox 466 3883 505 3931; x_wconf 87' lang='lat' dir='ltr'><strong>vel</strong></span> <span class='ocrx_word' id='word_1_373' title='bbox 515 3885 571 3932; x_wconf 79' lang='lat' dir='ltr'><strong>Pen</strong></span> <span class='ocrx_word' id='word_1_374' title='bbox 581 3885 660 3946; x_wconf 72' lang='lat' dir='ltr'><strong>gwal,</strong></span> <span class='ocrx_word' id='word_1_375' title='bbox 672 3893 745 3946; x_wconf 85' lang='lat' dir='ltr'><strong>caput</strong></span> <span class='ocrx_word' id='word_1_376' title='bbox 756 3885 830 3938; x_wconf 84' lang='lat' dir='ltr'><strong>muri.</strong></span> <span class='ocrx_word' id='word_1_377' title='bbox 838 3886 928 3946; x_wconf 77' lang='lat' dir='ltr'><strong>lingua</strong></span> <span class='ocrx_word' id='word_1_378' title='bbox 939 3885 1103 3933; x_wconf 78' lang='lat' dir='ltr'><strong>cambrensis.</strong></span> <span class='ocrx_word' id='word_1_379' title='bbox 1122 3887 1176 3934; x_wconf 92' lang='lat' dir='ltr'><strong>Vid.</strong></span> <span class='ocrx_word' id='word_1_380' title='bbox 1188 3886 1270 3946; x_wconf 72' lang='lat' dir='ltr'><strong>Pughe</strong></span> <span class='ocrx_word' id='word_1_381' title='bbox 1277 3885 1388 3933; x_wconf 88' lang='lat' dir='ltr'><strong>Diction.</strong></span> 
     </span>
     <span class='ocr_line' id='line_1_45' title="bbox 289 3947 1388 4012; baseline 0.001 -17"><span class='ocrx_word' id='word_1_382' title='bbox 289 3947 388 3996; x_wconf 79' lang='lat' dir='ltr'><strong>Cambr.</strong></span> <span class='ocrx_word' id='word_1_383' title='bbox 400 3949 486 3996; x_wconf 85' lang='lat' dir='ltr'><strong>Cenail</strong></span> <span class='ocrx_word' id='word_1_384' title='bbox 498 3963 564 4009; x_wconf 84' lang='lat' dir='ltr'><strong>vero,</strong></span> <span class='ocrx_word' id='word_1_385' title='bbox 572 3949 611 3996; x_wconf 83' lang='lat' dir='ltr'><strong>rei</strong></span> <span class='ocrx_word' id='word_1_386' title='bbox 624 3950 738 4008; x_wconf 87' lang='lat' dir='ltr'><strong>Kinneel,</strong></span> <span class='ocrx_word' id='word_1_387' title='bbox 748 3951 841 3998; x_wconf 81' lang='lat' dir='ltr'><strong>factum</strong></span> <span class='ocrx_word' id='word_1_388' title='bbox 853 3956 914 3998; x_wconf 86' lang='lat' dir='ltr'><strong>este</strong></span> <span class='ocrx_word' id='word_1_389' title='bbox 925 3965 986 3997; x_wconf 81' lang='lat' dir='ltr'><strong>cesa</strong></span> <span class='ocrx_word' id='word_1_390' title='bbox 998 3956 1072 4011; x_wconf 87' lang='lat' dir='ltr'><strong>capnt</strong></span> <span class='ocrx_word' id='word_1_391' title='bbox 1082 3950 1172 4012; x_wconf 78' lang='lat' dir='ltr'><strong>lingua</strong></span> <span class='ocrx_word' id='word_1_392' title='bbox 1183 3951 1295 3998; x_wconf 76' lang='lat' dir='ltr'><strong>Scottica</strong></span> <span class='ocrx_word' id='word_1_393' title='bbox 1306 3949 1388 4012; x_wconf 86' lang='lat' dir='ltr'><strong>(hodi-</strong></span> 
     </span>
     <span class='ocr_line' id='line_1_46' title="bbox 288 4010 1388 4076; baseline 0.002 -17"><span class='ocrx_word' id='word_1_394' title='bbox 288 4010 381 4073; x_wconf 78' lang='lat' dir='ltr'><strong>ernae);</strong></span> <span class='ocrx_word' id='word_1_395' title='bbox 398 4019 424 4060; x_wconf 86' lang='lat' dir='ltr'><strong>et</strong></span> <span class='ocrx_word' id='word_1_396' title='bbox 434 4013 537 4062; x_wconf 82' lang='lat' dir='ltr'><strong>fortusse</strong></span> <span class='ocrx_word' id='word_1_397' title='bbox 548 4014 599 4075; x_wconf 84' lang='lat' dir='ltr'><strong>pari</strong></span> <span class='ocrx_word' id='word_1_398' title='bbox 611 4029 682 4062; x_wconf 86' lang='lat' dir='ltr'><strong>sensu</strong></span> <span class='ocrx_word' id='word_1_399' title='bbox 695 4016 856 4076; x_wconf 88' lang='lat' dir='ltr'><strong>compositum</strong></span> <span class='ocrx_word' id='word_1_400' title='bbox 868 4029 882 4062; x_wconf 89' lang='lat' dir='ltr'><strong>e</strong></span> <span class='ocrx_word' id='word_1_401' title='bbox 894 4029 954 4062; x_wconf 79' lang='lat' dir='ltr'><strong>reon</strong></span> <span class='ocrx_word' id='word_1_402' title='bbox 964 4024 989 4063; x_wconf 84' lang='lat' dir='ltr'><strong>et</strong></span> <span class='ocrx_word' id='word_1_403' title='bbox 999 4016 1064 4062; x_wconf 76' lang='lat' dir='ltr'><strong>aaa</strong></span> <span class='ocrx_word' id='word_1_404' title='bbox 1078 4030 1169 4062; x_wconf 76' lang='lat' dir='ltr'><strong>murras.</strong></span> <span class='ocrx_word' id='word_1_405' title='bbox 1192 4015 1240 4062; x_wconf 86' lang='lat' dir='ltr'><strong>Sed</strong></span> <span class='ocrx_word' id='word_1_406' title='bbox 1252 4015 1388 4062; x_wconf 86' lang='lat' dir='ltr'><strong>notandum</strong></span> 
     </span>
     <span class='ocr_line' id='line_1_47' title="bbox 289 4076 1388 4142; baseline 0.004 -20"><span class='ocrx_word' id='word_1_407' title='bbox 289 4081 327 4122; x_wconf 84' lang='lat' dir='ltr'><strong>est</strong></span> <span class='ocrx_word' id='word_1_408' title='bbox 338 4076 469 4124; x_wconf 86' lang='lat' dir='ltr'><strong>discrimen</strong></span> <span class='ocrx_word' id='word_1_409' title='bbox 480 4078 525 4125; x_wconf 79' lang='lat' dir='ltr'><strong>hec</strong></span> <span class='ocrx_word' id='word_1_410' title='bbox 536 4078 562 4124; x_wconf 89' lang='lat' dir='ltr'><strong>in</strong></span> <span class='ocrx_word' id='word_1_411' title='bbox 574 4093 633 4126; x_wconf 88' lang='lat' dir='ltr'><strong>voce</strong></span> <span class='ocrx_word' id='word_1_412' title='bbox 644 4079 709 4127; x_wconf 86' lang='lat' dir='ltr'><strong>inter</strong></span> <span class='ocrx_word' id='word_1_413' title='bbox 720 4080 829 4142; x_wconf 74' lang='lat' dir='ltr'><strong>linguam</strong></span> <span class='ocrx_word' id='word_1_414' title='bbox 848 4095 921 4140; x_wconf 85' lang='lat' dir='ltr'><strong>quam</strong></span> <span class='ocrx_word' id='word_1_415' title='bbox 938 4094 1003 4126; x_wconf 89' lang='lat' dir='ltr'><strong>nunc</strong></span> <span class='ocrx_word' id='word_1_416' title='bbox 1015 4079 1147 4127; x_wconf 84' lang='lat' dir='ltr'><strong>Scotticam</strong></span> <span class='ocrx_word' id='word_1_417' title='bbox 1163 4093 1280 4126; x_wconf 88' lang='lat' dir='ltr'><strong>vocamus</strong></span> <span class='ocrx_word' id='word_1_418' title='bbox 1295 4087 1320 4127; x_wconf 85' lang='lat' dir='ltr'><strong>et</strong></span> <span class='ocrx_word' id='word_1_419' title='bbox 1334 4093 1388 4126; x_wconf 85' lang='lat' dir='ltr'><strong>eam</strong></span> 
     </span>
     <span class='ocr_line' id='line_1_48' title="bbox 289 4141 1389 4206; baseline 0.004 -20"><span class='ocrx_word' id='word_1_420' title='bbox 289 4154 363 4200; x_wconf 85' lang='lat' dir='ltr'><strong>quam</strong></span> <span class='ocrx_word' id='word_1_421' title='bbox 377 4141 444 4189; x_wconf 87' lang='lat' dir='ltr'><strong>Beda</strong></span> <span class='ocrx_word' id='word_1_422' title='bbox 450 4141 511 4190; x_wconf 90' lang='lat' dir='ltr'><strong>dicit</strong></span> <span class='ocrx_word' id='word_1_423' title='bbox 518 4142 641 4190; x_wconf 74' lang='lat' dir='ltr'><strong>Pictonum</strong></span> <span class='ocrx_word' id='word_1_424' title='bbox 654 4144 737 4204; x_wconf 83' lang='lat' dir='ltr'><strong>fuisse,</strong></span> <span class='ocrx_word' id='word_1_425' title='bbox 749 4152 774 4192; x_wconf 87' lang='lat' dir='ltr'><strong>et</strong></span> <span class='ocrx_word' id='word_1_426' title='bbox 784 4145 846 4191; x_wconf 85' lang='lat' dir='ltr'><strong>hanc</strong></span> <span class='ocrx_word' id='word_1_427' title='bbox 858 4143 896 4205; x_wconf 85' lang='lat' dir='ltr'><strong>(in</strong></span> <span class='ocrx_word' id='word_1_428' title='bbox 908 4159 958 4191; x_wconf 90' lang='lat' dir='ltr'><strong>una</strong></span> <span class='ocrx_word' id='word_1_429' title='bbox 969 4144 1055 4192; x_wconf 83' lang='lat' dir='ltr'><strong>saltem</strong></span> <span class='ocrx_word' id='word_1_430' title='bbox 1067 4143 1137 4206; x_wconf 84' lang='lat' dir='ltr'><strong>voce)</strong></span> <span class='ocrx_word' id='word_1_431' title='bbox 1153 4145 1182 4191; x_wconf 86' lang='lat' dir='ltr'><strong>ad</strong></span> <span class='ocrx_word' id='word_1_432' title='bbox 1195 4143 1303 4204; x_wconf 76' lang='lat' dir='ltr'><strong>linguam</strong></span> <span class='ocrx_word' id='word_1_433' title='bbox 1316 4144 1389 4192; x_wconf 87' lang='lat' dir='ltr'><strong>Cam-</strong></span> 
     </span>
     <span class='ocr_line' id='line_1_49' title="bbox 289 4203 1389 4268; baseline 0.003 -17"><span class='ocrx_word' id='word_1_434' title='bbox 289 4203 412 4264; x_wconf 85' lang='lat' dir='ltr'><strong>brensem,</strong></span> <span class='ocrx_word' id='word_1_435' title='bbox 423 4221 478 4268; x_wconf 75' lang='lat' dir='ltr'><strong>qna</strong></span> <span class='ocrx_word' id='word_1_436' title='bbox 490 4207 618 4256; x_wconf 80' lang='lat' dir='ltr'><strong>Britonum</strong></span> <span class='ocrx_word' id='word_1_437' title='bbox 630 4208 685 4265; x_wconf 83' lang='lat' dir='ltr'><strong>snit,</strong></span> <span class='ocrx_word' id='word_1_438' title='bbox 698 4209 836 4258; x_wconf 86' lang='lat' dir='ltr'><strong>accessisse.</strong></span> <span class='ocrx_word' id='word_1_439' title='bbox 864 4209 919 4256; x_wconf 90' lang='lat' dir='ltr'><strong>Vid.</strong></span> <span class='ocrx_word' id='word_1_440' title='bbox 934 4208 1043 4256; x_wconf 85' lang='lat' dir='ltr'><strong>Diotion.</strong></span> <span class='ocrx_word' id='word_1_441' title='bbox 1057 4205 1272 4256; x_wconf 84' lang='lat' dir='ltr'><strong>Secta-Celticum.</strong></span> <span class='ocrx_word' id='word_1_442' title='bbox 1303 4207 1389 4256; x_wconf 78' lang='lat' dir='ltr'><strong>Adhuc</strong></span> 
     </span>
     <span class='ocr_line' id='line_1_50' title="bbox 290 4268 1388 4336; baseline 0.004 -22"><span class='ocrx_word' id='word_1_443' title='bbox 290 4268 356 4316; x_wconf 82' lang='lat' dir='ltr'><strong>ricus</strong></span> <span class='ocrx_word' id='word_1_444' title='bbox 366 4276 404 4318; x_wconf 85' lang='lat' dir='ltr'><strong>est</strong></span> <span class='ocrx_word' id='word_1_445' title='bbox 414 4270 439 4316; x_wconf 89' lang='lat' dir='ltr'><strong>in</strong></span> <span class='ocrx_word' id='word_1_446' title='bbox 451 4272 562 4319; x_wconf 89' lang='lat' dir='ltr'><strong>hocloco</strong></span> <span class='ocrx_word' id='word_1_447' title='bbox 573 4271 653 4320; x_wconf 86' lang='lat' dir='ltr'><strong>dictus</strong></span> <span class='ocrx_word' id='word_1_448' title='bbox 667 4273 765 4321; x_wconf 84' lang='lat' dir='ltr'><strong>Walton</strong></span> <span class='ocrx_word' id='word_1_449' title='bbox 777 4293 783 4320; x_wconf 91' lang='lat'><strong>:</strong></span> <span class='ocrx_word' id='word_1_450' title='bbox 803 4273 858 4319; x_wconf 91' lang='lat' dir='ltr'><strong>Vid.</strong></span> <span class='ocrx_word' id='word_1_451' title='bbox 874 4273 998 4320; x_wconf 86' lang='lat' dir='ltr'><strong>Cambden</strong></span> <span class='ocrx_word' id='word_1_452' title='bbox 1016 4273 1108 4320; x_wconf 86' lang='lat' dir='ltr'><strong>Britan.</strong></span> <span class='ocrx_word' id='word_1_453' title='bbox 1127 4273 1220 4320; x_wconf 86' lang='lat' dir='ltr'><strong>Gaden.</strong></span> <span class='ocrx_word' id='word_1_454' title='bbox 1232 4287 1255 4333; x_wconf 90' lang='lat' dir='ltr'><strong>p.</strong></span> <span class='ocrx_word' id='word_1_455' title='bbox 1266 4285 1335 4336; x_wconf 84' lang='lat'>¹19²·</span> <span class='ocrx_word' id='word_1_456' title='bbox 1350 4271 1388 4319; x_wconf 87' lang='lat' dir='ltr'><strong>ed.</strong></span> 
     </span>
     <span class='ocr_line' id='line_1_51' title="bbox 290 4333 1389 4398; baseline 0.003 -18"><span class='ocrx_word' id='word_1_457' title='bbox 290 4333 382 4382; x_wconf 92' lang='lat' dir='ltr'><strong>Gibson</strong></span> <span class='ocrx_word' id='word_1_458' title='bbox 394 4353 400 4381; x_wconf 85' lang='lat'>:</span> <span class='ocrx_word' id='word_1_459' title='bbox 418 4335 460 4396; x_wconf 92' lang='lat' dir='ltr'><strong>qui</strong></span> <span class='ocrx_word' id='word_1_460' title='bbox 471 4335 657 4397; x_wconf 83' lang='lat' dir='ltr'><strong>distinguendus</strong></span> <span class='ocrx_word' id='word_1_461' title='bbox 666 4345 704 4385; x_wconf 86' lang='lat' dir='ltr'><strong>est</strong></span> <span class='ocrx_word' id='word_1_462' title='bbox 714 4339 745 4385; x_wconf 89' lang='lat' dir='ltr'><strong>ab</strong></span> <span class='ocrx_word' id='word_1_463' title='bbox 754 4338 832 4385; x_wconf 83' lang='lat' dir='ltr'><strong>altero</strong></span> <span class='ocrx_word' id='word_1_464' title='bbox 840 4337 896 4384; x_wconf 83' lang='lat' dir='ltr'><strong>vico</strong></span> <span class='ocrx_word' id='word_1_465' title='bbox 904 4338 1005 4385; x_wconf 79' lang='lat' dir='ltr'><strong>Wsllon</strong></span> <span class='ocrx_word' id='word_1_466' title='bbox 1016 4337 1042 4384; x_wconf 91' lang='lat' dir='ltr'><strong>in</strong></span> <span class='ocrx_word' id='word_1_467' title='bbox 1054 4337 1198 4386; x_wconf 80' lang='lat' dir='ltr'><strong>occidentali</strong></span> <span class='ocrx_word' id='word_1_468' title='bbox 1210 4343 1279 4398; x_wconf 81' lang='lat' dir='ltr'><strong>parte</strong></span> <span class='ocrx_word' id='word_1_469' title='bbox 1290 4336 1389 4385; x_wconf 80' lang='lat' dir='ltr'><strong>alterius</strong></span> 
     </span>
     <span class='ocr_line' id='line_1_52' title="bbox 291 4398 900 4463; baseline 0.007 -18"><span class='ocrx_word' id='word_1_470' title='bbox 291 4399 353 4445; x_wconf 85' lang='lat' dir='ltr'><strong>muri</strong></span> <span class='ocrx_word' id='word_1_471' title='bbox 364 4398 468 4460; x_wconf 82' lang='lat' dir='ltr'><strong>(Severi)</strong></span> <span class='ocrx_word' id='word_1_472' title='bbox 483 4415 532 4447; x_wconf 92' lang='lat' dir='ltr'><strong>non</strong></span> <span class='ocrx_word' id='word_1_473' title='bbox 543 4401 617 4462; x_wconf 79' lang='lat' dir='ltr'><strong>longe</strong></span> <span class='ocrx_word' id='word_1_474' title='bbox 628 4401 707 4462; x_wconf 89' lang='lat' dir='ltr'><strong>posito</strong></span> <span class='ocrx_word' id='word_1_475' title='bbox 718 4418 733 4448; x_wconf 88' lang='lat' dir='ltr'><strong>a</strong></span> <span class='ocrx_word' id='word_1_476' title='bbox 745 4401 900 4463; x_wconf 80' lang='lat' dir='ltr'><strong>Lugnballia.</strong></span> 
     </span>
    </p>

    <p class='ocr_par' dir='ltr' id='par_1_6' title="bbox 285 4465 1389 4653">
     <span class='ocr_line' id='line_1_53' title="bbox 324 4465 1389 4529; baseline 0.003 -19"><span class='ocrx_word' id='word_1_477' title='bbox 324 4474 362 4524; x_wconf 80' lang='lat'><strong>25.</strong></span> <span class='ocrx_word' id='word_1_478' title='bbox 380 4471 488 4525; x_wconf 71' lang='lat' dir='ltr'><strong>ternpore</strong></span> <span class='ocrx_word' id='word_1_479' title='bbox 497 4466 621 4523; x_wconf 73' lang='lat' dir='ltr'><strong>summai]</strong></span> <span class='ocrx_word' id='word_1_480' title='bbox 642 4465 701 4512; x_wconf 87' lang='lat' dir='ltr'><strong>Non</strong></span> <span class='ocrx_word' id='word_1_481' title='bbox 712 4467 758 4514; x_wconf 88' lang='lat' dir='ltr'><strong>hoc</strong></span> <span class='ocrx_word' id='word_1_482' title='bbox 769 4467 829 4514; x_wconf 89' lang='lat' dir='ltr'><strong>dicit</strong></span> <span class='ocrx_word' id='word_1_483' title='bbox 840 4465 925 4515; x_wconf 87' lang='lat' dir='ltr'><strong>Gildas</strong></span> <span class='ocrx_word' id='word_1_484' title='bbox 938 4485 943 4515; x_wconf 91' lang='lat'>:</span> <span class='ocrx_word' id='word_1_485' title='bbox 963 4467 1005 4514; x_wconf 86' lang='lat' dir='ltr'><strong>sed</strong></span> <span class='ocrx_word' id='word_1_486' title='bbox 1017 4466 1147 4515; x_wconf 87' lang='lat' dir='ltr'><strong>nebulosus</strong></span> <span class='ocrx_word' id='word_1_487' title='bbox 1158 4465 1211 4527; x_wconf 82' lang='lat' dir='ltr'><strong>ejus</strong></span> <span class='ocrx_word' id='word_1_488' title='bbox 1227 4466 1305 4529; x_wconf 88' lang='lat' dir='ltr'><strong>stylns</strong></span> <span class='ocrx_word' id='word_1_489' title='bbox 1317 4465 1389 4514; x_wconf 75' lang='lat' dir='ltr'><strong>Beda</strong></span> 
     </span>
     <span class='ocr_line' id='line_1_54' title="bbox 290 4527 1388 4594; baseline 0.003 -20"><span class='ocrx_word' id='word_1_490' title='bbox 290 4527 414 4588; x_wconf 82' lang='lat' dir='ltr'><strong>imposuit.</strong></span> <span class='ocrx_word' id='word_1_491' title='bbox 438 4527 519 4576; x_wconf 84' lang='lat' dir='ltr'><strong>Verba</strong></span> <span class='ocrx_word' id='word_1_492' title='bbox 530 4537 598 4585; x_wconf 80' lang='lat' dir='ltr'><strong>sunt,</strong></span> <span class='ocrx_word' id='word_1_493' title='bbox 614 4529 761 4592; x_wconf 77' lang='lat' dir='ltr'><strong>Curibusque</strong></span> <span class='ocrx_word' id='word_1_494' title='bbox 768 4531 890 4592; x_wconf 79' lang='lat' dir='ltr'><strong>soliorum</strong></span> <span class='ocrx_word' id='word_1_495' title='bbox 908 4538 1014 4594; x_wconf 78' lang='lat' dir='ltr'><strong>tempore</strong></span> <span class='ocrx_word' id='word_1_496' title='bbox 1030 4539 1096 4580; x_wconf 81' lang='lat' dir='ltr'><strong>certo</strong></span> <span class='ocrx_word' id='word_1_497' title='bbox 1107 4533 1302 4579; x_wconf 80' lang='lat' dir='ltr'><strong>assimulandum</strong></span> <span class='ocrx_word' id='word_1_498' title='bbox 1314 4533 1388 4578; x_wconf 78' lang='lat' dir='ltr'><strong>istum</strong></span> 
     </span>
     <span class='ocr_line' id='line_1_55' title="bbox 285 4596 619 4653; baseline 0.003 -16"><span class='ocrx_word' id='word_1_499' title='bbox 285 4598 416 4652; x_wconf 76' lang='lat' dir='ltr'><strong>peragunt</strong></span> <span class='ocrx_word' id='word_1_500' title='bbox 426 4596 570 4651; x_wconf 69' lang='lat' dir='ltr'><strong>strugm,§</strong></span> <span class='ocrx_word' id='word_1_501' title='bbox 583 4603 619 4653; x_wconf 81' lang='lat'><strong>17.</strong></span> 
     </span>
    </p>
   </div>
   <div class='ocr_carea' id='block_1_5' title="bbox 0 0 1559 5125">
    <p class='ocr_par' dir='ltr' id='par_1_7' title="bbox 0 0 1559 5125">
     <span class='ocr_line' id='line_1_56' title="bbox 0 0 1559 5125; baseline 0 0"><span class='ocrx_word' id='word_1_502' title='bbox 0 0 1559 5125; x_wconf 95' lang='lat' dir='ltr'><strong> </strong></span> 
     </span>
    </p>
   </div>
   <div class='ocr_carea' id='block_1_6' title="bbox 726 5123 1541 5125">
    <p class='ocr_par' dir='ltr' id='par_1_8' title="bbox 726 5123 1541 5125">
     <span class='ocr_line' id='line_1_57' title="bbox 726 5123 1541 5125; baseline 0 0"><span class='ocrx_word' id='word_1_503' title='bbox 726 5123 1541 5125; x_wconf 95' lang='lat' dir='ltr'><strong> </strong></span> 
     </span>
    </p>
   </div>
  </div>
 </body>
</html>
