3100 5125
190 1113 436 1187 EPISTOLA
462 1114 735 1189 BONIFACII
761 1117 835 1187 AD
862 1118 1234 1193 CUDBERTHUM.

571 1358 850 1410 ...φ-..-

167 1579 310 1654 Spiritalis
341 1580 481 1655 affinitatis
507 1579 702 1636 necessitudine
728 1580 875 1655 copulando
896 1580 992 1661 fratri
1018 1580 1264 1658 archiepiscopatus

206 1660 295 1734 insula
311 1661 462 1725 sublimato,
477 1661 633 1736 coepiscopo
649 1660 810 1729 Cudbertloo,
824 1660 986 1735 Bonifatius
1002 1662 1107 1737 teactae
1124 1664 1264 1720 Gemani-

207 1760 254 1796 cas
278 1741 425 1805 catholice,
446 1741 603 1815 apostolico
625 1742 756 1799 Romana
780 1742 906 1807 ecclesia,
932 1743 1074 1817 optabilem
1095 1744 1124 1801 io
1153 1744 1263 1803 Christo

141 1835 157 1885 5
206 1822 325 1880 ‘intime
338 1822 483 1879 claritatis
496 1822 621 1880 salutern.

226 1940 436 2006 ORlPTUM
451 1942 555 2006 benim
569 1948 620 2006 est
636 1941 669 2005 in
683 1940 765 2005 libro
781 1940 957 2005 Salomonis
973 1942 1089 2006 Beatus
1102 1942 1193 2017 loma,
1210 1942 1266 2029 qai

187 2038 192 2050 ’
247 2027 362 2091 iaomit
380 2028 522 2105 amicam,
538 2049 611 2091 eum
629 2050 692 2127 quo
711 2027 813 2111 possit
834 2026 930 2113 loqui,
947 2027 1037 2111 quasi
1057 2050 1129 2092 cum
1149 2036 1262 2095 semet-

163 2112 243 2199 ipso.
274 2112 355 2179 (lum
368 2114 551 2177 muneribus
565 2112 788 2177 munificentiae
803 2118 918 2177 vestrae
930 2112 1126 2178 dulcissimas
1136 2114 1262 2181 litteras

163 2199 306 2265 fraterna
331 2198 489 2264 charitate
518 2199 685 2279 interlitas,
711 2220 844 2283 magnas
873 2198 944 2263 Deo
970 2205 1004 2263 et
1027 2199 1116 2264 vobis
1141 2201 1262 2286 gratias

125 2311 157 2345 ιο
164 2292 305 2370 agentes,
327 2285 393 2350 filio
414 2292 521 2351 vestro
543 2285 676 2349 diacono
697 2284 920 2369 ccynebertho
942 2284 1103 2364 offerente,
1127 2286 1263 2373 suscepi-

163 2392 244 2434 mus.
289 2370 381 2435 Vivae
402 2372 488 2436 vocis
513 2394 638 2458 quoque
663 2370 812 2434 melliflua
833 2370 988 2456 colloquia
1008 2379 1116 2437 vestra
1139 2374 1178 2435 de
1199 2372 1262 2437 fra

162 2456 264 2519 ternis
277 2457 415 2521 consiliis
428 2480 486 2543 per
500 2456 587 2520 illum
601 2455 693 2521 nobis
708 2455 849 2520 charitas
860 2464 967 2521 vestra
981 2457 1154 2522 nrandavit.
1182 2458 1260 2540 Quae

162 2542 363 2608 consiliorum
377 2542 531 2629 spiritalia
545 2542 699 2628 colloquia
708 2549 857 2629 optamus
868 2547 914 2620 ut,
927 2541 998 2606 Deo
1008 2544 1141 2622 volante,
1153 2567 1261 2630 quam-

163 2628 218 2691 diu
233 2629 266 2691 in
281 2630 341 2694 hnc
357 2629 484 2694 mortali
499 2629 567 2693 vita
580 2629 731 2706 vivamus,
747 2627 833 2692 inter
846 2649 904 2691 nos
916 2628 1036 2713 jugiter
1051 2629 1259 2709 insinuentur,

123 2713 217 2784 15illo
238 2723 535 2800 praestantesque
557 2715 624 2779 solo
644 2721 757 2778 sancta
774 2711 939 2788 desideria,
959 2720 1048 2778 reeta
1071 2715 1207 2793 consilia,
1227 2723 1262 2780 et

159 2800 250 2884 justa
264 2810 339 2866 sunt
354 2823 468 2887 opera:
490 2824 546 2865 vos
562 2800 674 2864 melius
688 2806 723 2864 et
737 2799 869 2885 plenius,
886 2799 1000 2883 quibus
1015 2799 1103 2864 Deus
1119 2801 1258 2880 donavit,

162 2885 271 2950 multis
292 2893 327 2951 et
348 2887 658 2972 prudentiusnosse,
682 2893 716 2950 et
736 2885 847 2948 melius
870 2892 903 2950 et
923 2885 1045 2971 plenius
1067 2908 1178 2971 posse:
1202 2909 1261 2951 nos

163 2972 254 3056 quasi
279 2971 313 3037 in
338 2973 448 3057 paucis
470 2973 579 3036 fideles
601 2971 701 3036 vestri
730 2978 764 3036 et
793 2971 908 3050 devoti,
936 2973 1120 3037 studeamus
1145 2972 1260 3036 instrui

162 3057 279 3122 “aureo
300 3059 438 3123 coelestis
459 3057 576 3123 amoris
598 3058 731 3138 vinculo,
754 3058 840 3142 quod
861 3057 965 3141 rumpi
989 3079 1054 3122 non
1075 3065 1192 3143 potest,
1215 3058 1261 3122 in-

163 3142 444 3209 vicemcathenati.
474 3144 558 3224 Nam
568 3145 659 3208 labor
669 3143 773 3206 nostri
784 3141 1066 3219 ministerii,unius
1078 3150 1112 3208 et
1122 3145 1264 3230 ejusdem

83 3249 151 3310 144
163 3249 267 3294 aausae
282 3252 351 3295 esse
365 3229 557 3295 dinoscitur:
582 3237 616 3295 et
635 3228 766 3314 aequalis
782 3229 957 3314 speculatio
971 3229 1004 3292 in
1020 3230 1102 3294 curis
1120 3231 1262 3295 ecelesia

163 3313 1262 3402 mwmmmmmmmmffimwmmffln

162 3402 299 3466 artando
314 3409 348 3467 et
362 3402 527 3478 monendo,
544 3401 609 3466 sive
623 3400 656 3463 in
670 3400 869 3465 defendendo
889 3402 1056 3466 canonicos
1135 3403 1194 3464 dus
1214 3402 1263 3466 vel

162 3486 311 3570 plebeios.
357 3488 480 3551 Idcirco
505 3487 696 3551 ‘humillima
721 3508 816 3573 prece
842 3487 987 3572 deposco,
1012 3493 1049 3552 ut
1097 3509 1151 3550 um
1173 3486 1262 3551 vobis

163 3573 288 3636 salubre
303 3573 467 3640 consilium
482 3574 570 3638 Deus
584 3572 794 3658 inspiraverit,
810 3572 860 3637 vel
878 3595 936 3636 suo
957 3573 1088 3657 Spiritu,
1104 3573 1153 3637 vel
1170 3571 1262 3637 collo-

197 3748 378 3794 sinamaeom.
391 3747 444 3796 Ser.
517 3748 671 3795 bentmom.
684 3747 736 3795 Ser.
815 3746 993 3794 cumaeam
1005 3747 1057 3796 Ser.
1133 3749 1221 3796 domo
1232 3747 1261 3796 C.

164 3809 190 3857 id
201 3822 239 3858 est
249 3811 326 3859 codex
337 3813 463 3859 Caesareus
473 3826 523 3874 quo
533 3827 592 3860 usus
603 3818 641 3860 est
651 3810 768 3859 Serurius.
883 3820 896 3850 θ
908 3813 1043 3859 humillime
1053 3818 1083 3860 at
1093 3813 1138 3859 illo
1148 3814 1261 3860 indoma-

163 3878 238 3935 oeric,
248 3875 477 3938 similiosociamao
487 3877 539 3926 Ser.
555 3877 721 3925 humillimam
732 3875 764 3922 alt
774 3876 817 3922 ille
829 3877 857 3922 C.
890 3874 985 3924 Textus
996 3883 1034 3924 est
1045 3876 1195 3938 spelmanni.

194 4042 219 4090 3.
232 4031 391 4094 Bonifatius]
414 4031 572 4094 Wmtsridas
579 4033 669 4094 patrio
680 4033 770 4092 liugom
782 4032 872 4089 dicam,
883 4035 985 4081 naticae
994 4035 1103 4094 Anglm,
1117 4035 1263 4084 Cridiodami

161 4099 190 4143 im
206 4111 270 4156 agro
281 4096 435 4144 Deoooiensi
448 4104 525 4144 natas
535 4112 601 4144 anno
613 4095 669 4158 670.
703 4097 778 4144 Amne
791 4106 838 4158 754
849 4098 996 4158 intersectas
1005 4099 1045 4146 die
1056 4112 1079 4160 5.
1091 4098 1175 4147 danii.
1198 4100 1263 4148 Cave

164 4160 228 4208 Hist
242 4160 291 4209 Lit.
315 4161 467 4210 Cudberthus
485 4161 680 4223 archiepiscopus
695 4169 749 4209 erut
765 4161 796 4209 sb
807 4161 841 4209 A.
850 4162 882 4210 D.
897 4172 944 4225 740
955 4163 985 4210 ad
998 4163 1044 4224 758
1057 4163 1156 4211 contin.
1170 4163 1261 4212 Chron.

162 4225 229 4338 gold).
240 4233 266 4273 et
276 4225 367 4338 Chrofn.
379 4228 453 4285 Sum
471 4236 515 4288 741
529 4226 561 4275 sd
573 4236 620 4290 759
631 4225 697 4274 Flos.
709 4224 767 4289 vig.
778 4226 821 4288 qui
836 4227 913 4275 etiam
929 4226 1054 4276 Bonifecii
1070 4227 1215 4292 martyrium
1231 4230 1263 4278 cd

229 4300 261 4351 .7
306 4304 333 4338 re
343 4298 388 4338 ert.

194 4353 219 4403 6.
231 4301 370 4419 Sciiotum]
385 4356 454 4404 Eecli
464 4372 522 4404 xxv.
535 4369 571 4405 ιι.

198 4433 235 4481 15.
246 4426 337 4469 saneto
347 4421 478 4483 deuteria]
497 4421 535 4470 Ex
548 4420 660 4470 crotone
671 4420 744 4470 Deus
754 4435 771 4468 a
783 4435 829 4483 quo
841 4427 939 4482 somata,
952 4423 997 4470 &a
1009 4435 1071 4484 quae,
1082 4427 1111 4470 ut
1121 4421 1178 4470 hinc
1190 4436 1263 4484 oppo-

162 4490 209 4542 ret,
220 4485 394 4534 vetustissimo.
419 4486 499 4534 Soror.

205 4569 302 4612 anns.
689 4571 743 4632 ry
