3100 5125
291 304 334 373 ts
628 300 861 371 merome
887 302 1065 373 EOOLES.
1382 307 1431 373 II.
1451 328 1476 373 r.

295 455 472 522 matinabat
485 479 600 545 corpus
614 467 760 525 nostrum
770 461 804 524 in
818 460 872 525 illa
883 459 1124 525 remotionis
1133 458 1234 547 gloria
1244 456 1400 547 impalpa-

295 542 367 621 bile,
383 544 486 608 ventis
499 550 635 631 aereque
650 546 797 610 subtilius
812 568 881 611 esse
895 546 1056 611 futurum:
1081 546 1167 631 quod
1181 546 1232 611 ille
1252 547 1397 626 audiens,

296 638 330 693 et
351 628 477 693 ratione
494 631 650 708 veritatis,
666 638 701 695 et
721 632 866 716 exemplo
882 632 1045 696 dominicae
1063 632 1304 696 resurrectionis
1321 654 1398 732 pro-

295 713 385 778 bavit
406 716 467 778 hoc
481 716 598 801 dogma
611 718 800 782 orthodoxae
814 717 888 781 fidei
904 717 1091 781 omnimodis
1106 738 1175 781 esse
1189 725 1397 783 contrannm.

295 799 462 865 catholica
470 803 588 865 etenim
595 802 675 866 fides
685 803 794 881 habet,
807 804 892 887 quod
903 825 1016 888 corpus
1025 810 1171 867 nostrum
1182 803 1257 867 nilla
1268 804 1397 867 immor·
1406 828 1439 875 40

295 885 433 949 talitatis
453 887 555 971 gloria
576 887 790 966 sublimatum,
815 888 931 953 subtile
954 888 1082 973 quidem
1103 888 1146 952 sit
1168 910 1225 973 per
1245 888 1398 953 effectum

295 970 448 1055 spiritalis
460 972 623 1057 potentine,
639 974 695 1037 sed
709 974 867 1058 palpabile
881 996 939 1059 per
953 974 1121 1038 veritatem
1135 981 1278 1038 natnrae:
1300 976 1398 1059 juxta

295 1059 473 1141 exemplum
484 1058 643 1122 Dominioi
657 1060 807 1143 corporis,
823 1060 868 1131 de
878 1082 941 1145 quo
955 1082 976 1123 a
990 1058 1124 1123 mortuis
1139 1060 1302 1137 suscitato,
1319 1060 1399 1125 dicit

294 1140 362 1226 ipse
377 1143 554 1228 discipulis:
577 1146 712 1229 Prahate
732 1156 760 1209 et
780 1145 877 1209 uidete
899 1145 973 1230 prais
993 1146 1121 1229 spiritus
1142 1166 1264 1209 comm
1281 1156 1311 1209 et
1331 1168 1400 1210 osso

294 1249 355 1291 coa
375 1227 469 1307 aba,
490 1230 569 1293 aaut
589 1252 635 1293 mo
655 1231 763 1294 vidais
786 1229 899 1293 labae.
945 1230 985 1293 In
1007 1231 1096 1315 cnjus
1118 1229 1299 1295 adsertione
1322 1232 1397 1295 fidei

298 1314 482 1377 venerabilis
515 1321 609 1399 pater
640 1315 815 1402 Gregorius
847 1316 880 1378 in
909 1322 1038 1379 tantum
1069 1325 1181 1380 contra
1212 1324 1399 1381 nascentem

203 1424 208 1433 ·
294 1398 441 1463 haeresim
465 1423 581 1466 novam
608 1402 754 1465 laborare
783 1402 958 1478 contendit,
988 1408 1082 1466 tanta
1116 1402 1198 1465 hanc
1230 1402 1439 1481 instantiam

291 1484 425 1568 juvante
446 1485 545 1550 etiam
560 1486 701 1571 piissimo
718 1487 911 1571 imperatore
927 1486 1054 1550 Tiberio
1072 1487 1292 1563 Constantino,
1312 1510 1397 1551 com-

294 1570 421 1649 minuit,
445 1578 483 1635 ut
505 1573 609 1636 nullus
634 1572 749 1637 exinde
772 1572 816 1637 sit
842 1572 988 1636 inventus
1014 1571 1068 1657 qui
1093 1572 1162 1657 ejus
1184 1573 1398 1639 resuscitator

294 1656 456 1721 existeret.
501 1657 611 1721 Alium
640 1680 765 1744 quoque
793 1658 910 1722 librum
935 1656 1114 1742 composuit
1142 1657 1313 1743 egregium,
1340 1660 1396 1745 qui

296 1749 429 1807 vocatur
443 1744 625 1822 Poswrclic,
641 1743 674 1806 in
689 1764 753 1830 quo
769 1743 939 1807 manifesta
958 1742 1028 1806 luce
1047 1743 1210 1829 patefecit,
1226 1744 1335 1828 quales
1352 1746 1397 1809 ad

295 1827 437 1892 ecelesiae
458 1828 599 1913 regimen
623 1829 757 1907 adsumi,
783 1828 920 1914 qualiter
943 1828 1004 1912 ipsi
1030 1835 1171 1892 rectores
1194 1828 1306 1907 vivere,
1331 1852 1396 1916 qua

295 1912 487 1977 discretione
508 1910 647 1999 singulas
669 1935 811 2014 quasque
832 1914 1030 1978 audientium
1053 1913 1210 1979 instruere
1231 1936 1393 1999 personas,

293 2005 328 2061 et
350 2005 472 2082 quanta
493 1999 746 2065 consideratrone
767 1999 930 2085 propriam
952 1998 1094 2084 quotidie
1116 2000 1254 2063 debeant
1274 2000 1394 2086 fragili-
1406 2025 1440 2075 50

293 2090 397 2147 tatem
419 2104 562 2169 pensare.
612 2086 675 2150 Sed
698 2092 732 2151 et
759 2085 919 2149 ⁰Omelias
943 2084 1107 2171 Evangelii
1136 2107 1269 2150 numero
1294 2088 1394 2171 quad-

293 2168 422 2253 raginta
448 2170 635 2255 composuit,
662 2194 742 2271 quas
769 2171 803 2233 in
833 2172 956 2234 duobus
986 2170 1149 2235 codicibus
1181 2193 1274 2255 aequa
1306 2180 1394 2237 sorte

293 2253 451 2319 distinxit.
498 2256 613 2320 Libros
632 2264 732 2321 etlam
746 2257 953 2342 Dialogorum
973 2262 1112 2340 quatuor
1128 2256 1213 2333 fecit,
1229 2256 1262 2319 in
1278 2258 1393 2343 quibus
1405 2276 1446 2344 77

293 2347 409 2425 rogatu
432 2339 522 2405 Petri
544 2342 671 2407 diaconi
692 2342 750 2420 sui,
774 2342 910 2407 virtutes
932 2348 1116 2405 sanctorum
1138 2363 1217 2427 qnos
1240 2342 1273 2405 in
1297 2342 1394 2408 Italia

294 2425 443 2490 clariores
465 2449 558 2491 nosse
587 2422 635 2493 vel
666 2428 777 2493 audire
814 2433 951 2512 poterat,
980 2428 1023 2491 ad
1059 2428 1237 2512 exemplum
1267 2428 1393 2492 vivendi

293 2512 430 2598 posteris
459 2512 606 2600 collegit:
645 2521 683 2579 ut
711 2513 796 2578 sicut
824 2512 857 2576 in
885 2512 975 2576 libris
1004 2512 1238 2598 expositionum
1264 2535 1394 2579 suarum

293 2598 409 2684 quibus
423 2599 467 2664 sit
481 2600 654 2665 virtutibus
665 2601 886 2676 insudandum,
900 2599 1037 2676 edocuit,
1050 2599 1097 2663 ita
1112 2599 1210 2664 etiam
1225 2600 1394 2700 descriptis

293 2692 479 2750 sanctorum
507 2687 677 2765 miraculis,
707 2707 778 2771 quae
808 2683 963 2749 virtutum
992 2685 1164 2748 earundem
1191 2685 1234 2749 sit
1264 2686 1419 2761 clamtas5

293 2772 486 2836 ostenderet.
532 2773 675 2836 Primam
689 2793 815 2858 quoque
830 2780 863 2835 et
878 2771 1022 2835 ultimam
1038 2769 1213 2834 Ezechielis
1229 2773 1394 2856 prophetae

294 2863 429 2941 partem,
459 2880 530 2942 quae
559 2856 750 2922 videbantur
778 2855 985 2933 obscuriores,
1017 2877 1075 2941 per
1106 2855 1251 2920 homilias
1281 2857 1395 2943 viginti

294 2947 328 3004 et
343 2941 432 3019 duas,
448 2949 604 3027 quantum
617 2943 697 3007 lucis
711 2941 798 3006 intus
813 2943 953 3006 habeant
968 2941 1207 3006 demonstravit.
1246 2942 1394 3028 Excepto

293 3025 398 3090 libello
424 3027 686 3112 Responsionum,
710 3049 805 3113 quem
833 3028 876 3092 ad
905 3026 1172 3112 interrogationes
1197 3028 1301 3092 sancti
1326 3029 1395 3091 Au·

292 3111 413 3196 gustini
428 3111 522 3196 primi
538 3113 716 3198 Anglorum
736 3112 842 3199 gentis
864 3113 1004 3198 episcopi
1027 3112 1165 3198 scripsit,
1182 3119 1219 3178 nt
1241 3119 1274 3176 et
1296 3135 1394 3212 supra

293 3196 467 3275 docuimus,
491 3205 598 3263 totum
629 3198 733 3284 ipsum
763 3199 903 3262 libellum
936 3198 986 3262 his
1017 3197 1192 3262 inserentes
1228 3198 1391 3273 historus3

291 3282 397 3346 libello
412 3306 538 3370 quoque
559 3283 720 3369 synodico,
741 3306 835 3369 quem
858 3298 951 3348 Pcum
973 3283 1129 3370 episcopis
1153 3284 1256 3348 Italiae
1278 3285 1318 3348 de
1339 3307 1393 3349 ne-
1405 3310 1437 3345 ιο

294 3463 310 3492 n
322 3453 349 3499 in
357 3455 401 3500 illa
413 3452 443 3501 V.
508 3463 523 3494 0
535 3454 660 3502 Homilim
671 3454 733 3501 V.G.
798 3464 895 3516 equas
906 3453 1021 3516 episeopis
1033 3453 1085 3500 MS.
1100 3453 1175 3508 Mori,
1187 3452 1330 3515 coepiscopis
1341 3452 1393 3500 alii.

293 3614 358 3713 ii>
366 3606 463 3726 ⁹33⁸?
481 3599 868 3726 itit¹tltttfftlttt
882 3598 1395 3726 scaturescentes

293 3729 375 3793 tychio
387 3681 512 3777 artumqsit
521 3737 636 3777 narratur
646 3728 672 3776 ia
686 3729 774 3777 Moral.
785 3729 834 3776 xiv.
846 3727 886 3790 56.
918 3729 1051 3790 Scripserst
1066 3727 1154 3776 librum
1170 3729 1200 3776 de
1217 3727 1393 3776 resurrectione

293 3808 364 3855 quern
376 3794 508 3856 Gregorius
518 3807 601 3841 coram
613 3793 760 3854 imperatore
772 3793 873 3841 Tiberio
885 3793 1009 3848 refutavit,
1021 3793 1083 3840 sicut
1098 3795 1133 3841 ait
1148 3793 1214 3840 Beda
1231 3793 1257 3838 in
1270 3791 1393 3841 Chronico

293 3859 324 3905 ad
335 3859 368 3906 A.
378 3857 410 3906 D.
422 3859 478 3920 585.
511 3859 588 3905 Porro
605 3858 669 3904 idem
681 3856 817 3920 Eutychiae
834 3872 889 3904 rum
906 3858 1061 3905 lastinianus
1072 3858 1161 3920 dogma
1173 3856 1275 3918 protulit
1285 3857 1389 3904 Phanta-

293 3923 432 3982 siastarnm,
443 3924 494 3971 sive
506 3937 589 3970 eornm
601 3923 642 3983 qni
655 3922 796 3970 asserebant
812 3921 903 3969 Christi
920 3937 1007 3984 corpus
1022 3923 1144 3984 connmpi
1163 3937 1211 3968 non
1228 3935 1307 3982 posse,
1320 3923 1350 3970 ab
1362 3936 1392 3968 eo

293 3987 318 4034 in
331 3987 432 4034 exilium
444 3995 513 4035 actus
523 3995 577 4034 erat
587 3987 645 4047 quia
655 3985 714 4034 huic
724 3986 836 4047 opinioni
847 3987 1027 4046 adversabatur,
1040 3987 1068 4034 Α.
1081 3987 1113 4034 D.
1127 3985 1181 4048 565.
1211 3986 1324 4034 Fortasse
1334 3985 1392 4034 inde

292 4051 391 4114 longius
402 4051 428 4098 in
439 4051 543 4099 alteram
554 4057 691 4098 extremum
702 4050 770 4098 abiit.
790 4051 862 4098 Conf.
874 4050 984 4112 Theoph.
993 4051 1044 4099 ind.
1056 4065 1093 4111 13.
1107 4052 1195 4112 Evagr.
1207 4051 1273 4098 Hist.
1285 4051 1348 4098 Eccl.
1357 4050 1390 4098 iv.

291 4117 331 4176 38.
344 4130 384 4180 39.
403 4115 504 4176 Niceph.
519 4115 550 4162 ll.
561 4116 590 4162 Ε.
603 4115 661 4162 xvii.
674 4129 713 4177 29.
735 4115 818 4162 Mansi
830 4114 924 4162 Concil.
936 4115 970 4163 ix.
982 4130 1005 4178 p.
1019 4114 1074 4178 765.
1095 4115 1209 4176 Deniqm
1220 4114 1308 4162 Sarius
1319 4115 1392 4162 babet

292 4180 375 4227 Vitam
387 4179 502 4242 Eutychii
515 4182 568 4227 Act
581 4181 663 4227 Sanct
675 4179 751 4241 April.
763 4180 787 4228 d.
800 4178 822 4228 6.

325 4254 366 4304 45.
371 4239 492 4306 juvante]
507 4244 568 4292 Vide
580 4244 727 4292 Chronicon.
740 4243 774 4292 N.
784 4243 856 4307 4536.
873 4245 898 4292 S.

326 4319 347 4368 7.
361 4307 485 4370 Excepto]
500 4308 571 4355 Conf.
584 4323 649 4367 supr.
662 4307 720 4356 adi.
732 4321 803 4356 mn.

323 4385 347 4433 9.
359 4372 437 4420 iiheiu
444 4373 569 4434 synodico]
586 4373 624 4419 nd
636 4373 743 4434 reliquos
755 4372 905 4432 patriarchas
921 4386 965 4432 pro
983 4387 1050 4420 more
1062 4371 1171 4421 ecclesias
1182 4371 1281 4432 scripto.
1318 4374 1391 4420 Hunc

290 4435 399 4483 libellum
411 4435 467 4483 vide
478 4437 542 4498 apud
554 4436 581 4483 J.
593 4437 697 4484 Diaron.
709 4437 735 4483 in
748 4436 805 4484 Vita
817 4436 890 4497 Greg.
900 4436 944 4484 lib.
956 4436 981 4484 ii.
996 4445 1054 4485 sect.
1067 4451 1087 4498 3.
1124 4437 1198 4485 Plura
1211 4436 1331 4496 ejusmodi
1346 4451 1390 4484 ex·

289 4500 371 4562 ampla
382 4500 413 4549 ab
424 4499 480 4549 aliis
491 4501 654 4562 pontificibus,
664 4501 737 4549 habes
745 4502 770 4548 iu
782 4500 856 4549 Libro
870 4501 956 4548 Diurn.
971 4501 1041 4549 Rom.
1053 4510 1121 4564 pont.
1134 4517 1157 4564 p.
1168 4499 1209 4560 26,
1221 4504 1266 4551 &a
1276 4504 1301 4550 S.
1325 4503 1388 4564 Syn-
