3100 5125
495 357 660 425 nnnrts
683 359 955 426 ANGLORUM.
1209 366 1273 429 285

174 508 366 585 adolescens,
381 507 508 573 nomine
528 510 654 595 Biscop,
670 518 882 597 cognomento
903 512 1103 592 Benedictus,
1124 516 1164 578 de
1185 513 1275 579 nobi·
1285 533 1430 581 Benedictus

175 593 460 693 libus-itnglorum,
482 595 613 681 cupiens
630 604 664 661 et
684 596 752 681 ipse
774 598 911 663 Romam
928 599 1051 663 venire:
1075 600 1165 683 cujus
1179 622 1276 685 supra
1288 598 1381 660 3³⁵⁰⁰n

176 700 384 744 memmimus.

221 765 329 849 Hujus
348 787 424 851 ergo
442 766 607 831 comitatui
629 789 686 831 rex
707 768 840 833 sociavit
856 768 1035 845 vilfridum,
1052 777 1168 854 rutque
1190 770 1276 833 illum
1288 781 1436 846 [A.n.653.]

137 872 287 927 essecum
300 852 436 915 Romam
455 853 652 937 perduceret,
665 853 770 937 jussit.
815 853 877 934 Qui
899 876 971 919 oum
995 854 1186 955 Lugdunum
1207 878 1277 941 per-
1287 872 1402 933 Lugduni

177 937 346 1013 venissent,
370 937 487 1001 vilfrid
513 960 535 1003 a
561 938 688 1004 Dnlfino
713 938 852 1003 civitatis
876 940 1026 1025 episcopo
1047 940 1091 1005 tbi
1116 947 1277 1007 ⁵retentus
1287 944 1403 985 retentus.

177 1029 237 1098 est,
265 1021 456 1087 Benedictus
482 1031 624 1108 ooeptum
648 1023 726 1088 titer
755 1024 880 1091 naviter
906 1026 1041 1091 Romam
1069 1048 1169 1111 nsque
1195 1049 1278 1093 com·

177 1107 286 1192 plevit
330 1107 564 1173 Delectabatur
584 1110 670 1174 enim
690 1110 828 1174 antistes
849 1111 1020 1196 prudentia
1041 1114 1209 1176 verborum
1228 1114 1278 1198 ju-

176 1193 275 1269 venis,
290 1193 396 1278 gratia
409 1194 532 1259 venusti
548 1195 663 1273 vultus,
681 1194 850 1261 alacritate
871 1196 1017 1274 actionis,
1040 1204 1074 1261 et
1095 1198 1279 1263 constantia

176 1300 217 1342 ac
231 1278 421 1344 maturitate
435 1280 655 1365 cogitationis:
681 1282 764 1345 unde
779 1288 813 1345 et
827 1283 933 1347 omnia
948 1304 1018 1367 quae
1033 1304 1160 1347 necessa
1182 1284 1277 1349 babe-

177 1365 246 1443 bat,
266 1365 468 1430 abundanter
487 1365 548 1451 ipsi
570 1390 644 1431 cum
665 1366 758 1431 sociis
780 1367 854 1443 suis,
895 1367 1023 1433 uamdin
1045 1390 1151 1433 senum
1173 1376 1275 1446 orant,

135 1472 170 1519 ³0
178 1450 340 1515 donabat:
364 1458 398 1514 et
417 1450 545 1536 insuper
566 1453 730 1529 offerebat,
746 1460 784 1524 ut
801 1454 828 1517 si
843 1390 946 1531 vellen,
962 1460 1088 1537 partem
1103 1454 1277 1519 Galliarum

177 1557 243 1599 nou
263 1536 426 1601 minimam
447 1538 491 1601 illi
512 1539 685 1623 regendam
698 1538 921 1617 committeret,
937 1562 976 1605 ac
991 1539 1089 1603 filiam
1102 1540 1211 1606 fratris
1229 1540 1278 1604 sui

177 1621 331 1707 virginem
344 1622 389 1685 illi
403 1623 570 1709 conjugem
584 1625 686 1700 daret,
701 1646 836 1708 eumque
850 1624 920 1708 ipso
933 1625 1002 1689 loco
1019 1625 1161 1709 adoptivi
1178 1639 1278 1691 usem·

177 1728 237 1791 per
257 1707 401 1772 baberet.
444 1709 494 1773 At
515 1709 566 1773 ille
587 1709 711 1795 gratias
732 1732 831 1809 agens
851 1709 966 1794 pietati
981 1732 1077 1794 quam
1098 1733 1174 1796 erga
1195 1733 1277 1789 eum,

178 1814 251 1857 oum
272 1800 357 1857 esset
378 1794 572 1879 peregrinus,
592 1796 711 1860 habere
733 1796 928 1880 dignaretur,
950 1796 1114 1880 rospondit
1136 1797 1276 1881 proposi-

178 1886 250 1943 tum
264 1900 299 1943 se
312 1878 415 1964 magis
428 1880 559 1945 alterius
573 1880 820 1945 conversationis
834 1881 1071 1965 haberentque
1085 1882 1157 1946 ideo
1171 1882 1278 1966 patria

179 1964 291 2029 relicta
306 1964 442 2028 Romam
456 1964 518 2029 iter
532 1988 628 2052 agere
642 1966 789 2051 coepisse.

139 2068 170 2120 ss
225 2050 348 2130 Quibus
369 2050 497 2126 auditis,
513 2052 649 2115 antistes
670 2050 759 2116 misit
782 2072 853 2115 eum
874 2050 1017 2128 Romam,
1034 2052 1110 2117 dato
1125 2053 1204 2116 duce
1227 2051 1277 2116 iti·
1290 2067 1438 2129 [amosa]

179 2135 273 2211 neris,
288 2143 323 2199 et
338 2136 461 2199 cunctis
475 2136 568 2199 simul
583 2159 653 2222 quae
674 2137 846 2201 necessitas
863 2138 1016 2221 poscebat
1037 2135 1168 2216 itineris,
1183 2138 1277 2223 largi-
1287 2132 1362 2181 Venit
1372 2133 1421 2181 Βο-

52 2280 59 2286 .
179 2227 232 2285 ter
245 2220 513 2296 subministratis3
539 2224 729 2287 ¹obseorans
743 2223 862 2300 sedulo,
878 2228 916 2286 ut
930 2243 1002 2285 cum
1023 2223 1161 2307 patriam
1175 2212 1361 2288 rever·mm

179 2313 312 2382 teretur,
324 2327 382 2392 per
395 2328 430 2370 se
443 2308 508 2371 iter
516 2308 621 2373 facere
634 2307 838 2371 meminisset.
870 2306 1011 2371 Veniens
1026 2322 1121 2373 tuero
1133 2310 1277 2386 Romam,

179 2398 214 2456 et
229 2392 426 2457 orationibus
439 2416 478 2457 aa
492 2393 692 2458 meditationi
714 2415 821 2456 rerum
836 2392 1127 2470 ecclesiasticarum,
1144 2401 1182 2457 ut
1196 2394 1278 2458 'ani-

179 2499 233 2542 mo
246 2486 464 2564 proposuerat,
480 2478 666 2564 quotidiana
683 2478 885 2564 mancipatus
900 2478 1063 2555 instantia,
1079 2480 1279 2565 pervenitad

140 2564 355 2630 40amicitiam
375 2565 433 2628 viri
460 2565 634 2630 doctissimi
655 2587 699 2637 ,ao
728 2565 928 2642 sanctissimi,
956 2565 1112 2630 Boniiacii
1134 2565 1279 2630 videlicet
1292 2580 1441 2630 muninus.

179 2650 402 2727 archidiaconi,
433 2651 486 2734 qui
515 2651 614 2716 etiam
642 2648 838 2714 consiliarius
866 2657 938 2715 erat
966 2651 1131 2734 apostolici
1163 2674 1205 2737 pa
1226 2674 1276 2726 ως

179 2736 269 2819 cnjus
283 2735 465 2821 magisterio
481 2745 618 2821 quatuor
633 2737 878 2821 Evangeliorum
900 2736 997 2799 libros
1018 2757 1058 2800 ex
1076 2736 1186 2800 ordine
1201 2675 1279 2800 lidi-

180 2821 234 2897 oit,
258 2830 443 2906 computum
468 2823 594 2907 paschae
618 2821 852 2898 rationabilem,
879 2820 998 2885 atalia
1023 2822 1125 2886 multa
1149 2844 1222 2906 quae
1246 2822 1279 2886 in

180 2906 287 2990 patria
307 2907 493 2992 nequiverat
516 2907 739 2971 ecclesiasticis
754 2907 925 2992 disciplinis
940 2908 1153 2985 accommoda,
1169 2909 1280 2972 eodem

181 2993 336 3077 magistro
346 2994 496 3057 tradente
511 2993 672 3078 percepit;
696 3000 820 3058 etcum
834 3014 959 3055 menses
969 2992 1092 3076 aliquot
1106 2991 1150 3056 ibi
1166 2993 1294 3057 studiis·

181 3085 354 3162 occupatus
375 3078 519 3142 felicibus
540 3079 707 3163 exegisset,
729 3078 827 3142 rediit
846 3079 888 3143 ad
904 3078 1066 3142 Dalfinum
1085 3077 1118 3142 in
1134 3077 1278 3154 Galliam,
1293 3089 1439 3154 [A.[).655.]

140 3169 217 3231 teet
230 3171 315 3227 ²tres
333 3185 433 3228 annos
455 3165 541 3248 apud
561 3185 633 3228 eum
655 3171 879 3240 commoratus,
895 3170 1043 3228 attonsus
1057 3171 1107 3230 est
1126 3164 1169 3228 ab
1183 3185 1230 3238 eo,
1247 3171 1280 3228 et

182 3247 215 3312 in
239 3255 332 3313 tauto
354 3249 485 3315 habitus
507 3272 625 3326 amore,
642 3256 679 3314 ut
697 3250 847 3313 heredem
870 3248 929 3314 sibi
951 3248 1038 3312 illum
1059 3249 1162 3314 lacere
1177 3249 1279 3334 bcogi-

107 3332 172 3395 206
182 3340 293 3398 tasset.
339 3335 403 3399 Sed
420 3357 461 3399 ne
478 3335 539 3401 hoc
561 3335 630 3398 fieri
652 3343 769 3418 posset,
785 3334 920 3400 antistes
935 3334 1054 3398 crudeli
1076 3341 1180 3398 morte
1201 3356 1439 3420 prae-[noan]

180 3426 290 3506 neptus
305 3428 364 3500 est,
380 3428 414 3485 et
430 3420 548 3484 Vilfrid
563 3421 607 3484 ad
621 3441 686 3484 suae
700 3420 817 3506 potius,
833 3421 893 3484 hoo
908 3426 966 3496 cst,
983 3419 1162 3505 Anglorum
1175 3419 1280 3504 gentis
1291 3423 1411 3471 nunnus.

213 3608 509 3670 'atque--perdneere
520 3606 581 3654 V.G.
648 3612 768 3654 flectente
780 3605 810 3653 V.
877 3607 888 3645 t
900 3611 1005 3667 coeptnm
1014 3608 1089 3656 lintre
1097 3608 1183 3654 natali
1194 3609 1243 3656 iter
1250 3607 1280 3655 V.

181 3681 198 3712 ⁸
208 3673 318 3734 adoptivi
327 3673 427 3719 haberet
439 3671 468 3719 V.
519 3680 534 3710 ¹
546 3671 676 3718 otrannus
687 3669 718 3717 V.
775 3681 859 3718 rcere
871 3670 996 3731 Vilsridue
1007 3669 1114 3718 Bonnam
1125 3671 1155 3720 V.
1207 3681 1281 3719 tom·

181 3737 242 3785 nino
247 3743 412 3800 proponeret
422 3735 453 3783 V.
518 3744 584 3782 ‘eea
595 3735 625 3782 V.
692 3736 708 3776 b
719 3737 843 3795 cogitaret
854 3733 917 3782 V.G.

214 3912 254 3947 υ.
266 3897 432 3960 Benedictus]
449 3897 487 3946 De
498 3911 528 3944 eo
539 3896 594 3945 vide
605 3896 639 3945 ir.
651 3895 687 3944 18.
700 3902 725 3942 et
736 3894 789 3956 elus
797 3893 882 3942 Vitam
895 3893 960 3941 iufra
971 3893 1071 3942 editam.
1091 3893 1117 3944 S.

211 3975 252 4022 44.
266 3961 411 4025 Deyinnm]
427 3961 518 4010 Nullus
528 3975 636 4023 unquam
647 3961 773 4021 episcopus
785 3959 831 4006 boc
843 3957 943 4006 nomine
954 3957 1081 4008 ecclesiam
1091 3957 1280 4021 Lugdunensem

180 4029 252 4076 rexit.
287 4026 369 4088 Hujus
377 4039 460 4074 verum
473 4039 562 4073 nomen
574 4025 650 4073 fuisse
663 4023 840 4072 Aunemundus
851 4036 938 4070 omnes
949 4023 1097 4084 pradicant:
1113 4031 1138 4072 et
1145 4023 1281 4071 Ebroinum

180 4091 299 4153 maiorem
316 4091 404 4140 domus
419 4090 493 4154 regia
509 4089 582 4150 bajus
599 4089 698 4137 sceleris
714 4103 783 4136 raum
802 4087 905 4146 faciunt,
916 4087 958 4149 qui
973 4086 1018 4134 sub
1031 4086 1165 4136 Baldhildis
1183 4088 1282 4136 nomine

181 4162 353 4218 morannum
364 4155 559 4204 administrantis
573 4154 598 4202 id
614 4152 718 4215 peregit,
735 4166 784 4199 non
802 4151 881 4214 ipsam
902 4151 1061 4200 Baldhildam.
1095 4153 1160 4201 Nam
1172 4151 1283 4214 quisquis

180 4220 253 4282 liujus
264 4221 355 4282 regina
367 4226 422 4268 actu
432 4218 502 4281 legit,
513 4225 631 4279 quantmn
644 4217 674 4266 ab
686 4217 813 4265 inserenda
824 4215 944 4278 episcopis
959 4215 1006 4277 piis
1020 4216 1159 4278 sanctisque
1171 4232 1229 4266 nece
1241 4216 1283 4265 ab·

180 4284 283 4345 horrens
298 4285 371 4333 luerit
383 4283 466 4333 statim
479 4282 578 4331 videbit.
601 4281 731 4331 Mabillon.
743 4281 800 4331 Act
815 4281 876 4329 Ben.
889 4295 942 4329 soec.
954 4280 981 4328 ii.
995 4291 1049 4342 777.
1067 4281 1094 4330 S.
1127 4280 1244 4344 Quisquis
1255 4281 1281 4329 in

181 4349 274 4397 Daltini
289 4350 389 4396 nomina
405 4362 473 4397 error
489 4347 571 4408 fuerit,
581 4348 684 4395 eundem
696 4344 769 4394 babet
781 4345 883 4406 nudius,
895 4345 1072 4394 Aunemundus
1084 4345 1122 4394 vel
1134 4345 1281 4395 Auuemun·

179 4414 227 4461 dus
237 4414 364 4475 episcopus
375 4413 475 4460 fratrem
487 4411 614 4460 Daltinnm
627 4410 722 4468 habuit,
734 4410 804 4473 cnjus
821 4411 924 4459 fortasse
935 4409 1010 4458 filiam
1027 4409 1103 4474 (sicut
1113 4410 1215 4473 conjicit
1226 4411 1283 4462 Ma-

179 4477 268 4540 billon)
290 4477 469 4526 Annemundns
486 4476 593 4527 vilfrido
613 4491 714 4526 uxorem
734 4476 871 4525 ducendam
891 4475 989 4524 obtulit.
1023 4473 1107 4524 Potuit
1126 4483 1208 4525 tamen
1229 4475 1282 4540 ipse

180 4543 255 4590 etiam
269 4542 447 4592 aunemundus
458 4542 507 4589 duo
519 4541 620 4590 nomina
631 4541 727 4590 habere.
750 4537 807 4589 Vid.
818 4539 913 4589 Mabill.
927 4541 992 4588 Ann.
1004 4539 1055 4590 xiv.
1070 4554 1109 4604 ²5.
