3100 5125
470 349 635 414 GENTIS
659 351 931 416 ANGLORUM.
1212 352 1253 415 81

115 495 296 580 sopositum
310 519 425 582 corpus
442 499 510 583 ejus
524 499 619 578 lorus,
639 501 734 585 juxta
756 501 921 564 ecclesium
941 502 1109 565 beatorum
1128 507 1257 586 sposto-

156 583 259 646 lorum
274 583 364 648 Petri
379 590 414 648 et
429 584 531 661 Pauli,
544 587 634 669 cujus
649 609 745 670 supro
758 587 966 662 meminimus,
980 586 1055 671 quio
1068 609 1107 650 ea
1120 586 1257 650 necdum

155 667 262 732 fueret
275 671 425 753 perfectu,
442 691 500 732 neo
515 671 670 736 dedicate.
703 673 784 737 Mox
798 695 873 737 vero
887 679 925 737 ut
940 672 1087 736 dedicata
1100 678 1159 748 est,
1170 671 1256 735 intro

157 751 313 831 iinlutum,
330 761 363 819 et
377 755 410 817 in
424 755 550 839 porticu
565 757 646 821 illius
661 757 832 842 aquilonali
847 758 996 822 decenter
1011 758 1168 842 sepultum
1185 763 1253 820 est:

105 835 148 903 82
157 837 191 902 in
206 862 269 924 qus
283 840 382 904 etiem
396 841 595 925 sequentium
609 843 916 928 archiepiscoporum
935 843 1075 906 omnium
1092 849 1167 906 sunt
1188 864 1256 905 cor-

155 946 236 1010 poro
249 926 416 1004 tumulate,
435 933 554 1010 praetor
571 927 705 991 duorum
721 929 953 1005 tantummodo,
969 929 1003 992 id
1022 934 1081 1005 ost,
1098 927 1257 991 Theodori

155 1017 189 1074 ot
204 1011 396 1089 Beretualdi‚
413 1010 568 1096 l‘quorum
583 1035 716 1098 corporo
730 1013 762 1076 in
777 1015 848 1098 ipsu
862 1013 992 1078 ecelesia
1006 1013 1111 1097 positu
1122 1021 1206 1091 sunt,
1218 1035 1257 1076 oo

102 1105 104 1110 ’
156 1097 242 1180 quod
256 1097 410 1181 praediutu
423 1098 565 1181 porticus
579 1099 671 1198 pluro
686 1121 800 1183 cupere
814 1099 964 1182 nequivit.
1009 1099 1121 1162 Habet
1135 1100 1204 1162 haec
1224 1097 1258 1160 in

157 1182 262 1247 medio
283 1205 364 1268 pene
386 1183 443 1260 sui,
464 1183 618 1248 altarem
639 1183 772 1248 ¹honore
793 1185 881 1249 beuti
902 1207 993 1269 pupae
1009 1183 1156 1269 Gregorii
1171 1183 1258 1247 dedi·

134 1276 276 1345 scatum,
303 1269 336 1331 in
359 1290 422 1353 quo
443 1291 502 1352 per
526 1291 617 1333 omne
641 1271 819 1347 sabbatum,
842 1293 863 1334 a
884 1272 1070 1354 presbytero
1094 1268 1154 1332 loci
1175 1268 1258 1332 illius

156 1354 289 1438 ugendae
304 1375 414 1418 eorum
429 1354 611 1420 solemniter
628 1356 838 1420 celebrantur.
884 1355 1047 1440 Scriptum
1060 1375 1135 1419 vero
1153 1362 1204 1419 est
1225 1354 1259 1418 in

157 1441 271 1504 tumba
286 1440 426 1524 ejusdem
442 1441 617 1526 Augustini
631 1440 829 1526 epitaphium
843 1441 1041 1525 hujusmodi:

200 1525 264 1590 His
272 1526 428 1610 requiescit
437 1526 562 1590 mutuus
572 1528 762 1612 Augustinus
772 1527 1010 1597 Doruoeruussis
1020 1525 1260 1610 archiepiscopus

149 1610 285 1694 primur,
300 1611 354 1696 qui
374 1611 446 1676 oiim
467 1611 524 1676 tuo
546 1634 566 1676 u
587 1611 669 1677 beato
694 1613 838 1698 Gregorio
852 1614 999 1676 Mmouoe
1020 1609 1104 1675 urbis
1117 1611 1260 1695 pontifico

255 1798 381 1848 liniarum
393 1801 420 1848 iu
434 1799 464 1847 V.
532 1869 535 1876 Ι
597 1800 612 1838 l*
626 1815 732 1862 quorum
742 1801 770 1847 in
782 1799 812 1847 V.
951 1801 1088 1847 ltonorem
1099 1797 1162 1846 V.G.

157 1960 256 2016 gustum
269 1956 399 2004 reduxerit.
422 1956 488 2004 Num
500 1971 523 2003 u.
533 1953 590 2014 604.
603 1956 756 2018 Augustinus
772 1953 897 2002 ordinavit
915 1953 1038 2002 Mellitum
1055 1960 1081 2000 et
1097 1954 1198 2000 iustum
1209 1953 1260 2014 epi-

158 2033 246 2080 scopos
261 2019 288 2067 ii.
302 2034 328 2080 3.
347 2035 368 2068 s.
385 2027 472 2068 octavo
489 2021 600 2068 Phocstis
615 2020 750 2068 indictione
770 2033 798 2079 ¹3
815 2020 858 2080 qui
875 2025 914 2066 cst
929 2034 952 2065 s.
966 2017 1024 2074 610,
1043 2017 1156 2065 Mellitus
1172 2018 1262 2066 detulit

157 2083 242 2131 literar
253 2083 334 2132 Romu
345 2099 360 2130 s
372 2100 434 2146 psps
443 2084 572 2132 Bonifucio
582 2085 612 2132 sd
624 2085 832 2145 archiepiscopum
842 2083 1009 2130 Laurentium.
1032 2082 1102 2129 lutra
1111 2082 1177 2129 huuc
1186 2082 1262 2143 igitur

159 2146 291 2196 terminum
302 2163 400 2197 necesse
411 2154 449 2196 est
459 2149 535 2196 fuisse
546 2164 636 2196 sunum
649 2163 698 2208 quo
711 2148 865 2210 Augustinus
875 2146 948 2195 vivus
962 2154 988 2194 et
1004 2154 1115 2194 mortuus
1125 2154 1170 2194 est.
1205 2146 1261 2193 Mn·

158 2211 284 2264 billonius.
297 2227 311 2260 e
323 2212 427 2260 'l'slrells
438 2213 555 2260 Cuutuur.
567 2213 638 2260 Mon.
650 2215 715 2274 Aug.
728 2213 745 2259 i.
757 2228 781 2274 p.
790 2225 831 2270 24,
842 2212 948 2260 calculat
958 2212 989 2258 ud
1000 2211 1087 2270 s.607.
1113 2211 1215 2258 Addens
1227 2210 1262 2257 le-

160 2277 265 2338 gendnm
277 2276 412 2335 lunensem,
424 2293 473 2340 qus
489 2277 532 2325 ills
548 2277 650 2326 ecclesis
667 2277 697 2324 uh
712 2277 851 2338 Augustino
864 2277 966 2322 fundato
976 2275 1082 2322 traditur
1092 2291 1114 2322 e.
1124 2273 1180 2337 607.
1214 2275 1261 2322 Sed

160 2342 206 2389 boc
223 2342 284 2388 adeo
301 2342 438 2390 fabulosum
456 2349 563 2402 uppuret,
580 2349 608 2390 ut
624 2343 697 2390 etium
716 2340 878 2390 Cuntuurcusi
896 2340 1023 2388 traditioni
1039 2338 1155 2400 injurium
1175 2340 1260 2387 locist.

161 2405 326 2468 chronologis
335 2421 392 2454 vero
400 2407 506 2455 coeuobii
520 2421 539 2454 s.
550 2406 690 2468 Augustini,
697 2421 750 2468 quae
762 2406 826 2466 opud
837 2421 853 2452 x
865 2405 996 2466 scriptores
1004 2404 1131 2464 subjicitur
1140 2404 1262 2452 Chronico

162 2471 193 2517 G.
202 2470 287 2518 'l'hom
300 2471 352 2518 sine
364 2471 464 2518 nornine
475 2471 591 2528 susurris,
604 2472 646 2518 sed
656 2485 710 2532 quae
721 2486 752 2518 ex
763 2470 894 2518 collatione
906 2476 1007 2530 sppsret
1016 2468 1127 2516 habuisse
1137 2476 1261 2516 auctorem

161 2533 194 2583 T.
207 2535 349 2593 Helmbuur,
361 2535 382 2583 si
394 2537 467 2585 modo
478 2535 531 2597 ejus
542 2536 616 2584 suerit
627 2535 683 2584 MS.
694 2535 765 2583 AT.
776 2536 804 2584 C.
829 2535 877 2583 Illa
887 2535 987 2596 inquom
999 2533 1157 2594 chronologis
1166 2532 1264 2581 exbibet

162 2600 256 2650 obitum
275 2600 386 2661 Gregorii
404 2607 431 2648 et
446 2600 576 2662 Augustini
595 2602 680 2648 eodem
698 2614 773 2656 suno,
789 2600 856 2647 illius
873 2600 971 2661 quidem
989 2610 1007 2656 4
1026 2598 1081 2645 idus
1098 2598 1185 2645 Martii
1202 2598 1264 2645 ferio

163 2672 241 2721 sextu,
253 2664 325 2726 hujus
336 2679 394 2713 vero
411 2666 486 2727 pksl.
500 2665 569 2723 lunii
587 2665 648 2713 ieris
664 2672 758 2727 qunrts,
775 2679 855 2712 onnus
871 2672 952 2711 nutem
970 2670 1007 2709 est
1023 2662 1079 2723 605.
1113 2662 1263 2709 thrtonus

162 2730 224 2777 duos
241 2729 392 2777 characteres
409 2730 501 2789 profert
517 2744 561 2790 pro
578 2745 599 2777 u.
617 2727 673 2790 604,
691 2730 734 2777 sed
746 2744 820 2786 nnus,
837 2742 924 2789 nempe
940 2727 982 2774 ille
997 2728 1027 2774 de
1045 2726 1174 2787 Gregorio,
1190 2740 1263 2786 quem
1365 2755 1368 2759 -

162 2793 314 2842 thrtouus
330 2794 492 2842 certissimum
509 2794 572 2853 vult,
589 2800 628 2842 est
647 2796 738 2843 directe
757 2800 845 2841 contro
860 2793 952 2840 Bcdum
969 2792 1010 2851 qni
1027 2790 1139 2851 Gregorii
1159 2798 1262 2837 mortem

163 2858 235 2919 ponit
245 2874 267 2904 a.
276 2856 322 2919 605
331 2875 339 2914 ς
357 2859 418 2907 ulter
429 2864 467 2907 ert
477 2874 508 2906 ex
519 2873 600 2906 errore
611 2858 698 2906 sulculi
708 2859 733 2905 iu
746 2856 869 2905 Chronico
879 2857 909 2903 G.
918 2856 1022 2911 Thorni,
1035 2870 1052 2902 x
1063 2856 1151 2915 Script.
1161 2870 1184 2915 p.
1193 2854 1264 2915 1765,

163 2920 206 2969 ubi
219 2922 349 2984 Augustini
361 2923 455 2970 obitum
468 2922 537 2985 pouit
548 2923 609 2971 ferio
621 2923 701 2984 tertis,
712 2922 770 2971 licet
781 2920 937 2982 chronologis
948 2920 1088 2981 supradicta
1099 2934 1169 2980 equs
1177 2919 1264 2967 ‘l'born

164 2993 305 3047 compotum
318 3002 389 3035 suum
401 2987 493 3047 habuit,
503 2988 567 3035 clare
578 2987 676 3035 exhibet
687 2986 772 3035 serium
781 2993 904 3047 quartum,
914 2992 964 3032 tum
977 2985 1003 3032 in
1015 2984 1123 3032 editione
1133 3000 1151 3031 x
1161 2984 1264 3043 scripto-

164 3066 230 3110 rum,
243 3067 266 3112 p.
276 3064 348 3114 2229,
361 3067 433 3113 quum
445 3052 470 3101 in
484 3052 538 3100 MS.
551 3051 620 3099 AT.
630 3053 657 3099 C.
682 3051 809 3100 Conclndo
820 3050 895 3112 igitur
903 3048 1067 3111 Augustiuum
1076 3047 1166 3096 obiisse
1175 3045 1264 3107 ὡς,

166 3125 180 3177 7
193 3114 242 3163 hul.
255 3116 326 3164 Juuii
338 3117 399 3164 feris
409 3126 502 3177 quartu.
521 3117 546 3165 S.
581 3116 641 3168 Dies
654 3115 685 3164 2⁶
697 3116 757 3164 Mai.
770 3115 822 3163 sive
835 3125 847 3177 7
859 3114 910 3162 ksl.
921 3116 979 3161 Juu.
992 3115 1022 3160 A.
1032 3114 1065 3161 D.
1075 3112 1133 3173 605,
1145 3112 1193 3159 fuit
1205 3112 1266 3158 serio

164 3186 260 3241 quartu.
281 3181 329 3229 Sed
337 3181 436 3229 traditio
447 3182 554 3231 ecclesite
565 3180 709 3243 Anglicsnae
721 3181 794 3228 Bedae
805 3178 948 3227 memorium
960 3178 1105 3225 seneritsd
1116 3176 1177 3223 Mai.
1191 3176 1214 3223 d.
1225 3185 1265 3237 27.

166 3244 206 3293 De
216 3244 285 3292 obitu
297 3246 428 3307 Augustini
441 3247 518 3294 multu
529 3245 638 3306 disputat
648 3246 743 3293 Cenon.
756 3244 875 3293 Lichield.
887 3244 913 3291 in
925 3242 1002 3303 Angl.
1013 3243 1080 3290 Secr.
1092 3242 1109 3289 i.
1119 3255 1142 3302 p.
1150 3241 1192 3303 89.

197 3320 239 3369 31.
251 3310 378 3373 dedicata]
390 3310 423 3357 A.
432 3322 530 3359 nexili.
542 3310 567 3357 S.
590 3310 684 3365 thorn,
696 3324 719 3371 p.
734 3308 803 3370 1767.

100 3381 115 3405 ‘⁶
198 3386 239 3433 32·
248 3374 380 3436 sepultum]
395 3376 487 3423 Eodem
500 3388 573 3421 suno.
591 3376 616 3421 S.
638 3374 732 3433 Thoen,
744 3374 803 3421 ibid.
1114 3429 1116 3431 ¹

198 3452 222 3497 3·
231 3440 355 3551 poprium]
368 3440 427 3488 Huc
438 3439 547 3501 porticus
562 3445 616 3487 erut
631 3438 658 3485 iu
669 3439 743 3487 veteri
754 3437 858 3487 ecclesie
867 3437 909 3485 nbi
919 3450 985 3485 nunc
1001 3441 1040 3483 ost
1055 3433 1150 3497 capelle
1169 3435 1195 3482 B.
1209 3434 1265 3482 Vir·

183 3500 239 3549 ⁰uis.
276 3504 344 3552 horn.
357 3506 380 3553 S.

166 3517 191 3565 ς’
199 3579 223 3625 4,
235 3570 263 3615 iu
273 3570 373 3630 tooure]
391 3568 478 3615 Forma
489 3568 540 3617 baec
550 3575 588 3616 cst
599 3584 613 3615 s
624 3567 784 3629 scriptoribus
794 3566 869 3614 medii
880 3564 925 3612 teri
935 3564 1039 3611 multum
1052 3564 1153 3623 usitato,
1163 3563 1265 3612 minime

167 3630 193 3679 in
202 3634 318 3680 bonorem
327 3633 461 3689 mutandus
473 3634 537 3681 conf.
547 3633 572 3679 iu
582 3632 659 3693 Epist.
670 3633 742 3695 Greg.
755 3634 783 3679 iu
794 3631 904 3693 obsequio
915 3631 1074 3686 commutari,
1081 3637 1107 3677 et
1114 3632 1142 3676 irs
1151 3644 1193 3676 esu
1201 3630 1266 3675 orci·

168 3697 241 3755 dont,
253 3712 327 3759 supra
337 3699 353 3745 i.
363 3712 411 3758 302
431 3704 456 3744 et
467 3698 493 3744 iu
504 3698 637 3759 epitaphio,
650 3699 718 3745 uerit
728 3700 755 3745 in
766 3712 826 3743 urse
832 3696 892 3757 poli,
903 3693 969 3741 infra
979 3710 1003 3740 v.
1014 3703 1042 3755 72
1060 3700 1112 3741 turn
1124 3693 1176 3755 ipse
1188 3693 1266 3749 Beda,

168 3761 196 3807 iu
207 3776 307 3825 eorpow
317 3766 456 3819 restitutus,
468 3762 513 3809 inf.
525 3762 559 3810 iii.
570 3776 611 3825 19:
623 3764 649 3809 iu
663 3764 753 3809 tooure
764 3761 897 3815 dedicavit,
909 3758 944 3805 iii.
954 3771 998 3820 25:
1010 3762 1110 3807 emim
1119 3760 1147 3810 io
1158 3759 1267 3817 civitate,

169 3826 202 3873 lv.
215 3839 229 3873 n
241 3845 247 3873 ι
266 3829 293 3873 in
305 3828 393 3875 Rheno
401 3823 569 3889 prsp'eceruut,
580 3841 604 3873 r.
617 3840 660 3875 ro:
676 3826 813 3887 cujusmodi
824 3824 903 3872 multu
914 3822 963 3871 slis
974 3823 1032 3871 olibi
1044 3822 1191 3870 invenienda
1200 3829 1265 3869 suut.

203 3902 226 3952 5.
238 3891 353 3951 agenda]
368 3892 409 3939 Sin
423 3897 448 3938 et
464 3891 490 3938 in
505 3889 610 3939 canutio
621 3888 820 3938 cloveshoviensi
831 3904 854 3936 s.
865 3897 921 3950 747.
954 3887 1063 3949 Septimo
1074 3888 1166 3935 decim
1177 3888 1267 3933 consti·

170 3962 254 4005 rutum
266 3962 302 4003 est
307 3962 432 4017 precepto
443 3962 473 4002 ut
484 3956 535 4003 dier
545 3957 678 4003 numitius
688 3956 753 4002 beuti
764 3968 840 4015 pope
853 3952 979 4011 Gregorii,
991 3958 1016 3999 et
1029 3954 1080 3999 dier
1091 3964 1186 4013 quoque
1196 3951 1267 4011 depo·

169 4020 275 4077 sitiretis,
287 4022 331 4081 qui
344 4028 380 4067 est
393 4030 406 4082 7
421 4022 469 4067 isal.
481 4019 566 4076 Juuti,
578 4034 597 4065 s.
610 4020 748 4080 Augustini
762 4020 872 4079 archiep.
884 4023 960 4077 arque
974 4016 1127 4077 confessoris,
1138 4017 1182 4076 qui
1196 4015 1269 4074 genti

169 4087 313 4145 Aoglorum
324 4087 412 4133 missin
421 4099 439 4131 u
448 4083 557 4145 prefato
564 4098 633 4146 popu
644 4090 668 4131 et
680 4090 754 4145 putre
764 4088 847 4129 nostro
862 4081 983 4140 Gregorio
993 4081 1121 4127 rumetum
1125 4079 1198 4139 fidei,
1211 4080 1270 4141 bap-

170 4151 238 4197 tismi
244 4156 439 4207 sacamentum,
449 4155 474 4195 rt
484 4150 585 4197 caustis
591 4150 684 4210 putriae
692 4148 808 4195 notitiem
814 4147 914 4207 primus
921 4144 1024 4199 adtulit,
1033 4146 1065 4191 ab
1075 4144 1196 4202 omuibus,
1204 4145 1270 4190 siem

170 4214 248 4272 decet,
259 4214 392 4277 tortorp‘fice
402 4219 572 4261 renuuntur:
584 4215 622 4259 ita
632 4219 662 4260 ut
672 4219 776 4275 uterque
787 4211 839 4257 dies
848 4210 881 4256 ub
891 4210 1061 4256 ecclesiasticis
1072 4215 1096 4255 et
1106 4209 1271 4255 monasterie.

171 4278 235 4327 iiius
245 4278 359 4339 sericatus
375 4279 505 4335 tutentur,
517 4290 653 4339 nomenque
669 4272 776 4339 peredeus
794 4275 859 4321 beuti
870 4276 954 4335 putris
968 4279 992 4320 et
1007 4273 1112 4320 doctoris
1125 4275 1204 4319 nostri
1214 4272 1269 4319 Au·

169 4344 268 4403 guetino?
284 4344 311 4389 iu
328 4344 434 4389 terente
449 4343 699 4403 decantationem
714 4355 735 4388 r.
751 4340 868 4399 Gregorii
884 4339 1036 4385 mentium
1052 4352 1148 4399 rernper
1161 4338 1269 4383 dicabo.

171 4406 263 4467 Spelm.
276 4407 352 4455 conc.
363 4407 395 4454 T.
407 4407 423 4455 i.
436 4421 458 4467 p.
471 4417 525 4467 250.
540 4406 566 4453 S.
589 4406 706 4467 Agenda,
718 4404 828 4468 fficium
839 4404 968 4450 diuinum:
984 4402 1117 4462 aliquunde
1129 4401 1271 4449 neutruliter

171 4472 286 4531 positum,
297 4477 325 4518 ut
335 4471 368 4520 sit
378 4470 430 4537 (τὰ)
442 4471 549 4531 Agenda
560 4469 690 4519 missurum
703 4476 746 4517 sut
756 4475 918 4526 mortuorum,
930 4467 978 4529 vel,
989 4475 1018 4515 ut
1028 4467 1077 4525 hic,
1088 4466 1207 4528 Agenda.
1229 4465 1271 4513 Du

171 4538 256 4597 Cuuge
266 4537 293 4582 in
306 4550 327 4583 r.

216 4623 312 4663 BAEDA.
710 4620 735 4659 M
