3100 5125
283 277 325 345 ic
611 276 848 342 nrsroann
871 276 1048 343 noctus.
1390 277 1415 339 1.
1436 294 1465 357 7.

279 435 459 507 nocentum,
471 428 610 492 caedibus
624 434 802 513 martyrum
816 426 1044 493 incessabiliter
1057 434 1132 493 acta
1147 434 1205 492 est.
1237 428 1383 513 Denique

280 514 378 578 etiam
389 513 584 578 Brittaniam
597 521 668 579 tum
678 512 828 598 fplurima
843 511 1046 577 confessionis
1058 513 1128 577 Deo
1143 514 1265 579 devotae
1280 514 1382 599 gloria
1392 546 1424 580 ιο
1512 594 1517 603 Ι

280 599 469 664 sumeavit.

721 700 829 765 cAP.
858 700 939 763 VII.

350 806 449 862 Passio
463 806 551 861 sancti
564 805 666 861 Albani
678 812 705 860 et
718 807 851 861 sociorum
865 804 932 877 ej'ua
948 806 994 879 qui
1008 805 1117 863 §eodem
1132 812 1251 880 tempore
1258 825 1312 881 pro

478 903 493 929 ν
612 886 730 941 Domino
742 886 898 959 sanquinem
903 886 1048 958 fuderunt.

326 981 479 1050 Smcmnn
493 979 527 1043 in
541 1002 580 1043 ea
594 1001 706 1064 passus
720 986 771 1043 est
783 986 912 1044 sanctus
923 980 1078 1057 Albanus,
1091 981 1130 1045 de
1142 1002 1205 1064 qno
1215 982 1382 1066 presbyter

283 1066 482 1133 Fortunatus
497 1066 531 1128 in
547 1066 656 1129 Laude
673 1064 852 1151 Virginnm
869 1088 941 1129 cnm
955 1066 1121 1130 beatorum
1136 1074 1314 1151 martyrum
1328 1065 1381 1151 qui
1391 1090 1419 1140 2⁵

283 1153 322 1215 de
340 1158 411 1217 toto
431 1153 508 1216 orbe
523 1152 566 1215 ad
580 1150 753 1214 Dominum
770 1150 939 1215 hvenirent
957 1150 1149 1215 mentionem
1168 1151 1297 1229 faceret,
1313 1152 1378 1216 ait:

410 1236 567 1301 Albanam
581 1237 731 1321 apropiam
736 1237 876 1321 sonando
888 1237 1040 1301 Brittania
1047 1238 1179 1321 profert.

284 1323 345 1404 Qui
366 1323 510 1387 videlicet
532 1322 678 1387 Albanus
699 1345 842 1408 paganus
864 1323 978 1400 adhuc,
994 1344 1066 1385 cnm
1085 1322 1278 1407 perfidorum
1298 1322 1381 1407 prin·

282 1408 387 1493 cipum
422 1409 576 1472 mandata
610 1408 779 1471 adversum
816 1407 1012 1473 Christianos
1049 1409 1205 1486 saevirent,
1236 1408 1383 1471 clericum

283 1496 440 1578 quendam
455 1501 673 1580 persecutores
686 1493 861 1579 fugientem
880 1492 1019 1578 hospitio
1036 1494 1174 1578 recepit:
1200 1494 1383 1578 quemdum

282 1580 479 1644 orationibus
504 1579 662 1643 continuis
683 1602 721 1643 ac
742 1580 856 1666 vigiliis
882 1578 946 1641 idie
971 1584 1130 1663 noctuque
1156 1580 1284 1643 studere
1310 1600 1382 1641 con·
1420 1594 1422 1597 ·

282 1665 426 1749 spiceret‚
453 1664 560 1729 subito
584 1665 699 1728 Divina
721 1666 829 1751 gratia
853 1672 1015 1749 respectus
1045 1664 1222 1749 exemplum
1247 1664 1322 1728 fidei
1345 1686 1424 1736 ao3o

281 1750 412 1835 pietatis
441 1750 523 1814 illius
552 1750 650 1834 coepit
677 1750 829 1828 aemulari,
856 1772 894 1813 ac
921 1750 1112 1814 salutaribus
1137 1751 1206 1834 ejus
1236 1750 1383 1814 exhorta

282 1836 423 1900 tionibus
437 1834 593 1920 paulatim
608 1836 748 1911 edoctus,
764 1835 881 1900 relictis
900 1835 1054 1899 idolatriae
1076 1836 1217 1899 tenebris
1233 1834 1383 1900 Christia

282 1943 343 1985 nus
363 1921 432 1985 inte
470 1943 550 1985 oex
567 1922 663 1983 corde
685 1921 789 1985 factus
812 1928 869 1985 est.
915 1921 1056 2005 Oumqne
1078 1921 1231 2005 praefatus
1253 1920 1384 1985 clericus

282 2007 405 2090 aliquot
450 2005 538 2069 iebus
555 2007 640 2090 apud
661 2027 733 2069 eum
754 2007 981 2091 hospitaretur,
997 2007 1198 2091 pervenitad
1215 2028 1309 2069 aures
1331 2028 1383 2070 ne-

282 2091 370 2155 fandi
392 2091 541 2176 principis
562 2092 772 2156 confessorem
799 2092 918 2158 Ohristi
940 2092 990 2155 cui
1011 2092 1145 2155 necdum
1167 2092 1271 2155 iuerat
1296 2091 1383 2155 locus

282 2176 428 2261 martyrii
458 2178 639 2261 deputatus,
669 2200 766 2262 penes
792 2178 954 2241 Albanum
983 2177 1092 2241 latere.
1146 2177 1243 2242 Unde
1273 2177 1384 2241 statim

280 2262 377 2347 jussit
390 2262 507 2327 milites
522 2284 594 2325 eum
609 2262 789 2348 diligentius
804 2262 971 2347 inquirere.
1003 2262 1063 2342 Qui
1078 2284 1151 2325 cum
1164 2264 1207 2327 ad
1221 2260 1383 2348 tugurium
1393 2284 1422 2334 35

283 2347 432 2432 martyris
447 2348 672 2432 pervenissent,
688 2371 763 2412 mox
779 2370 812 2413 se
827 2355 957 2412 sanctus
972 2347 1118 2411 Albanus
1132 2371 1191 2433 pro
1206 2347 1332 2433 hospite
1346 2369 1384 2411 ac

283 2433 437 2518 magistro
459 2456 527 2510 suo,
547 2432 645 2518 ipsius
666 2434 788 2511 habitu,
805 2434 838 2497 id
858 2441 908 2497 est
930 2433 1084 2497 caracalla
1107 2456 1170 2517 qua
1190 2434 1385 2499 vestiebatur

282 2506 423 2598 indutus,
435 2519 588 2584 militibus
599 2518 753 2597 exhibuit,
764 2526 863 2604 atque
874 2519 916 2583 ad
927 2519 1065 2604 judicem
1077 2518 1200 2584 vinctus
1211 2520 1385 2605 perductus

283 2612 470 2776 eet(lontigIt
491 2697 600 2755 autem
618 2690 757 2776 judicem
778 2713 817 2754 ea
834 2691 913 2754 hora
935 2712 999 2774 qua
1018 2691 1061 2754 ad
1076 2713 1147 2754 eum
1163 2691 1308 2754 Albanus
1329 2690 1385 2754 ad-

283 2777 467 2852 ducebatur,
483 2775 548 2839 aris
561 2777 717 2840 adsistere
731 2799 769 2841 ac
786 2774 980 2840 daemonibus
995 2775 1116 2840 hostias
1131 2776 1253 2839 offerre.
1292 2776 1384 2840 Oum-

283 2883 344 2945 que
364 2861 494 2925 vidisset
508 2861 680 2938 Albanum,
703 2883 778 2925 mox
800 2861 848 2924 ira
870 2882 1038 2924 succensus
1059 2860 1157 2925 nimia
1179 2861 1264 2945 quod
1279 2881 1312 2924 se
1332 2860 1383 2924 ille
1392 2868 1437 2946 46

283 2947 368 3011 ultro
391 2968 450 3031 pro
472 2946 598 3030 hospite
622 2968 716 3030 quem
741 2953 924 3030 susceperat
947 2946 1101 3010 militibus
1127 2946 1241 3010 offerre
1262 2968 1301 3010 ac
1323 2946 1384 3009 dis-

418 3067 617 3128 from-plurimo
626 3065 656 3112 V.
723 3067 822 3114 seoV.
888 3065 1037 3114 haeserant
1045 3067 1074 3113 V.
1142 3066 1211 3114 {dia
1219 3067 1250 3114 V.

284 3173 733 3234 qnoqucpenednosannosdnrassa
757 3173 795 3220 De
807 3173 882 3221 Mart.
895 3174 989 3222 Palaest.
1003 3187 1040 3234 13·
1074 3175 1121 3222 Sed
1132 3175 1194 3222 hanc
1205 3174 1384 3222 distinctionem

285 3238 354 3285 Beda
374 3238 501 3299 ignorasse
519 3237 624 3296 videtur,
645 3244 671 3284 et
688 3239 832 3286 decennium
855 3239 916 3285 illud
939 3239 1013 3287 etiam
1034 3239 1064 3287 ad
1084 3239 1237 3287 Britanniam
1256 3239 1385 3298 retulisse;

284 3303 488 3363 quemadmodum
501 3309 526 3349 et
535 3301 621 3348 Gildas
631 3301 698 3349 fecit.

319 3379 358 3425 24.
375 3368 402 3413 ia
419 3367 459 3427 ea]
492 3367 520 3413 ln
537 3366 626 3426 primo,
643 3373 672 3413 ut
683 3365 789 3423 videtur,
806 3367 845 3414 rel
863 3367 969 3414 secundo
986 3381 1052 3415 anno
1070 3367 1245 3428 persecutionis
1256 3368 1385 3430 praedicta,

286 3437 416 3491 antequam
430 3431 602 3478 Dioclcsianns
612 3438 638 3478 et
649 3430 817 3477 Maximianus
828 3445 959 3491 purpuram
971 3432 1142 3493 deposnerunt.
1156 3433 1181 3480 S.

321 3493 359 3543 26.
371 3496 496 3570 Albanum
507 3496 650 3556 egregium]
667 3495 818 3571 Fortunatus·
826 3495 889 3543 Vlll
899 3509 923 3573 4:
936 3497 962 3544 S·
1040 3559 1046 3572 ·

288 3559 555 3682 attestatis
564 3558 1386 3686 fustarini?hlisntstftlt:nstitit

286 3688 421 3749 ignoratur.
444 3687 603 3748 Capgrarbrs,
616 3702 658 3734 seu
669 3688 751 3749 potins
762 3688 890 3736 Johannes
900 3687 1020 3736 Tiorauth
1032 3689 1100 3749 plura
1111 3689 1218 3750 tradidit,
1230 3690 1271 3737 scd
1284 3689 1387 3736 ccclesia

286 3764 389 3812 sequens
400 3751 539 3813 Anglicana
555 3752 626 3799 Beda
641 3752 806 3800 narrationem
822 3753 899 3799 solam
915 3753 1048 3813 adoptavit,
1065 3768 1119 3800 eam
1135 3767 1222 3800 novem
1240 3754 1386 3801 lectionibus

286 3817 440 3864 distributam
453 3817 478 3862 in
491 3816 588 3876 publica
603 3815 683 3863 officia
697 3817 853 3864 transferens
890 3815 952 3864 Vide
966 3816 1039 3864 etiam
1052 3817 1168 3865 Biblictb.
1180 3817 1246 3865 Cott.
1258 3818 1341 3864 ‚lulius
1353 3819 1384 3865 l).

287 3881 328 3927 vii.
342 3895 381 3942 29·
399 3881 515 3928 'liberius
526 3880 559 3927 D.
570 3880 606 3927 iii.
623 3881 740 3928 Faustina
752 3883 780 3925 B.
793 3881 825 3927 iv.
840 3895 861 3927 ι.
873 3882 897 3927 S.

320 3945 359 3992 28.
371 3947 487 3992 clariorem
500 3945 634 4006 quendam]
654 3944 728 4004 Cujus
740 3959 828 3992 nomen
842 3946 918 3992 fertur
929 3944 1004 3992 fnisse
1014 3944 1182 4005 Ampbibalus,
1192 3945 1231 4006 qni
1241 3945 1314 3994 etiam
1324 3945 1387 3993 inter

287 4015 408 4071 martyres
418 4024 433 4055 a
443 4009 568 4056 nonnullis
579 4015 706 4069 reputatus
717 4015 769 4055 est·
795 4009 849 4056 Hoc
859 4009 974 4056 Usscrins
986 4008 1029 4066 ait,
1037 4024 1054 4056 ιι
1067 4009 1388 4071 GolfrtdoMoaemntbensi

282 4072 395 4133 manum
411 4075 560 4134 occepimus,
577 4085 633 4119 cnm
651 4073 703 4134 ipse
719 4073 864 4120 seutentiam
883 4086 951 4120 stram
970 4074 1071 4133 protest,
1088 4075 1229 4134 Amphitali
1242 4075 1386 4121 vocabalum

287 4139 346 4182 huic
356 4137 404 4196 ipsi
414 4139 557 4184 vestimento
572 4137 724 4198 [caracalla]
741 4139 824 4196 magis
835 4153 910 4199 qaam
921 4139 988 4184 illius
994 4140 1126 4200 possessori
1137 4140 1274 4185 convenire.
1306 4138 1386 4184 Giral·
1402 4153 1405 4158 ·

286 4199 333 4245 dus
345 4199 467 4246 Albanum
477 4208 503 4248 et
514 4200 688 4261 Amphibalum
700 4210 891 4264 protomartyres
906 4201 1038 4248 Britannias
1050 4208 1128 4249 vocat
1158 4202 1213 4252 Vid.
1229 4202 1310 4251 Usser.
1323 4201 1385 4249 Brit.

288 4263 354 4310 Eccl.
366 4263 450 4324 Antiq.
460 4264 504 4312 vii.
523 4264 616 4311 Girald.
631 4266 687 4312 ltin.
700 4265 800 4313 Cambr.
812 4266 827 4312 i.
841 4280 863 4326 5.

321 4326 359 4386 36.
371 4329 509 4390 caracalla]
530 4328 611 4376 Vestis
622 4329 788 4387 sacerdotalis,
798 4329 852 4376 ride
865 4329 1023 4390 Parsplrrasin
1036 4329 1182 4378 Saxonicam
1194 4331 1225 4377 ad
1236 4331 1324 4378 locum.
1347 4331 1385 4378 Dc

287 4391 331 4437 hac
342 4397 410 4438 veste
419 4392 445 4439 in
457 4394 606 4440 monasterio
619 4393 710 4440 Eliensi
721 4401 776 4454 post
788 4393 865 4440 inulta
877 4393 957 4440 secirla
966 4402 1060 4454 reperta
1071 4394 1126 4442 vide
1133 4395 1255 4443 'lbomam
1264 4395 1386 4456 Walsing-

286 4455 351 4502 ham.
375 4457 665 4518 P.ro3,A.D.1313.S.
