3100 5125
278 361 344 424 ess
602 358 840 430 ursromnr
862 360 1039 427 nonnus.
1343 361 1389 423 v.
1410 380 1459 443 19.

279 524 378 596 atquo
392 510 536 576 *atatem
556 511 698 577 moribus
716 510 885 588 transiens,
901 510 949 575 ita
970 532 1004 575 se
1025 512 1169 575 modeste
1189 519 1224 579 et
1245 511 1422 581 circum-30

279 604 387 696 specte
401 598 434 659 in
449 596 594 661 omnibus
609 596 624 641 ¹¹
629 604 764 682 gereret,
781 604 818 661 ut
837 597 953 660 merito
967 618 987 660 a
1001 596 1174 681 majoribus
1188 596 1278 696 quasi
1294 618 1380 659 unus

279 704 320 745 ex
342 683 418 767 ipsis
440 691 611 758 amaretur,
629 688 856 759 'veneraretun
879 682 1133 767 amplecteretur,
1157 684 1211 746 ubi
1226 688 1381 781 quartum

279 767 436 832 decimum
456 768 565 832 aetatis
586 767 722 853 contigit
742 789 870 845 aunum,
889 768 1098 835 monasticam
1120 768 1263 832 saeculsm
1277 767 1379 832 vitam

118 870 266 935 [minois]
278 852 430 938 praetulit.
474 853 567 933 Quod
581 853 635 917 ubi
649 854 736 938 patri
753 874 812 915 suo
832 854 984 929 narravit,
1002 854 1064 917 'am
1086 853 1170 917 enim
1191 860 1295 919 mater
1309 852 1379 917 obi·
1390 862 1453 930 205

116 937 245 985 Vssffi‘lfll
278 946 358 1015 erat,
373 939 509 1002 libenter
523 939 591 1023 ejus
605 938 688 1002 votis
709 960 748 1002 ac
765 938 929 1003 desideriis
950 960 996 1011 cae
1008 940 1130 1003 estibus
1151 938 1274 1014 adnuit,
1289 960 1379 1003 eum.-

115 1002 256 1059 ΜΝ
278 1046 340 1109 que
359 1024 474 1109 coeptis
495 1025 642 1088 insistere
661 1024 853 1090 salutaribus
872 1023 977 1109 jussit.
1023 1024 1124 1089 Venit
1138 1044 1213 1109 ergo
1227 1024 1269 1096 ad
1290 1023 1378 1091 insa

277 1110 341 1180 lam
364 1109 662 1185 Lindislarnensem,
681 1110 788 1194 ibique
810 1110 1038 1181 monachorum
1063 1110 1229 1175 famulatui
1247 1130 1281 1172 se
1302 1130 1378 1173 con„-

276 1196 417 1271 tradons,
441 1195 609 1280 diligenter
632 1218 671 1261 ea
695 1216 766 1281 quoe
792 1196 977 1259 monasticae
1000 1195 1160 1263 castitatis
1182 1216 1220 1259 ac
1245 1195 1378 1279 pictatis

277 1287 379 1356 erant,
395 1286 428 1344 et
442 1280 563 1345 discere
575 1282 710 1347 curabat
724 1288 758 1345 et
772 1303 877 1366 agere.
921 1281 967 1344 Et
978 1284 1053 1365 quia
1066 1280 1147 1345 acris
1162 1288 1233 1345 orat
1246 1280 1402 1366 ingenim

276 1366 389 1430 didicit
411 1365 561 1430 citissime
580 1367 728 1451 psalmos,
744 1374 778 1431 ot
796 1367 918 1451 aliquot
932 1366 1074 1441 codicem
1098 1368 1233 1430 necdum
1247 1365 1378 1450 quidem

277 1452 440 1528 adtonsus,
458 1473 567 1515 verum
590 1452 668 1515 meis
687 1474 759 1551 quse
781 1460 914 1516 tonsura
936 1454 1073 1537 majores
1096 1459 1172 1516 sunt
1193 1452 1376 1528 virtutibus,

278 1537 747 1615 ¹1humiliatoresobediontia,
763 1558 827 1601 non
849 1537 1052 1603 mediocriter
1070 1537 1258 1623 insignitus:
1281 1559 1377 1623 prop÷

278 1629 330 1695 ter
344 1623 428 1707 quod
451 1630 485 1687 et
506 1646 528 1685 a
551 1622 734 1697 senioribus,
751 1630 806 1688 oet
823 1624 993 1688 coaetaneis
1016 1624 1080 1687 suis
1100 1624 1190 1707 justo
1211 1623 1378 1687 colebatur

277 1708 404 1779 affectu.
450 1708 489 1770 In
504 1731 567 1793 quo
581 1709 726 1775 videlicet
747 1709 940 1773 monasterio
955 1730 1028 1773 oum
1049 1708 1171 1794 aliquot
1188 1730 1288 1775 anuos
1303 1708 1376 1772 Deo

196 1828 203 1840 =
277 1794 420 1869 serviret,
435 1793 661 1859 animadvertit
674 1795 828 1879 paulatim
848 1794 1030 1859 adolescens
1047 1794 1144 1859 animi
1166 1793 1296 1879 sagacis,
1318 1794 1377 1857 mt

277 1880 365 1943 nimo
384 1880 559 1964 perlectam
580 1900 649 1943 esse
663 1881 791 1944 virtutis
806 1881 889 1944 viam
903 1902 975 1964 quae
998 1881 1188 1947 tradebatur
1205 1902 1227 1943 a
1244 1879 1375 1957 Scottis,
1389 1902 1421 1943 ιο

276 1966 505 2051 proposuitque
519 1966 625 2031 animo
639 1966 746 2030 venire
760 1967 905 2038 Romam,
921 1966 1020 2050 etqui
1040 1967 1082 2031 ad
1104 1967 1211 2030 sedem
1225 1966 1376 2050 apostoli..

276 2072 347 2114 cam
361 2051 443 2120 ritus
458 2051 660 2122 ecclesiastici
683 2051 748 2116 sive
770 2051 1009 2125 monasteriales
1032 2058 1241 2128 servarentur,
1256 2050 1373 2115 videre.

277 2136 369 2215 Quod
394 2136 643 2201 cumfratribus
667 2138 810 2212 sesemet,
836 2138 1047 2201 laudaverunt
1071 2138 1140 2222 ejus
1188 2136 1374 2221 repositum,

277 2242 413 2307 eumque
428 2220 461 2283 id
472 2223 557 2305 quod
570 2229 679 2287 mente
693 2223 919 2307 ¹’disposuerat
934 2224 1088 2308 perlicere
1102 2244 1138 2287 su
1183 2224 1289 2287 ebant.
1327 2223 1377 2288 At

274 2305 327 2379 ille
351 2307 517 2369 confestim
541 2308 668 2373 veniens
694 2310 737 2372 ad
763 2310 906 2395 reginam
933 2310 1129 2385 Eanlledam,
1154 2308 1231 2393 quia
1257 2314 1376 2372 quotus

275 2399 346 2457 erat
371 2392 409 2468 ei,
432 2393 562 2477 ejusque
585 2393 713 2464 consilio
739 2401 773 2458 et
797 2394 954 2481 suffragiis
978 2396 1113 2480 praefato
1136 2395 1241 2460 fuerat
1267 2416 1374 2458 mona·

275 2477 374 2541 sterio
392 2478 539 2555 sociatus,
560 2479 710 2543 indicavit
733 2479 763 2543 ei
788 2480 979 2544 desiderium
1002 2481 1062 2545 sibi
1084 2480 1185 2543 inesse
1207 2481 1375 2544 beatorum
1389 2502 1418 2550 ¹5

275 2564 491 2648 apostolorum
505 2565 613 2630 limina
623 2565 790 2630 visitandi:
808 2590 878 2652 quae
894 2568 1052 2637 delectata
1065 2569 1150 2632 bono
1165 2566 1375 2630 adolescentis

116 2663 264 2743 [anina]
275 2649 448 2734 proposito,
471 2651 558 2715 misit
579 2673 652 2714 eum
674 2652 822 2724 (lantiam
844 2654 886 2716 ad
908 2675 1016 2738 regem
1038 2652 1301 2729 Erconberotum,
1320 2651 1375 2736 qui

112 2729 347 2807 tennione-emt
366 2735 450 2809 iilius
471 2737 616 2809 avunculi
639 2737 696 2814 sui,
713 2738 879 2822 postulans
899 2746 936 2802 ut
959 2759 1030 2802 eum
1051 2737 1223 2801 honorifice
1239 2737 1375 2802 Romam

113 2802 181 2843 ‘¹⁸¹⁰'
275 2821 519 2886 transmitteret.
564 2823 634 2901 Quo
649 2830 792 2908 tempore
807 2823 850 2888 ibi
865 2825 999 2908 gradum
1018 2822 1244 2908 archiepiscopi
1262 2823 1372 2886 Hono

275 2907 351 2982 rius,
376 2929 456 2979 unus
482 2929 523 2970 ex
546 2907 706 2992 discipulis
731 2909 818 2974 beati
848 2932 939 2994 papis
965 2906 1123 2994 Gregorii,
1151 2908 1198 2971 vir
1224 2909 1256 2972 in
1281 2909 1377 2972 rebus

275 2992 495 3056 ecclesiasticis
520 2994 698 3056 sublimiter
729 2993 897 3060 institutus
923 2996 1080 3059 servabat.
1132 2994 1198 3057 Ubi
1225 3015 1297 3056 cum
1322 2993 1421 3057 ali÷20

275 3076 414 3161 quandiu
440 3079 624 3142 demoratus
649 3080 832 3143 adolescens
861 3080 957 3144 animi
984 3079 1108 3155 vivacis,
1135 3079 1303 3165 diligenter
1326 3079 1377 3142 his

276 3185 346 3244 quae
368 3161 565 3246 inspiciebat,
583 3165 739 3228 discendis
756 3187 887 3250 operam
902 3167 1003 3242 daret,
1020 3165 1202 3250 supervenit
1224 3165 1276 3228 illo
1296 3163 1377 3229 alius

307 3355 316 3393 ί
328 3356 404 3402 citum
417 3357 444 3403 in
455 3357 522 3404 bonis
533 3358 641 3404 moribus
653 3360 798 3418 transigens
806 3358 827 3404 V
830 3358 868 3406 .G.
949 3359 964 3397 k
975 3358 1078 3418 gerebat
1088 3357 1150 3405 V.G.
1217 3358 1226 3397 l
1238 3365 1262 3406 ct
1272 3341 1377 3412 venna·

274 3426 354 3476 retur.
394 3420 443 3470 Uli
455 3421 517 3468 V.G.
616 3432 639 3460 m
651 3424 689 3469 tiis
698 3422 728 3469 V.
821 3433 836 3460 n
848 3424 930 3482 idest,
942 3424 1093 3470 tsurnilitatis
1105 3422 1166 3478 V,G.
1244 3433 1255 3454 ⁰
1265 3437 1283 3470 a
1291 3428 1377 3470 cocta-

279 3486 333 3539 neis
344 3484 375 3530 V.
442 3487 582 3546 ldispomit
594 3486 624 3532 V.
691 3497 705 3535 (ι
717 3489 759 3541 cui
770 3494 844 3534 notus
855 3495 920 3546 erat,
932 3482 1032 3550 eJ'usquc
1041 3487 1071 3534 V.

310 3669 332 3704 s.
344 3654 419 3702 Venit
429 3656 500 3719 ergo]
521 3655 625 3703 Numeri
638 3669 757 3703 annornm
769 3656 794 3703 in
809 3657 920 3718 nisrgine
932 3654 967 3703 illl
978 3662 1035 3703 sunt
1045 3669 1108 3717 quos
1118 3655 1198 3704 Smitlr
1209 3656 1246 3703 bic
1255 3656 1375 3716 apposuit,

278 3719 342 3768 Flor.
353 3719 407 3781 Vig.
415 3729 440 3768 et
451 3720 510 3767 Sim.
521 3720 589 3767 Dun.
598 3720 668 3769 siunt
677 3719 811 3769 Vilsridum
820 3735 940 3768 annorum
950 3721 1046 3768 circiter
1053 3720 1154 3783 triginta
1163 3721 1238 3769 fuisse
1246 3719 1310 3770 Μ).
1320 3718 1378 3780 664,

277 3784 359 3832 Natus
370 3799 429 3845 ergo
441 3784 490 3832 suit
502 3789 530 3832 A.
540 3784 574 3832 D.
586 3783 641 3844 634.

310 3859 333 3908 5.
347 3850 434 3896 didicit
445 3851 561 3896 citissime
572 3850 691 3911 psalmi]
718 3849 823 3897 Οηηιοηι
837 3852 988 3911 psalmorum
1005 3849 1092 3896 scriem
1108 3851 1285 3905 memorialiter
1297 3857 1322 3897 et
1332 3853 1379 3899 aaa

277 3915 567 3978 qwntoslibrosdidtcit·
592 3914 652 3960 Edd.
666 3927 688 3960 2.

282 3981 285 3984 ’
313 3977 528 4040 14.Eanstedam]
552 3977 652 4024 AEdnlni
670 3977 734 4040 regis
750 3978 811 4036 filia,
823 3991 877 4039 quse
889 3977 968 4040 prima
984 3977 1014 4026 de
1031 3983 1104 4039 gente
1115 3977 1378 4040 Nordsuhymbrornm

277 4041 401 4101 baptizata
412 4049 456 4090 ost.
479 4041 505 4088 ii.
519 4057 542 4104 9.
576 4043 647 4090 Patre
658 4045 740 4091 occiso
751 4043 865 4092 cantiam
882 4057 938 4090 cum
957 4050 1034 4090 matre
1050 4041 1167 4104 proiecta.
1190 4043 1217 4089 ii.
1230 4053 1270 4090 ro.
1304 4041 1378 4090 Unde

277 4105 367 4166 conjux
380 4107 509 4155 revertitur
521 4106 571 4168 regi
581 4105 659 4154 Osuio
671 4107 706 4154 iii.
720 4122 729 4154 ι
734 4123 756 4168 5.
792 4112 813 4154 A
823 4121 872 4170 qno
884 4109 947 4169 apud
959 4107 1126 4168 lngetlingum
1140 4105 1220 4154 locum
1234 4105 1377 4154 nronsstcrll

278 4169 421 4232 postulatio
435 4171 578 4218 memoriam
590 4171 655 4232 ragis
665 4173 754 4219 Osuini
765 4173 798 4220 ibi
811 4173 894 4219 occisi.
917 4172 953 4220 iii.
966 4185 1005 4230 24.
1041 4171 1087 4222 llle
1097 4185 1183 4220 vorum
1194 4171 1284 4234 pascha
1294 4169 1377 4219 obscr-

277 4234 447 4345 ssrcsdicitnn
471 4235 507 4283 iii.
520 4248 559 4298 25.
593 4233 717 4285 Detinetis
735 4238 839 4298 denique
862 4237 925 4298 apud
947 4236 1132 4285 streaneshalch
1153 4237 1248 4298 sepulta
1267 4242 1312 4284 est
1340 4235 1376 4284 ili.

280 4310 319 4356 ²4·
358 4333 365 4344 .

314 4361 351 4410 18.
365 4363 502 4426 Honorius]
523 4365 561 4411 De
573 4379 602 4411 α)
613 4361 1095 4426 videti.15,16‚18‚rc.etiii.14.20.
1113 4365 1138 4412 S.

312 4441 351 4473 21.
363 4429 494 4490 ducendis]
516 4429 630 4477 Protmoi
644 4445 704 4502 quos
712 4432 785 4491 prins
795 4431 930 4478 secitndum
944 4429 1093 4491 Hieronymi
1104 4431 1299 4479 mendatium
1310 4431 1377 4489 tege·

278 4493 459 4615 &illem
470 4493 637 4550 Romanorum
641 4501 721 4556 Juxta
733 4495 847 4566 quintum
861 4496 991 4542 editionem
1002 4495 1178 4542 maumetis
1189 4495 1376 4548 transmutavit,
