3100 5125
507 341 672 408 GENTIS
694 341 965 408 ANGLORUM.
1219 341 1277 408 171

178 494 385 562 libentissime
406 494 612 581 suscipientes
631 496 749 562 victum
770 496 817 560 eis
835 495 1056 582 quotidianum
1077 495 1146 559 sine
1166 493 1279 580 pretio,

178 580 277 729 librop
287 602 412 666 quoque
427 581 469 646 ad
484 580 660 668 legendum,
673 589 707 647 et
721 581 940 668 magisterium
950 579 1128 666 gratuitum
1138 580 1281 665 praebere

178 687 255 730 cura
278 673 346 730 ant.

189 821 197 832 Ι
222 751 327 816 Erant
348 751 433 815 inter
453 751 513 815 bos
535 751 598 815 duo
617 754 747 838 juvenes
768 773 893 838 magnae
916 750 1039 828 indolis,
1060 751 1101 815 de
1122 750 1281 816 nobilibus
1291 755 1409 806 luditum

179 835 234 899 An
255 837 367 914 lorum,
390 837 551 900 AEdilhun
572 843 606 901 et
629 839 798 924 Ecgberct,
822 859 956 922 quorum
981 836 1069 922 prior
1093 837 1195 901 frater
1220 821 1446 902 fuit⁹OE⁰⁸b²f⁰⁸¹

139 922 227 983 ²⁰AE
252 922 348 1000 uini,
364 922 422 986 viri
436 945 527 1006 aeque
542 922 612 988 Dec
628 924 744 1000 dilecti,
761 923 815 1009 qui
836 931 869 988 et
888 923 955 1008 ipse
969 945 1038 986 aevo
1052 929 1205 1006 sequente
1220 922 1280 986 Hi·

178 1006 323 1072 berniam
336 1008 443 1093 gratia
457 1009 581 1094 legendi
593 1010 682 1086 adiit,
693 1016 727 1074 et
741 1011 822 1074 bene
837 1009 1013 1073 instructus
1022 1008 1162 1092 patriam
1173 1008 1278 1085 rediit,

178 1099 276 1176 atque
297 1093 461 1178 episcopus
484 1094 516 1156 in
536 1094 697 1178 provincia
714 1094 852 1158 Lindissi
871 1095 984 1170 factus,
1000 1094 1101 1156 multo
1115 1092 1280 1157 ecclesiam

178 1184 321 1262 tempore
336 1179 529 1244 nobilissime
543 1179 637 1244 rexit.
683 1180 727 1244 Hi
743 1203 820 1265 ergo
832 1202 903 1243 cum
918 1185 1024 1243 essent
1039 1179 1072 1242 in
1085 1178 1279 1243 monasterio

179 1263 264 1345 quod
278 1264 385 1349 lingua
401 1265 585 1328 Scottorum
600 1265 810 1350 Rathmelsigi
825 1265 1011 1350 appellatur,
1028 1271 1062 1330 et
1079 1285 1188 1328 omnes
1203 1263 1279 1329 socii
1288 1281 1412 1329 anamel-

178 1347 319 1432 ipsorum
337 1350 385 1414 vel
407 1350 604 1414 mortalitate
627 1351 667 1414 de
689 1351 803 1416 saeculo
825 1351 920 1436 rapti,
943 1351 992 1414 vel
1009 1371 1067 1434 per
1087 1349 1152 1414 alia
1172 1344 1343 1415 essentia·

178 1432 248 1498 loca
262 1434 405 1519 dispersi,
421 1436 559 1520 correpti
573 1443 649 1500 sunt
669 1438 762 1501 ambo
780 1438 892 1500 morbo
907 1437 1048 1520 ejusdem
1062 1434 1278 1513 mortalitatis,

137 1543 168 1594 ²5
179 1525 213 1584 et
226 1519 410 1604 gravissime
424 1521 564 1596 adflicti;
589 1521 735 1606 equibus
751 1523 919 1606 Ecgberct,
932 1521 1014 1584 siout
1027 1520 1105 1606 mihi
1120 1521 1278 1585 referebat
1288 1533 1417 1595 Ecgbereti

177 1603 307 1688 quidam
326 1606 543 1670 veracissimus
565 1613 600 1672 et
620 1608 808 1672 venerandae
830 1606 959 1671 canitici
980 1607 1147 1691 presbyter
1168 1605 1222 1690 qui
1243 1606 1352 1670 sewi*

177 1689 245 1754 baec
260 1692 302 1754 ab
318 1691 387 1775 ipso
402 1691 527 1756 audisse
542 1691 739 1776 perhibebat,
755 1714 828 1756 cum
847 1714 881 1756 sc
899 1703 913 1743 7
917 1693 1109 1756 aestimasset
1128 1711 1197 1754 esse
1211 1712 1277 1754 mo·

177 1775 323 1853 riturum,
344 1797 491 1862 egressus
514 1783 564 1841 est
586 1784 651 1841 tem
675 1800 729 1843 ore
752 1778 911 1842 matutino
934 1777 974 1841 de
995 1777 1138 1841 cubiculo
1159 1776 1277 1861 inquo

176 1859 293 1926 infirmi
309 1862 522 1946 quiescebant,
538 1870 572 1927 et
587 1800 728 1928 residens
743 1863 828 1928 solus
842 1863 875 1926 in
889 1862 959 1927 loco
973 1868 1162 1948 opportuno,
1175 1861 1274 1945 coepit

177 1947 305 2010 sedulus
320 1948 461 2032 cogitare
476 1949 515 2011 dc
530 1948 655 2013 actibus
673 1949 746 2026 suis,
763 1955 798 2014 et
819 1954 1015 2033 conpunctus
1032 1947 1185 2011 memoria
1204 1968 1278 2031 pec·

177 2038 322 2095 catorum
348 2054 478 2097 suorum
502 2033 616 2097 faciem
637 2035 774 2098 lacrimis
800 2035 959 2109 abluebat,
982 2041 1081 2118 atque
1103 2033 1215 2097 intimo
1238 2054 1279 2096 ex

137 2118 273 2194 secordc
296 2118 401 2182 Deum
422 2121 622 2204 precabatur,
638 2141 677 2184 ne
700 2121 805 2184 adhuc
829 2119 910 2183 mori
932 2120 1072 2195 deberet,
1095 2118 1280 2204 priusquam

177 2203 227 2266 vel
241 2204 423 2287 praeteritas
442 2203 650 2290 negligentias
665 2228 744 2289 quas
758 2205 792 2269 in
806 2205 944 2290 pueritia
961 2205 1026 2270 sive
1042 2203 1177 2268 infantia
1196 2225 1280 2269 com·

177 2287 318 2366 miserat,
348 2291 518 2374 perfectius
548 2313 588 2354 ex
613 2297 756 2375 tempore
785 2291 968 2375 castigaret,
995 2291 1044 2354 vel
1068 2291 1101 2368 in
1126 2289 1219 2354 bonis
1244 2310 1280 2353 se

177 2375 583 2457 Μ)
959 2460 1280 2526 „r

774 2485 796 2524 n
957 2485 968 2524 ι

100 2563 161 2633 137
177 2484 402 2624 natuspestffi
417 2554 475 2624 est,
492 2484 699 2625 Brittaiaiaren,⁹
712 2485 832 2613 ilediret
841 2484 950 2633 {suffita
964 2553 1083 2634 prater
1097 2482 1280 2611 sollemribm

177 2632 319 2696 canonici
340 2634 493 2733 temporis
515 2634 732 2718 psalmodiam,
753 2634 781 2697 si
803 2656 868 2698 non
888 2633 1036 2699 valetudo
1059 2631 1201 2717 corporis
1224 2633 1278 2696 ob-

179 2716 315 2795 sisteret,
329 2719 470 2803 quotidie
484 2719 670 2803 psalterium
684 2726 791 2784 totum
805 2719 838 2782 ia
852 2718 1037 2783 memoriam
1048 2717 1160 2781 divinae
1175 2717 1278 2781 laudis

178 2803 406 2878 2decantaret3
441 2811 476 2868 et
505 2804 580 2887 quia
609 2804 642 2868 in
666 2805 752 2868 omni
776 2805 955 2889 septimana
978 2804 1062 2867 diem
1086 2824 1158 2866 cum
1183 2809 1278 2867 nocte

174 2887 302 2972 jejunus
322 2889 485 2954 transiret.
529 2890 672 2973 (lamque
690 2891 790 2955 linitis
811 2889 958 2966 lacrimis,
973 2889 1120 2975 precibus
1134 2894 1169 2952 et
1184 2888 1276 2966 votis,

151 2974 307 3043 sdomum
321 2975 450 3054 rediret,
465 2974 586 3041 invenit
605 2975 747 3041 sodalem
764 2975 996 3041 dormientem:
1019 2982 1054 3041 et
1069 2975 1138 3059 ipse
1152 2995 1278 3062 quoque

327 3147 488 3194 aestimaret
498 3148 559 3197 V.G.
828 3154 841 3185 z
853 3145 1010 3203 decantaret,
1025 3144 1091 3205 quod
1098 3142 1128 3191 V.

176 3288 267 3337 triam
279 3296 305 3338 et
315 3304 396 3338 mores
406 3290 590 3353 insignioribus,
601 3297 628 3339 et
638 3306 667 3340 ea
676 3305 750 3338 causa
761 3288 907 3337 auctoritate
918 3286 1034 3349 praeditis,
1046 3286 1164 3335 dabaturs
1181 3293 1206 3334 et
1217 3286 1277 3335 satis

176 3362 235 3402 aute
251 3354 325 3402 Beda
341 3362 452 3417 tempora
468 3357 579 3404 usitatus.
616 3356 761 3404 Vincentius
777 3354 915 3402 Lirinensis
931 3352 1011 3399 multa
1027 3352 1135 3413 suppetit
1149 3350 1276 3412 exemplaz

177 3425 215 3475 ut,
227 3420 390 3467 Sacerdotem
402 3422 503 3481 pariter
514 3427 539 3467 et
549 3422 729 3480 magistrarum
746 3420 909 3481 detumesce,
921 3430 952 3476 23
969 3418 1126 3464 ecelesiastici
1136 3417 1277 3476 nsagisteris'

176 3490 330 3540 accremento,
345 3498 389 3532 ro:
408 3486 471 3533 inter
486 3486 621 3545 magistros
636 3485 770 3547 (bigenem
789 3483 896 3541 aliosque
913 3483 1024 3529 doctores
1039 3480 1146 3527 celebres
1156 3486 1276 3538 recenset,

179 3558 227 3608 17:
248 3549 294 3595 &a
328 3549 407 3595 Simili
427 3548 477 3596 lere
496 3564 568 3597 seusu
589 3549 625 3597 illi
644 3556 812 3596 memorantur
830 3547 872 3607 qui
891 3547 965 3594 verbo
981 3546 1020 3592 vel
1039 3545 1136 3606 scriptis
1152 3545 1196 3592 τὸν
1214 3545 1277 3592 θεῖον

177 3610 341 3674 ἐπρέσβευσαν
356 3610 440 3672 λόγον.
463 3614 551 3661 Euseb.
564 3614 630 3663 Hist.
643 3614 658 3661 i.
672 3628 692 3661 1.
705 3613 740 3661 iii.
754 3612 852 3672 23,&c.
886 3611 958 3659 Cous.
975 3610 1030 3657 infr.
1046 3610 1079 3657 iv.
1092 3620 1133 3670 27,
1154 3610 1276 3657 Cadierct

171 3677 262 3739 sactus
269 3681 416 3739 prepositae
425 3680 509 3739 plures
518 3685 542 3724 et
550 3681 701 3725 auctoritate
709 3679 835 3737 magistri,
844 3683 868 3723 et
876 3676 985 3736 exemplo
993 3688 1043 3721 saoe
1050 3676 1156 3721 actiosus
1163 3676 1277 3721 institue·

176 3742 228 3798 tat,
240 3748 265 3790 et
277 3742 308 3789 iv.
321 3756 344 3803 5.
378 3741 434 3790 Hoc
449 3748 530 3789 autem
547 3743 610 3805 loco,
622 3744 686 3790 inter
702 3743 877 3799 Hibernenses,
890 3738 1001 3800 magistri
1018 3738 1054 3785 illi
1072 3738 1184 3784 ridentur
1201 3737 1277 3785 fuisse

175 3806 258 3866 potius
269 3815 427 3869 preceptores
438 3806 477 3853 vel
489 3806 600 3855 doctores
611 3808 802 3855 monachorum:
818 3813 844 3853 et
859 3819 890 3853 ex
906 3817 936 3851 eo
946 3802 1011 3864 quod
1028 3802 1145 3863 sequitur,
1157 3800 1276 3861 magiste-

175 3871 242 3917 riam
257 3873 409 3932 gratuitam,
420 3871 510 3933 conjici
526 3879 609 3932 posset
625 3871 714 3920 talibus
732 3870 856 3933 magistris
871 3867 1002 3929 aliquando
1013 3866 1071 3914 data
1082 3865 1157 3913 luisse
1171 3880 1186 3913 a
1201 3864 1276 3913 disci-

176 3933 240 3995 pulis
250 3937 393 3982 honoraria.

210 4012 248 4061 ¹⁹·
259 4000 395 4061 AEdilatai]
412 3999 484 4047 Cani.
496 4016 561 4062 supr.
572 4014 610 4048 11.

209 4077 249 4111 21.
261 4066 339 4111 multo
350 4065 467 4127 tempere]
483 4064 522 4112 ab
533 4082 556 4113 a.
565 4064 614 4127 6⁷9
626 4062 656 4111 ad
668 4078 690 4111 a.
701 4074 755 4125 701.
798 4061 856 4111 Fuit
872 4059 994 4110 AEdiluini
1010 4058 1138 4120 episcopas
1154 4055 1275 4105 secundm

176 4128 354 4176 Sidnacestrice.
387 4128 483 4177 Primus
494 4130 630 4177 Eadluedus
641 4128 696 4191 fuit,
706 4128 737 4175 de
747 4140 795 4188 quo
806 4126 886 4188 capite
896 4131 1021 4187 sequente.
1038 4124 1062 4170 S.

209 4203 247 4240 ss.
268 4192 448 4255 Ilattmelrigc]
471 4194 538 4241 Rath
557 4195 583 4242 in
602 4193 688 4255 lingua
707 4193 846 4239 Scottorum
864 4189 951 4238 Vicum
971 4187 1009 4237 rel
1030 4187 1144 4235 Castrum
1165 4185 1274 4233 denotat.

176 4256 260 4305 Mellis
270 4264 295 4305 et
308 4257 455 4307 Mellitontis
465 4258 550 4307 eadem
563 4258 610 4306 tuit
620 4256 737 4312 ecclesis3
755 4256 814 4305 licet
828 4254 851 4302 ls
864 4255 933 4303 loeus
943 4253 985 4315 qui
997 4252 1081 4301 Mellis
1097 4264 1186 4298 nomen
1201 4249 1274 4297 hodie

175 4321 266 4369 retinet
282 4322 360 4371 tribus
377 4338 492 4385 passuum
510 4323 643 4370 millibuss
660 4320 799 4369 Mellilonte
814 4319 848 4367 sit
864 4325 988 4367 remotus:
1008 4316 1117 4370 nomine,
1129 4314 1273 4375 utvidetua

175 4386 272 4448 utrique
288 4387 346 4435 dato
363 4402 378 4435 a
394 4395 480 4435 sancto
498 4388 548 4435 Mel
566 4386 681 4448 episcopo
694 4385 718 4433 b.
731 4384 830 4433 Patricii
842 4383 972 4444 discipulo,
983 4388 1009 4431 et
1025 4379 1115 4428 sororis
1131 4378 1208 4441 ipsius
1221 4377 1274 4426 Ds-

175 4450 266 4499 rercboe
277 4450 346 4509 lilio;
362 4452 452 4514 dequo
471 4451 588 4499 ridendus
605 4452 630 4498 in
649 4450 746 4499 Patricii
758 4449 809 4498 vita
820 4448 956 4504 Jocelinus,
969 4461 1022 4508 cap.
1034 4460 1075 4508 50,
1091 4457 1135 4493 sos
1146 4452 1170 4493 et
1181 4442 1234 4493 186.
1247 4444 1272 4490 S.
1290 4481 1294 4487 .

175 4515 335 4578 llatbmelsigi
347 4516 418 4565 hodie
431 4516 545 4565 Melfont.
732 4581 753 4640 ρ

699 4602 716 4641 Z
