3100 5125
269 284 334 356 196
591 288 828 352 msromac
852 287 1028 354 nocuus.
1311 282 1454 367 ((1.9.-

722 465 830 531 οΑΡ.
854 465 919 530 (Χ.

273 567 339 633 Quoe
351 570 407 627 sint
420 578 526 627 ostensa
540 569 643 627 celitus
660 571 739 646 aqna
759 589 818 627 cum
838 577 864 625 et
885 569 945 644 ipsa
963 578 1050 626 mater
1063 567 1277 645 congregationis
1295 567 1378 625 illins

679 653 802 707 emunda
817 651 955 708 transiret.

108 745 218 794 maone
314 728 388 793 (lun
410 735 519 792 autem
539 733 574 792 et
595 726 665 814 ipsa
677 735 783 793 mater
803 727 857 812 pia
872 728 942 791 Deo
966 728 1089 792 devotae
1113 725 1375 812 congregationis

108 813 176 888 oona
188 827 208 860 ⁸·
219 812 487 900 AE·tAEdilburga
501 820 585 877 esset
599 813 753 898 rapienda
768 814 808 878 de
822 813 952 888 mundo,
967 813 1116 898 apparuit
1130 813 1208 876 visio
1222 812 1375 876 miranda
1383 833 1415 882 45

108 877 234 938 onomgae„
271 898 396 962 cuidam
419 900 459 963 de
482 899 652 977 sororibus,
668 899 718 962 cui
742 921 856 962 nomen
882 906 953 963 erat
975 900 1145 984 Torctgyd,
1166 921 1236 983 quae
1259 898 1374 961 multis

268 985 336 1069 jam
350 984 441 1048 annis
461 985 493 1048 in
508 986 620 1048 eodem
634 986 827 1049 monasterio
843 991 1048 1061 commorata,
1065 985 1183 1069 etipsa
1197 1006 1324 1068 semper
1337 983 1374 1046 in

271 1070 356 1133 omni
378 1069 558 1135 humilitate
579 1092 617 1134 ac
639 1070 822 1134 sinceritate
837 1070 907 1134 Deo
930 1070 1047 1134 servire
1066 1071 1244 1156 satagebat,
1261 1077 1295 1133 et
1316 1071 1375 1132 ad-

268 1155 370 1240 jutrix
407 1155 581 1240 disciplinae
616 1177 652 1220 re
695 1155 770 1219 laris
801 1155 901 1220 eidem
930 1155 1027 1219 matri
1058 1156 1202 1233 existere,
1232 1156 1375 1218 minores

272 1241 414 1305 docendo
429 1243 477 1306 vel
499 1243 642 1327 castigari
666 1243 842 1306 ocurabat.
888 1241 985 1326 Oujus
1007 1249 1045 1306 ut
1060 1241 1161 1306 virtus
1179 1242 1275 1325 juxta
1295 1263 1374 1326 apo-

272 1327 389 1390 stolum
402 1327 436 1390 in
450 1327 636 1391 infirmitate
650 1327 864 1413 perficeretur,
876 1333 966 1390 tacta
978 1333 1027 1391 est
1038 1333 1169 1411 repentc
1184 1327 1375 1412 gravissimo
1393 1345 1453 1408 152

272 1413 412 1498 corporis
431 1413 553 1492 morbo,
575 1420 609 1478 et
628 1435 686 1498 per
707 1435 808 1476 annos
828 1434 940 1476 novem
957 1413 1010 1497 pia
1026 1413 1248 1497 Redemptoris
1268 1413 1375 1476 nostri

271 1498 449 1584 provisione
469 1500 603 1563 multum
621 1498 776 1584 fatigata:
807 1498 952 1562 videlicet
966 1503 1003 1562 ut
1024 1497 1174 1584 quioquid
1193 1497 1226 1561 in
1244 1521 1282 1562 ea
1300 1497 1375 1562 vitii

272 1584 468 1648 sordidantis
489 1584 574 1648 inter
588 1585 722 1648 virtutes
744 1607 811 1670 per·
824 1583 1036 1668 ignorantiam
1051 1585 1100 1648 vel
1119 1583 1274 1648 incuriam
1288 1605 1375 1648 reso·

273 1669 381 1747 disset,
402 1676 507 1734 totum
529 1672 589 1734 hoc
611 1669 753 1734 caminus
775 1668 907 1733 diutinae
930 1669 1146 1734 tribulationis
1168 1678 1375 1754 extoqueret.

273 1755 355 1820 Haec
377 1756 477 1842 hergo
500 1756 639 1841 quadam
659 1761 752 1819 nocte
774 1755 944 1839 incipiente
967 1755 1160 1840 crepuscula,
1181 1777 1309 1840 egressa
1333 1755 1375 1818 de

273 1842 415 1905 cubiculo
436 1864 499 1926 quo
516 1843 676 1917 manebat,
694 1841 775 1904 vidit
794 1839 959 1904 manifeste
980 1839 1070 1925 quasi
1090 1862 1203 1925 corpus
1223 1839 1400 1917 hominis,s

274 1927 560 2076 {diffiniti
581 1926 1054 2076 ialitiill⁰¹¹isi⁰l⁰r¹⁰ssll¹
1076 1925 1374 2076 ttttttt

414 2036 444 2076 vr
605 2036 622 2077 e
761 2036 771 2075 1
925 2036 980 2076 oo
1366 2061 1375 2074 .

274 2097 416 2182 cumque
431 2097 613 2184 diligentius
634 2035 890 2182 intuemturiluo
911 2035 1232 2163 trahenteplevaretur
1246 2119 1377 2160 sursum

273 2183 343 2248 haec
372 2205 467 2268 quam
497 2185 772 2271 contemplabatur
806 2183 925 2268 species
953 2183 1094 2268 corporis
1122 2182 1260 2270 gloriosi,
1291 2183 1376 2248 vidit

297 2269 360 2331 uod
386 2268 476 2353 quasi
498 2269 626 2333 funibus
652 2292 729 2334 auro
758 2269 943 2333 clarioribus
973 2270 1007 2332 in
1030 2291 1166 2354 superna
1195 2268 1373 2346 tolleretur,

274 2291 374 2417 donec
388 2354 472 2418 caelis
491 2357 675 2438 patentibus
695 2355 887 2432 introducta,
904 2355 1038 2441 amplius
1060 2357 1101 2419 ab
1122 2353 1175 2418 illa
1190 2354 1290 2418 videri
1307 2377 1374 2418 non
1388 2379 1421 2412 ιο

167 2493 174 2503 .
273 2439 388 2524 potuit.
445 2439 511 2503 Neo
542 2440 672 2504 dubium
700 2440 854 2505 remansit
883 2440 1037 2526 cogitanti
1066 2442 1106 2504 de
1135 2440 1264 2517 visione,
1296 2441 1375 2524 quin

274 2524 387 2612 aliquis
411 2525 451 2589 de
480 2524 534 2590 illa
557 2527 802 2613 congregatione
822 2527 926 2591 'citius
956 2534 1040 2592 esset
1068 2526 1251 2605 moriturus,
1283 2527 1375 2611 cujus

274 2610 381 2676 anima
401 2635 460 2697 per
481 2614 566 2676 bona
589 2636 659 2699 quae
681 2614 807 2677 fecisset
829 2634 933 2697 opera,
951 2614 1041 2699 quasi
1064 2635 1122 2697 per
1145 2614 1236 2675 funes
1258 2635 1374 2676 aureos

274 2698 408 2761 levanda
423 2705 506 2762 esset
526 2700 569 2762 ad
588 2699 700 2762 caelos:
728 2699 813 2783 quod
834 2720 944 2762 revera
958 2700 1006 2762 ita
1021 2698 1165 2785 contigit.
1211 2698 1294 2761 Nam
1309 2721 1375 2761 non

273 2784 382 2847 multis
404 2783 600 2868 interpositis
622 2785 743 2861 dicbus,
767 2784 837 2847 Deo
856 2784 972 2848 dilecta
993 2792 1097 2849 mater
1119 2784 1375 2869 congregationis

274 2867 382 2954 ipsius,
399 2870 560 2955 ergastulo
574 2869 678 2934 carnis
693 2871 810 2933 educta
825 2876 893 2945 est,
920 2872 1008 2954 cujus
1023 2871 1120 2934 talem
1134 2870 1230 2933 fuisse
1245 2876 1374 2934 constat

274 2954 382 3031 vitam,
408 2963 445 3019 nt
468 2977 560 3019 nemo
585 2956 638 3041 qui
664 2978 734 3019 eam
760 2955 892 3032 noverit,
920 2956 1067 3020 dubitare
1092 2956 1209 3019 debeat
1238 2956 1314 3039 quin
1345 2956 1374 3019 ei
1388 2974 1419 3022 15

276 3040 405 3103 exeunti
420 3041 460 3105 de
474 3041 534 3105 hac
548 3042 615 3106 vita
629 3041 763 3105 caelestis
776 3041 889 3125 patriae
904 3042 1045 3125 patuerit
1059 3043 1227 3127 ingressus.

321 3125 360 3188 In
380 3126 490 3191 eodem
509 3150 635 3212 quoque
654 3127 847 3191 monasterio
862 3128 1008 3211 quaedam
1028 3135 1099 3191 erat
1118 3127 1235 3191 femina
1256 3126 1375 3191 sancti-

276 3210 429 3288 monialis,
448 3219 481 3275 et
495 3214 545 3277 ad
565 3213 671 3277 sacculi
692 3214 786 3297 hujus
810 3212 999 3298 dignitatem
1022 3214 1134 3277 nobilis
1153 3221 1186 3279 et
1209 3213 1242 3275 in
1265 3234 1376 3276 amors

275 3296 375 3360 futuri
398 3297 503 3361 saeculi
525 3299 678 3363 nobilior:
710 3322 781 3383 quae
803 3299 850 3362 ita
871 3298 979 3363 multis
997 3300 1066 3384 jam
1087 3299 1178 3363 annis
1198 3298 1284 3362 omni
1307 3320 1375 3361 cor-

275 3382 362 3465 poris
375 3383 481 3447 fuerat
495 3386 597 3449 officio
612 3384 777 3461 destituta,
795 3391 832 3448 ut
847 3406 886 3448 ne
901 3406 999 3447 unum
1014 3386 1141 3470 quidem
1161 3406 1286 3448 movere
1304 3384 1376 3470 ipsa

276 3469 452 3531 membrum
467 3470 595 3535 valeret.
640 3470 721 3534 Haec
736 3471 791 3533 ubi
811 3492 925 3555 corpus
945 3472 1116 3535 abbatissae
1136 3469 1323 3535 venerabilis
1342 3468 1376 3533 in
1388 3486 1423 3523 20

277 3554 440 3618 ecclesiam
459 3555 608 3633 delatum,
625 3557 724 3619 donec
744 3556 916 3641 sepulturae
936 3557 1076 3634 daretur,
1092 3556 1249 3641 cognovit,
1266 3562 1376 3639 postu-

276 3638 355 3704 lavit
369 3662 403 3703 se
417 3640 470 3704 illo
486 3641 600 3717 afferri,
616 3647 651 3706 et
672 3642 705 3703 in
726 3642 855 3705 modum
875 3642 1035 3706 orantium
1050 3644 1092 3707 ad
1114 3642 1191 3705 illud
1212 3640 1376 3705 adclinari.

277 3725 370 3804 Quod
392 3727 467 3789 dum
489 3727 590 3803 fieret,
635 3728 704 3791 uasi
725 3727 882 3791 viventem
906 3728 1063 3806 adlocuta,
1084 3728 1219 3813 rogavit,
1235 3733 1272 3790 ut
1290 3727 1378 3812 apud

276 3811 523 3875 misericordiam
545 3812 589 3911 pii
614 3750 794 3877 dondicoris
815 3814 1003 3897 impetraret
1027 3836 1060 3877 se
1082 3838 1103 3877 a
1122 3812 1223 3877 tantis
1246 3818 1377 3897 tamque

277 3896 408 3960 diutinis
423 3898 615 3962 cruciatibus
630 3898 758 3962 absolvi.
804 3899 870 3963 Nec
884 3900 986 3964 multo
1000 3900 1124 3964 tardius
1139 3898 1289 3989 enaudita
1304 3904 1375 3961 est:

277 4003 352 4045 nam
366 3989 440 4066 post
455 3984 521 4047 dies
537 3984 712 4062 duodecim,
728 3991 762 4049 et
779 3984 849 4071 ipsa
864 3985 979 4051 educta
992 4009 1033 4072 ex
1049 4008 1152 4063 carne,
1172 3983 1377 4068 ltemporales
1388 4010 1421 4061 25

277 4066 474 4133 adflictiones
488 4076 610 4133 aetcrna
624 4071 768 4135 mercede
782 4070 930 4137 mutavit.
980 4125 983 4133 ,

114 4182 242 4241 aparatio
322 4153 403 4218 (lum
427 4176 502 4219 vero
527 4157 664 4241 praefata
690 4156 810 4221 Christi
839 4157 958 4221 famula
988 4157 1151 4243 Torctgyd
1178 4164 1245 4222 tres
1271 4157 1377 4222 adhuc

114 4247 271 4309 fflilbufssffi·
312 4265 493 4327 eAEdtuerga
511 4268 597 4327 sapius
614 4267 682 4315 alibi.
717 4269 766 4315 Sed
787 4276 845 4315 nota
866 4268 947 4316 estin
966 4268 1106 4316 nominibus
1125 4268 1231 4331 propriis
1248 4268 1379 4317 diversitas

280 4328 408 4377 scribendi.
475 4332 585 4379 honrem
596 4333 627 4380 V.
693 4332 871 4395 lampacem
884 4333 1052 4397 afflictionem
1064 4332 1093 4381 V.

303 4427 335 4477 ¹7·
341 4418 466 4481 pausare]
477 4420 551 4468 Mori.
565 4420 635 4468 Cous.
653 4427 709 4468 erat
722 4428 808 4468 aretem
824 4422 851 4469 in
864 4423 978 4483 marimo
996 4436 1063 4483 cosa,
1081 4424 1108 4469 in
1124 4437 1174 4484 qua
1188 4422 1337 4486 infirmiores
1353 4430 1378 4470 et

278 4484 535 4594 quitprcpefmcn'turt
546 4501 596 4533 ecre
607 4486 764 4546 videirmtur,
776 4487 861 4535 induri
878 4486 996 4547 sotebant,
1014 4494 1040 4533 et
1055 4500 1110 4548 quae
1127 4487 1157 4535 de
1175 4487 1307 4536 Caedmone
1321 4502 1378 4535 nar·

277 4561 321 4593 run
350 4560 371 4605 r,
385 4562 409 4592 nr
423 4560 457 4607 ra,
469 4560 507 4606 24.
