<?xml version="1.0" encoding="UTF-8"?>
<!DOCTYPE html PUBLIC "-//W3C//DTD XHTML 1.0 Transitional//EN"
    "http://www.w3.org/TR/xhtml1/DTD/xhtml1-transitional.dtd">
<html xmlns="http://www.w3.org/1999/xhtml" xml:lang="en" lang="en">
 <head>
  <title>
</title>
<meta http-equiv="Content-Type" content="text/html;charset=utf-8" />
  <meta name='ocr-system' content='tesseract 3.04.00' />
  <meta name='ocr-capabilities' content='ocr_page ocr_carea ocr_par ocr_line ocrx_word'/>
</head>
<body>
  <div class='ocr_page' id='page_1' title='image "./historiaecclesi00hussgoog_0013.png"; bbox 0 0 3100 5125; ppageno 0'>
   <div class='ocr_carea' id='block_1_1' title="bbox 313 296 1077 357">
    <p class='ocr_par' dir='ltr' id='par_1_1' title="bbox 313 296 1077 357">
     <span class='ocr_line' id='line_1_1' title="bbox 313 296 1077 357; baseline -0.004 -1"><span class='ocrx_word' id='word_1_1' title='bbox 313 300 363 357; x_wconf 86' lang='lat' dir='ltr'><strong>viii</strong></span> <span class='ocrx_word' id='word_1_2' title='bbox 645 296 864 355; x_wconf 83' lang='lat' dir='ltr'>ELENCHUS</span> <span class='ocrx_word' id='word_1_3' title='bbox 887 298 1077 355; x_wconf 81' lang='lat' dir='ltr'>CAPITUM.</span> 
     </span>
    </p>
   </div>
   <div class='ocr_carea' id='block_1_2' title="bbox 314 426 1409 583">
    <p class='ocr_par' dir='ltr' id='par_1_2' title="bbox 314 426 1409 583">
     <span class='ocr_line' id='line_1_2' title="bbox 314 426 1409 502; baseline -0.005 -16"><span class='ocrx_word' id='word_1_4' title='bbox 314 430 398 486; x_wconf 91' lang='lat' dir='ltr'>XVI.</span> <span class='ocrx_word' id='word_1_5' title='bbox 420 429 462 485; x_wconf 93' lang='lat' dir='ltr'><strong>Ut</strong></span> <span class='ocrx_word' id='word_1_6' title='bbox 485 427 631 484; x_wconf 82' lang='lat' dir='ltr'>Brittones</span> <span class='ocrx_word' id='word_1_7' title='bbox 654 428 774 501; x_wconf 81' lang='lat' dir='ltr'><strong>primam</strong></span> <span class='ocrx_word' id='word_1_8' title='bbox 799 428 834 483; x_wconf 92' lang='lat' dir='ltr'><strong>de</strong></span> <span class='ocrx_word' id='word_1_9' title='bbox 862 435 948 502; x_wconf 90' lang='lat' dir='ltr'><strong>gente</strong></span> <span class='ocrx_word' id='word_1_10' title='bbox 972 428 1132 502; x_wconf 85' lang='lat' dir='ltr'><strong>Anglorum</strong></span> <span class='ocrx_word' id='word_1_11' title='bbox 1156 426 1314 493; x_wconf 88' lang='lat' dir='ltr'><strong>victoriam,</strong></span> <span class='ocrx_word' id='word_1_12' title='bbox 1341 426 1409 481; x_wconf 90' lang='lat' dir='ltr'><strong>duce</strong></span> 
     </span>
     <span class='ocr_line' id='line_1_3' title="bbox 354 508 1096 583; baseline -0.004 -17"><span class='ocrx_word' id='word_1_13' title='bbox 354 510 507 566; x_wconf 89' lang='lat' dir='ltr'><strong>Ambrosio</strong></span> <span class='ocrx_word' id='word_1_14' title='bbox 518 508 648 564; x_wconf 85' lang='lat' dir='ltr'><strong>Romano</strong></span> <span class='ocrx_word' id='word_1_15' title='bbox 662 509 787 572; x_wconf 89' lang='lat' dir='ltr'><strong>homine,</strong></span> <span class='ocrx_word' id='word_1_16' title='bbox 802 509 982 583; x_wconf 83' lang='lat' dir='ltr'>sumpserint.</span> <span class='ocrx_word' id='word_1_17' title='bbox 1006 526 1033 582; x_wconf 88' lang='lat' dir='ltr'><strong>p.</strong></span> <span class='ocrx_word' id='word_1_18' title='bbox 1045 525 1096 579; x_wconf 83' lang='lat'><strong>30.</strong></span> 
     </span>
    </p>
   </div>
   <div class='ocr_carea' id='block_1_3' title="bbox 314 603 1410 840">
    <p class='ocr_par' dir='ltr' id='par_1_3' title="bbox 314 603 1410 840">
     <span class='ocr_line' id='line_1_4' title="bbox 314 603 1410 680; baseline -0.005 -17"><span class='ocrx_word' id='word_1_19' title='bbox 314 606 413 663; x_wconf 91' lang='lat' dir='ltr'>XVII.</span> <span class='ocrx_word' id='word_1_20' title='bbox 436 605 479 662; x_wconf 92' lang='lat' dir='ltr'><strong>Ut</strong></span> <span class='ocrx_word' id='word_1_21' title='bbox 493 604 653 662; x_wconf 74' lang='lat' dir='ltr'><strong>Germaum</strong></span> <span class='ocrx_word' id='word_1_22' title='bbox 672 604 820 679; x_wconf 88' lang='lat' dir='ltr'><strong>episcopus</strong></span> <span class='ocrx_word' id='word_1_23' title='bbox 842 624 906 661; x_wconf 88' lang='lat' dir='ltr'><strong>cum</strong></span> <span class='ocrx_word' id='word_1_24' title='bbox 928 606 1009 680; x_wconf 88' lang='lat' dir='ltr'><strong>Lupo</strong></span> <span class='ocrx_word' id='word_1_25' title='bbox 1028 604 1197 662; x_wconf 76' lang='lat' dir='ltr'><strong>Brittaniam</strong></span> <span class='ocrx_word' id='word_1_26' title='bbox 1215 603 1363 677; x_wconf 89' lang='lat' dir='ltr'><strong>navigans,</strong></span> <span class='ocrx_word' id='word_1_27' title='bbox 1382 611 1410 659; x_wconf 90' lang='lat' dir='ltr'><strong>et</strong></span> 
     </span>
     <span class='ocr_line' id='line_1_5' title="bbox 354 683 1410 761; baseline -0.002 -18"><span class='ocrx_word' id='word_1_28' title='bbox 354 685 556 761; x_wconf 87' lang='lat' dir='ltr'><strong>primo-meris,</strong></span> <span class='ocrx_word' id='word_1_29' title='bbox 570 693 601 741; x_wconf 91' lang='lat' dir='ltr'><strong>et</strong></span> <span class='ocrx_word' id='word_1_30' title='bbox 613 686 796 758; x_wconf 90' lang='lat' dir='ltr'><strong>postmodum</strong></span> <span class='ocrx_word' id='word_1_31' title='bbox 807 686 1024 760; x_wconf 85' lang='lat' dir='ltr'><strong>Pelagianorum</strong></span> <span class='ocrx_word' id='word_1_32' title='bbox 1038 693 1235 759; x_wconf 80' lang='lat' dir='ltr'><strong>tempestatem</strong></span> <span class='ocrx_word' id='word_1_33' title='bbox 1252 683 1346 741; x_wconf 91' lang='lat' dir='ltr'><strong>divina</strong></span> <span class='ocrx_word' id='word_1_34' title='bbox 1356 683 1410 741; x_wconf 87' lang='lat' dir='ltr'><strong>vir·</strong></span> 
     </span>
     <span class='ocr_line' id='line_1_6' title="bbox 354 765 691 840; baseline -0.006 -15"><span class='ocrx_word' id='word_1_35' title='bbox 354 776 416 825; x_wconf 91' lang='lat' dir='ltr'><strong>tute</strong></span> <span class='ocrx_word' id='word_1_36' title='bbox 429 765 578 823; x_wconf 85' lang='lat' dir='ltr'><strong>sedaverit.</strong></span> <span class='ocrx_word' id='word_1_37' title='bbox 600 785 629 840; x_wconf 89' lang='lat' dir='ltr'><strong>p.</strong></span> <span class='ocrx_word' id='word_1_38' title='bbox 641 783 691 839; x_wconf 80' lang='lat'>31.</span> 
     </span>
    </p>
   </div>
   <div class='ocr_carea' id='block_1_4' title="bbox 243 862 1411 929">
    <p class='ocr_par' dir='ltr' id='par_1_4' title="bbox 243 862 1411 929">
     <span class='ocr_line' id='line_1_7' title="bbox 243 862 1411 929; baseline -0.002 -8"><span class='ocrx_word' id='word_1_39' title='bbox 243 918 245 921; x_wconf 84' lang='lat'>.</span> <span class='ocrx_word' id='word_1_40' title='bbox 314 864 428 922; x_wconf 88' lang='lat' dir='ltr'>XVIII.</span> <span class='ocrx_word' id='word_1_41' title='bbox 451 863 493 921; x_wconf 90' lang='lat' dir='ltr'><strong>Ut</strong></span> <span class='ocrx_word' id='word_1_42' title='bbox 512 863 588 921; x_wconf 89' lang='lat' dir='ltr'><strong>idem</strong></span> <span class='ocrx_word' id='word_1_43' title='bbox 610 862 698 919; x_wconf 88' lang='lat' dir='ltr'><strong>filiam</strong></span> <span class='ocrx_word' id='word_1_44' title='bbox 719 863 825 919; x_wconf 90' lang='lat' dir='ltr'><strong>tribuni</strong></span> <span class='ocrx_word' id='word_1_45' title='bbox 846 882 949 921; x_wconf 84' lang='lat' dir='ltr'><strong>caecam</strong></span> <span class='ocrx_word' id='word_1_46' title='bbox 972 862 1190 929; x_wconf 89' lang='lat' dir='ltr'><strong>inluminaverit,</strong></span> <span class='ocrx_word' id='word_1_47' title='bbox 1206 882 1239 920; x_wconf 87' lang='lat' dir='ltr'><strong>ac</strong></span> <span class='ocrx_word' id='word_1_48' title='bbox 1253 863 1355 920; x_wconf 90' lang='lat' dir='ltr'><strong>deinde</strong></span> <span class='ocrx_word' id='word_1_49' title='bbox 1375 864 1411 919; x_wconf 88' lang='lat' dir='ltr'><strong>ad</strong></span> 
     </span>
    </p>
   </div>
   <div class='ocr_carea' id='block_1_5' title="bbox 356 944 1409 1100">
    <p class='ocr_par' dir='ltr' id='par_1_5' title="bbox 356 944 1409 1100">
     <span class='ocr_line' id='line_1_8' title="bbox 356 944 1409 1021; baseline -0.001 -20"><span class='ocrx_word' id='word_1_50' title='bbox 356 954 485 1003; x_wconf 87' lang='lat' dir='ltr'><strong>sanctum</strong></span> <span class='ocrx_word' id='word_1_51' title='bbox 498 944 641 1002; x_wconf 87' lang='lat' dir='ltr'><strong>Albanum</strong></span> <span class='ocrx_word' id='word_1_52' title='bbox 660 944 837 1018; x_wconf 90' lang='lat' dir='ltr'><strong>perveniens,</strong></span> <span class='ocrx_word' id='word_1_53' title='bbox 852 944 984 1018; x_wconf 89' lang='lat' dir='ltr'><strong>reliquias</strong></span> <span class='ocrx_word' id='word_1_54' title='bbox 997 944 1102 1000; x_wconf 89' lang='lat' dir='ltr'><strong>ibidem</strong></span> <span class='ocrx_word' id='word_1_55' title='bbox 1116 952 1145 1000; x_wconf 89' lang='lat' dir='ltr'><strong>et</strong></span> <span class='ocrx_word' id='word_1_56' title='bbox 1159 944 1246 1019; x_wconf 91' lang='lat' dir='ltr'><strong>ipsius</strong></span> <span class='ocrx_word' id='word_1_57' title='bbox 1261 944 1409 1021; x_wconf 88' lang='lat' dir='ltr'><strong>acceperit,</strong></span> 
     </span>
     <span class='ocr_line' id='line_1_9' title="bbox 356 1024 1409 1100; baseline -0.003 -17"><span class='ocrx_word' id='word_1_58' title='bbox 356 1036 386 1083; x_wconf 90' lang='lat' dir='ltr'><strong>et</strong></span> <span class='ocrx_word' id='word_1_59' title='bbox 399 1028 547 1083; x_wconf 87' lang='lat' dir='ltr'><strong>beatorum</strong></span> <span class='ocrx_word' id='word_1_60' title='bbox 561 1025 764 1099; x_wconf 87' lang='lat' dir='ltr'><strong>apostolorum,</strong></span> <span class='ocrx_word' id='word_1_61' title='bbox 781 1024 839 1081; x_wconf 88' lang='lat' dir='ltr'><strong>sive</strong></span> <span class='ocrx_word' id='word_1_62' title='bbox 854 1026 973 1081; x_wconf 87' lang='lat' dir='ltr'><strong>aliorum</strong></span> <span class='ocrx_word' id='word_1_63' title='bbox 990 1034 1147 1100; x_wconf 86' lang='lat' dir='ltr'><strong>martyrum</strong></span> <span class='ocrx_word' id='word_1_64' title='bbox 1164 1024 1299 1100; x_wconf 85' lang='lat' dir='ltr'><strong>posuerit.</strong></span> <span class='ocrx_word' id='word_1_65' title='bbox 1321 1044 1347 1099; x_wconf 90' lang='lat' dir='ltr'><strong>p.</strong></span> <span class='ocrx_word' id='word_1_66' title='bbox 1361 1042 1409 1099; x_wconf 85' lang='lat'><strong>34.</strong></span> 
     </span>
    </p>
   </div>
   <div class='ocr_carea' id='block_1_6' title="bbox 315 1121 1411 1357">
    <p class='ocr_par' dir='ltr' id='par_1_6' title="bbox 315 1121 1411 1357">
     <span class='ocr_line' id='line_1_10' title="bbox 315 1121 1411 1187; baseline -0.002 -8"><span class='ocrx_word' id='word_1_67' title='bbox 315 1123 399 1179; x_wconf 89' lang='lat' dir='ltr'>XIX.</span> <span class='ocrx_word' id='word_1_68' title='bbox 422 1122 463 1179; x_wconf 92' lang='lat' dir='ltr'><strong>Ut</strong></span> <span class='ocrx_word' id='word_1_69' title='bbox 475 1122 552 1178; x_wconf 91' lang='lat' dir='ltr'><strong>idem</strong></span> <span class='ocrx_word' id='word_1_70' title='bbox 565 1141 651 1178; x_wconf 88' lang='lat' dir='ltr'><strong>causa</strong></span> <span class='ocrx_word' id='word_1_71' title='bbox 664 1121 836 1178; x_wconf 90' lang='lat' dir='ltr'><strong>infirmitatis</strong></span> <span class='ocrx_word' id='word_1_72' title='bbox 850 1121 956 1178; x_wconf 90' lang='lat' dir='ltr'><strong>ibidem</strong></span> <span class='ocrx_word' id='word_1_73' title='bbox 970 1122 1111 1187; x_wconf 88' lang='lat' dir='ltr'><strong>detentus,</strong></span> <span class='ocrx_word' id='word_1_74' title='bbox 1126 1130 1156 1179; x_wconf 89' lang='lat' dir='ltr'><strong>et</strong></span> <span class='ocrx_word' id='word_1_75' title='bbox 1169 1122 1299 1179; x_wconf 86' lang='lat' dir='ltr'><strong>incendia</strong></span> <span class='ocrx_word' id='word_1_76' title='bbox 1312 1122 1411 1177; x_wconf 88' lang='lat' dir='ltr'><strong>domo.</strong></span> 
     </span>
     <span class='ocr_line' id='line_1_11' title="bbox 355 1203 1411 1277; baseline -0.002 -18"><span class='ocrx_word' id='word_1_77' title='bbox 355 1222 419 1259; x_wconf 91' lang='lat' dir='ltr'><strong>rum</strong></span> <span class='ocrx_word' id='word_1_78' title='bbox 436 1203 543 1259; x_wconf 86' lang='lat' dir='ltr'><strong>orando</strong></span> <span class='ocrx_word' id='word_1_79' title='bbox 562 1203 740 1265; x_wconf 81' lang='lat' dir='ltr'><strong>restinxerit;</strong></span> <span class='ocrx_word' id='word_1_80' title='bbox 762 1203 871 1277; x_wconf 89' lang='lat' dir='ltr'><strong>etipse</strong></span> <span class='ocrx_word' id='word_1_81' title='bbox 891 1222 942 1277; x_wconf 92' lang='lat' dir='ltr'><strong>per</strong></span> <span class='ocrx_word' id='word_1_82' title='bbox 955 1203 1093 1260; x_wconf 78' lang='lat' dir='ltr'><strong>visionem</strong></span> <span class='ocrx_word' id='word_1_83' title='bbox 1113 1222 1130 1259; x_wconf 87' lang='lat' dir='ltr'><strong>a</strong></span> <span class='ocrx_word' id='word_1_84' title='bbox 1148 1222 1199 1259; x_wconf 89' lang='lat' dir='ltr'><strong>suo</strong></span> <span class='ocrx_word' id='word_1_85' title='bbox 1218 1203 1254 1259; x_wconf 89' lang='lat' dir='ltr'><strong>sit</strong></span> <span class='ocrx_word' id='word_1_86' title='bbox 1275 1203 1411 1277; x_wconf 88' lang='lat' dir='ltr'><strong>languore</strong></span> 
     </span>
     <span class='ocr_line' id='line_1_12' title="bbox 356 1293 590 1357; baseline -0.004 -17"><span class='ocrx_word' id='word_1_87' title='bbox 356 1293 478 1340; x_wconf 87' lang='lat' dir='ltr'><strong>curatus.</strong></span> <span class='ocrx_word' id='word_1_88' title='bbox 500 1304 527 1357; x_wconf 90' lang='lat' dir='ltr'><strong>p.</strong></span> <span class='ocrx_word' id='word_1_89' title='bbox 540 1300 590 1355; x_wconf 80' lang='lat'><strong>34.</strong></span> 
     </span>
    </p>
   </div>
   <div class='ocr_carea' id='block_1_7' title="bbox 315 1376 1410 1535">
    <p class='ocr_par' dir='ltr' id='par_1_7' title="bbox 315 1376 1410 1535">
     <span class='ocr_line' id='line_1_13' title="bbox 315 1376 1410 1455; baseline 0 -19"><span class='ocrx_word' id='word_1_90' title='bbox 315 1378 383 1436; x_wconf 89' lang='lat' dir='ltr'><strong>XX.</strong></span> <span class='ocrx_word' id='word_1_91' title='bbox 406 1380 448 1436; x_wconf 94' lang='lat' dir='ltr'><strong>Ut</strong></span> <span class='ocrx_word' id='word_1_92' title='bbox 460 1379 544 1435; x_wconf 91' lang='lat' dir='ltr'><strong>iidem</strong></span> <span class='ocrx_word' id='word_1_93' title='bbox 559 1379 684 1453; x_wconf 82' lang='lat' dir='ltr'><strong>episcopi</strong></span> <span class='ocrx_word' id='word_1_94' title='bbox 698 1380 876 1437; x_wconf 88' lang='lat' dir='ltr'><strong>Brittonibus</strong></span> <span class='ocrx_word' id='word_1_95' title='bbox 897 1380 926 1436; x_wconf 90' lang='lat' dir='ltr'><strong>in</strong></span> <span class='ocrx_word' id='word_1_96' title='bbox 948 1397 1045 1455; x_wconf 87' lang='lat' dir='ltr'><strong>pugna</strong></span> <span class='ocrx_word' id='word_1_97' title='bbox 1065 1378 1199 1437; x_wconf 83' lang='lat' dir='ltr'><strong>auxilium</strong></span> <span class='ocrx_word' id='word_1_98' title='bbox 1214 1376 1326 1435; x_wconf 87' lang='lat' dir='ltr'><strong>caeleste</strong></span> <span class='ocrx_word' id='word_1_99' title='bbox 1339 1379 1410 1436; x_wconf 90' lang='lat' dir='ltr'><strong>tule-</strong></span> 
     </span>
     <span class='ocr_line' id='line_1_14' title="bbox 356 1460 968 1535; baseline 0.003 -20"><span class='ocrx_word' id='word_1_100' title='bbox 356 1460 423 1526; x_wconf 86' lang='lat' dir='ltr'><strong>rint,</strong></span> <span class='ocrx_word' id='word_1_101' title='bbox 434 1460 530 1534; x_wconf 87' lang='lat' dir='ltr'><strong>sicque</strong></span> <span class='ocrx_word' id='word_1_102' title='bbox 544 1460 660 1516; x_wconf 91' lang='lat' dir='ltr'><strong>domum</strong></span> <span class='ocrx_word' id='word_1_103' title='bbox 673 1462 779 1517; x_wconf 91' lang='lat' dir='ltr'><strong>reversi</strong></span> <span class='ocrx_word' id='word_1_104' title='bbox 793 1461 859 1517; x_wconf 91' lang='lat' dir='ltr'><strong>sint.</strong></span> <span class='ocrx_word' id='word_1_105' title='bbox 880 1480 908 1535; x_wconf 93' lang='lat' dir='ltr'><strong>p.</strong></span> <span class='ocrx_word' id='word_1_106' title='bbox 921 1476 968 1535; x_wconf 82' lang='lat'><strong>35.</strong></span> 
     </span>
    </p>
   </div>
   <div class='ocr_carea' id='block_1_8' title="bbox 315 1557 1414 2051">
    <p class='ocr_par' dir='ltr' id='par_1_8' title="bbox 315 1557 1412 1874">
     <span class='ocr_line' id='line_1_15' title="bbox 315 1557 1411 1632; baseline -0.002 -17"><span class='ocrx_word' id='word_1_107' title='bbox 315 1557 399 1615; x_wconf 87' lang='lat' dir='ltr'>XXI.</span> <span class='ocrx_word' id='word_1_108' title='bbox 421 1558 463 1614; x_wconf 91' lang='lat' dir='ltr'><strong>Ut</strong></span> <span class='ocrx_word' id='word_1_109' title='bbox 485 1557 698 1614; x_wconf 81' lang='lat' dir='ltr'><strong>renascentibus</strong></span> <span class='ocrx_word' id='word_1_110' title='bbox 718 1558 849 1632; x_wconf 88' lang='lat' dir='ltr'><strong>virgultis</strong></span> <span class='ocrx_word' id='word_1_111' title='bbox 871 1557 1030 1632; x_wconf 90' lang='lat' dir='ltr'><strong>Pelagianae</strong></span> <span class='ocrx_word' id='word_1_112' title='bbox 1053 1557 1140 1630; x_wconf 85' lang='lat' dir='ltr'><strong>pestis</strong></span> <span class='ocrx_word' id='word_1_113' title='bbox 1163 1557 1324 1614; x_wconf 90' lang='lat' dir='ltr'><strong>Germanus</strong></span> <span class='ocrx_word' id='word_1_114' title='bbox 1347 1576 1411 1613; x_wconf 92' lang='lat' dir='ltr'><strong>cum</strong></span> 
     </span>
     <span class='ocr_line' id='line_1_16' title="bbox 357 1638 1412 1712; baseline -0.001 -16"><span class='ocrx_word' id='word_1_115' title='bbox 357 1638 464 1696; x_wconf 85' lang='lat' dir='ltr'><strong>Severo</strong></span> <span class='ocrx_word' id='word_1_116' title='bbox 479 1638 648 1695; x_wconf 78' lang='lat' dir='ltr'><strong>Brittaniam</strong></span> <span class='ocrx_word' id='word_1_117' title='bbox 662 1657 801 1703; x_wconf 87' lang='lat' dir='ltr'><strong>reversus,</strong></span> <span class='ocrx_word' id='word_1_118' title='bbox 816 1638 894 1712; x_wconf 90' lang='lat' dir='ltr'><strong>prins</strong></span> <span class='ocrx_word' id='word_1_119' title='bbox 908 1638 1008 1695; x_wconf 88' lang='lat' dir='ltr'><strong>claudo</strong></span> <span class='ocrx_word' id='word_1_120' title='bbox 1025 1638 1123 1711; x_wconf 91' lang='lat' dir='ltr'><strong>juveni</strong></span> <span class='ocrx_word' id='word_1_121' title='bbox 1144 1638 1295 1703; x_wconf 88' lang='lat' dir='ltr'><strong>incessum,</strong></span> <span class='ocrx_word' id='word_1_122' title='bbox 1311 1638 1412 1695; x_wconf 92' lang='lat' dir='ltr'><strong>deinde</strong></span> 
     </span>
     <span class='ocr_line' id='line_1_17' title="bbox 357 1716 1411 1793; baseline 0.001 -18"><span class='ocrx_word' id='word_1_123' title='bbox 357 1728 387 1776; x_wconf 91' lang='lat' dir='ltr'><strong>et</strong></span> <span class='ocrx_word' id='word_1_124' title='bbox 400 1719 505 1793; x_wconf 90' lang='lat' dir='ltr'><strong>populo</strong></span> <span class='ocrx_word' id='word_1_125' title='bbox 516 1718 580 1787; x_wconf 92' lang='lat' dir='ltr'><strong>Dei,</strong></span> <span class='ocrx_word' id='word_1_126' title='bbox 594 1719 791 1777; x_wconf 88' lang='lat' dir='ltr'><strong>condemnatis</strong></span> <span class='ocrx_word' id='word_1_127' title='bbox 805 1720 864 1775; x_wconf 90' lang='lat' dir='ltr'><strong>sive</strong></span> <span class='ocrx_word' id='word_1_128' title='bbox 878 1718 1036 1775; x_wconf 89' lang='lat' dir='ltr'><strong>emendatis</strong></span> <span class='ocrx_word' id='word_1_129' title='bbox 1057 1716 1207 1787; x_wconf 81' lang='lat' dir='ltr'><strong>haereticis,</strong></span> <span class='ocrx_word' id='word_1_130' title='bbox 1223 1737 1353 1792; x_wconf 81' lang='lat' dir='ltr'><strong>gressum</strong></span> <span class='ocrx_word' id='word_1_131' title='bbox 1367 1736 1411 1776; x_wconf 85' lang='lat' dir='ltr'><strong>rc-</strong></span> 
     </span>
     <span class='ocr_line' id='line_1_18' title="bbox 357 1799 699 1874; baseline 0 -19"><span class='ocrx_word' id='word_1_132' title='bbox 357 1800 497 1874; x_wconf 88' lang='lat' dir='ltr'><strong>cuperarit</strong></span> <span class='ocrx_word' id='word_1_133' title='bbox 510 1799 587 1855; x_wconf 89' lang='lat' dir='ltr'><strong>fidei.</strong></span> <span class='ocrx_word' id='word_1_134' title='bbox 609 1818 638 1873; x_wconf 92' lang='lat' dir='ltr'><strong>p.</strong></span> <span class='ocrx_word' id='word_1_135' title='bbox 652 1816 699 1873; x_wconf 83' lang='lat'><strong>37.</strong></span> 
     </span>
    </p>

    <p class='ocr_par' dir='ltr' id='par_1_9' title="bbox 316 1893 1414 2051">
     <span class='ocr_line' id='line_1_19' title="bbox 316 1893 1414 1969; baseline -0.001 -17"><span class='ocrx_word' id='word_1_136' title='bbox 316 1896 416 1952; x_wconf 88' lang='lat' dir='ltr'>XXII.</span> <span class='ocrx_word' id='word_1_137' title='bbox 440 1895 481 1951; x_wconf 90' lang='lat' dir='ltr'><strong>Ut</strong></span> <span class='ocrx_word' id='word_1_138' title='bbox 495 1895 641 1951; x_wconf 87' lang='lat' dir='ltr'><strong>Brittones</strong></span> <span class='ocrx_word' id='word_1_139' title='bbox 655 1893 866 1969; x_wconf 84' lang='lat' dir='ltr'><strong>quiescentibus</strong></span> <span class='ocrx_word' id='word_1_140' title='bbox 884 1896 920 1951; x_wconf 88' lang='lat' dir='ltr'><strong>ad</strong></span> <span class='ocrx_word' id='word_1_141' title='bbox 940 1903 1053 1969; x_wconf 91' lang='lat' dir='ltr'><strong>tempus</strong></span> <span class='ocrx_word' id='word_1_142' title='bbox 1074 1896 1187 1959; x_wconf 84' lang='lat' dir='ltr'><strong>exteris,</strong></span> <span class='ocrx_word' id='word_1_143' title='bbox 1203 1893 1330 1951; x_wconf 88' lang='lat' dir='ltr'><strong>civilibus</strong></span> <span class='ocrx_word' id='word_1_144' title='bbox 1351 1911 1414 1951; x_wconf 87' lang='lat' dir='ltr'><strong>sese</strong></span> 
     </span>
     <span class='ocr_line' id='line_1_20' title="bbox 357 1974 1412 2051; baseline 0 -20"><span class='ocrx_word' id='word_1_145' title='bbox 357 1976 439 2031; x_wconf 90' lang='lat' dir='ltr'><strong>bellis</strong></span> <span class='ocrx_word' id='word_1_146' title='bbox 449 1974 643 2038; x_wconf 87' lang='lat' dir='ltr'><strong>contriverint,</strong></span> <span class='ocrx_word' id='word_1_147' title='bbox 656 1975 739 2031; x_wconf 90' lang='lat' dir='ltr'><strong>simul</strong></span> <span class='ocrx_word' id='word_1_148' title='bbox 750 1982 779 2032; x_wconf 91' lang='lat' dir='ltr'><strong>et</strong></span> <span class='ocrx_word' id='word_1_149' title='bbox 793 1976 947 2049; x_wconf 87' lang='lat' dir='ltr'><strong>majoribus</strong></span> <span class='ocrx_word' id='word_1_150' title='bbox 961 1975 1076 2051; x_wconf 88' lang='lat' dir='ltr'><strong>flagitiis</strong></span> <span class='ocrx_word' id='word_1_151' title='bbox 1091 1976 1301 2032; x_wconf 89' lang='lat' dir='ltr'><strong>submerserint.</strong></span> <span class='ocrx_word' id='word_1_152' title='bbox 1323 1995 1350 2049; x_wconf 93' lang='lat' dir='ltr'><strong>p.</strong></span> <span class='ocrx_word' id='word_1_153' title='bbox 1363 1993 1412 2051; x_wconf 84' lang='lat'><strong>39.</strong></span> 
     </span>
    </p>
   </div>
   <div class='ocr_carea' id='block_1_9' title="bbox 247 2072 1414 2309">
    <p class='ocr_par' dir='ltr' id='par_1_10' title="bbox 247 2072 1414 2309">
     <span class='ocr_line' id='line_1_21' title="bbox 316 2072 1414 2147; baseline 0.001 -18"><span class='ocrx_word' id='word_1_154' title='bbox 316 2072 432 2129; x_wconf 94' lang='lat' dir='ltr'>XXIII.</span> <span class='ocrx_word' id='word_1_155' title='bbox 455 2073 497 2129; x_wconf 92' lang='lat' dir='ltr'><strong>Ut</strong></span> <span class='ocrx_word' id='word_1_156' title='bbox 515 2080 629 2128; x_wconf 90' lang='lat' dir='ltr'><strong>sanctus</strong></span> <span class='ocrx_word' id='word_1_157' title='bbox 649 2092 723 2146; x_wconf 89' lang='lat' dir='ltr'><strong>papa</strong></span> <span class='ocrx_word' id='word_1_158' title='bbox 736 2073 894 2147; x_wconf 89' lang='lat' dir='ltr'><strong>Gregorius</strong></span> <span class='ocrx_word' id='word_1_159' title='bbox 909 2072 1103 2147; x_wconf 88' lang='lat' dir='ltr'><strong>Augustinum</strong></span> <span class='ocrx_word' id='word_1_160' title='bbox 1125 2092 1189 2129; x_wconf 88' lang='lat' dir='ltr'><strong>cum</strong></span> <span class='ocrx_word' id='word_1_161' title='bbox 1210 2072 1357 2129; x_wconf 89' lang='lat' dir='ltr'><strong>monachis</strong></span> <span class='ocrx_word' id='word_1_162' title='bbox 1377 2072 1414 2130; x_wconf 89' lang='lat' dir='ltr'><strong>ad</strong></span> 
     </span>
     <span class='ocr_line' id='line_1_22' title="bbox 358 2153 1414 2229; baseline 0 -20"><span class='ocrx_word' id='word_1_163' title='bbox 358 2153 567 2228; x_wconf 88' lang='lat' dir='ltr'><strong>praedicandum</strong></span> <span class='ocrx_word' id='word_1_164' title='bbox 581 2154 661 2227; x_wconf 92' lang='lat' dir='ltr'><strong>genti</strong></span> <span class='ocrx_word' id='word_1_165' title='bbox 669 2153 829 2227; x_wconf 89' lang='lat' dir='ltr'><strong>Anglorum</strong></span> <span class='ocrx_word' id='word_1_166' title='bbox 843 2154 968 2219; x_wconf 90' lang='lat' dir='ltr'><strong>mittens,</strong></span> <span class='ocrx_word' id='word_1_167' title='bbox 979 2154 1099 2228; x_wconf 87' lang='lat' dir='ltr'><strong>epistola</strong></span> <span class='ocrx_word' id='word_1_168' title='bbox 1109 2173 1220 2229; x_wconf 89' lang='lat' dir='ltr'><strong>quoque</strong></span> <span class='ocrx_word' id='word_1_169' title='bbox 1233 2154 1296 2210; x_wconf 91' lang='lat' dir='ltr'><strong>illos</strong></span> <span class='ocrx_word' id='word_1_170' title='bbox 1310 2153 1414 2210; x_wconf 82' lang='lat' dir='ltr'><strong>exhor-</strong></span> 
     </span>
     <span class='ocr_line' id='line_1_23' title="bbox 247 2234 1306 2309; baseline -0.002 -18"><span class='ocrx_word' id='word_1_171' title='bbox 247 2276 251 2283; x_wconf 76' lang='lat'>.</span> <span class='ocrx_word' id='word_1_172' title='bbox 358 2234 462 2292; x_wconf 87' lang='lat' dir='ltr'><strong>tatoria</strong></span> <span class='ocrx_word' id='word_1_173' title='bbox 474 2252 511 2291; x_wconf 91' lang='lat' dir='ltr'><strong>ne</strong></span> <span class='ocrx_word' id='word_1_174' title='bbox 524 2253 542 2289; x_wconf 85' lang='lat' dir='ltr'><strong>a</strong></span> <span class='ocrx_word' id='word_1_175' title='bbox 554 2234 709 2290; x_wconf 88' lang='lat' dir='ltr'><strong>laborando</strong></span> <span class='ocrx_word' id='word_1_176' title='bbox 723 2245 876 2301; x_wconf 83' lang='lat' dir='ltr'><strong>cessarent,</strong></span> <span class='ocrx_word' id='word_1_177' title='bbox 891 2234 1101 2292; x_wconf 83' lang='lat' dir='ltr'><strong>confortaverit.</strong></span> <span class='ocrx_word' id='word_1_178' title='bbox 1124 2255 1152 2309; x_wconf 93' lang='lat' dir='ltr'><strong>p.</strong></span> <span class='ocrx_word' id='word_1_179' title='bbox 1164 2252 1214 2307; x_wconf 87' lang='lat'>40.</span> <span class='ocrx_word' id='word_1_180' title='bbox 1303 2254 1306 2263; x_wconf 63' lang='lat'><strong><em>⁴</em></strong></span> 
     </span>
    </p>
   </div>
   <div class='ocr_carea' id='block_1_10' title="bbox 317 2329 1414 2589">
    <p class='ocr_par' dir='ltr' id='par_1_11' title="bbox 317 2329 1414 2589">
     <span class='ocr_line' id='line_1_24' title="bbox 317 2329 1414 2407; baseline 0 -20"><span class='ocrx_word' id='word_1_181' title='bbox 317 2330 429 2387; x_wconf 93' lang='lat' dir='ltr'>XXIV.</span> <span class='ocrx_word' id='word_1_182' title='bbox 452 2330 494 2387; x_wconf 93' lang='lat' dir='ltr'><strong>Ut</strong></span> <span class='ocrx_word' id='word_1_183' title='bbox 515 2329 678 2387; x_wconf 84' lang='lat' dir='ltr'><strong>Arelatensi</strong></span> <span class='ocrx_word' id='word_1_184' title='bbox 703 2331 836 2406; x_wconf 91' lang='lat' dir='ltr'><strong>episcopo</strong></span> <span class='ocrx_word' id='word_1_185' title='bbox 860 2332 1009 2406; x_wconf 90' lang='lat' dir='ltr'><strong>epistolam</strong></span> <span class='ocrx_word' id='word_1_186' title='bbox 1035 2351 1088 2407; x_wconf 90' lang='lat' dir='ltr'><strong>pro</strong></span> <span class='ocrx_word' id='word_1_187' title='bbox 1113 2351 1211 2389; x_wconf 92' lang='lat' dir='ltr'><strong>eorum</strong></span> <span class='ocrx_word' id='word_1_188' title='bbox 1235 2332 1414 2406; x_wconf 85' lang='lat' dir='ltr'><strong>susceptione</strong></span> 
     </span>
     <span class='ocr_line' id='line_1_25' title="bbox 358 2410 768 2485; baseline 0 -18"><span class='ocrx_word' id='word_1_189' title='bbox 358 2410 474 2468; x_wconf 90' lang='lat' dir='ltr'><strong>miserit.</strong></span> <span class='ocrx_word' id='word_1_190' title='bbox 496 2430 523 2485; x_wconf 94' lang='lat' dir='ltr'><strong>p.</strong></span> <span class='ocrx_word' id='word_1_191' title='bbox 535 2429 585 2483; x_wconf 80' lang='lat'><strong>4²·</strong></span> <span class='ocrx_word' id='word_1_192' title='bbox 765 2474 768 2478; x_wconf 10' lang='grc' dir='ltr'><strong><em>ἵ</em></strong></span> 
     </span>
     <span class='ocr_line' id='line_1_26' title="bbox 317 2509 1413 2589; baseline 0 -23"><span class='ocrx_word' id='word_1_193' title='bbox 317 2509 411 2567; x_wconf 89' lang='lat' dir='ltr'>XXV.</span> <span class='ocrx_word' id='word_1_194' title='bbox 434 2509 476 2566; x_wconf 93' lang='lat' dir='ltr'><strong>Ut</strong></span> <span class='ocrx_word' id='word_1_195' title='bbox 489 2509 604 2566; x_wconf 89' lang='lat' dir='ltr'><strong>veniens</strong></span> <span class='ocrx_word' id='word_1_196' title='bbox 624 2509 794 2566; x_wconf 84' lang='lat' dir='ltr'><strong>Brittaniam</strong></span> <span class='ocrx_word' id='word_1_197' title='bbox 815 2510 1000 2589; x_wconf 81' lang='lat' dir='ltr'><strong>Augustinus,</strong></span> <span class='ocrx_word' id='word_1_198' title='bbox 1022 2510 1114 2585; x_wconf 90' lang='lat' dir='ltr'><strong>primo</strong></span> <span class='ocrx_word' id='word_1_199' title='bbox 1134 2510 1163 2567; x_wconf 92' lang='lat' dir='ltr'><strong>in</strong></span> <span class='ocrx_word' id='word_1_200' title='bbox 1185 2510 1276 2566; x_wconf 89' lang='lat' dir='ltr'><strong>insula</strong></span> <span class='ocrx_word' id='word_1_201' title='bbox 1293 2510 1413 2576; x_wconf 87' lang='lat' dir='ltr'><strong>Tanato,</strong></span> 
     </span>
    </p>
   </div>
   <div class='ocr_carea' id='block_1_11' title="bbox 358 2590 1414 2747">
    <p class='ocr_par' dir='ltr' id='par_1_12' title="bbox 358 2590 1414 2747">
     <span class='ocr_line' id='line_1_27' title="bbox 358 2590 1414 2666; baseline -0.006 -19"><span class='ocrx_word' id='word_1_202' title='bbox 358 2591 421 2666; x_wconf 88' lang='lat' dir='ltr'><strong>regi</strong></span> <span class='ocrx_word' id='word_1_203' title='bbox 435 2590 653 2647; x_wconf 85' lang='lat' dir='ltr'><strong>Cantuariorum</strong></span> <span class='ocrx_word' id='word_1_204' title='bbox 668 2591 850 2664; x_wconf 87' lang='lat' dir='ltr'><strong>praedicaret;</strong></span> <span class='ocrx_word' id='word_1_205' title='bbox 873 2602 902 2649; x_wconf 90' lang='lat' dir='ltr'><strong>et</strong></span> <span class='ocrx_word' id='word_1_206' title='bbox 917 2592 957 2648; x_wconf 89' lang='lat' dir='ltr'><strong>sic</strong></span> <span class='ocrx_word' id='word_1_207' title='bbox 971 2601 1087 2666; x_wconf 89' lang='lat' dir='ltr'><strong>accepta</strong></span> <span class='ocrx_word' id='word_1_208' title='bbox 1101 2593 1136 2648; x_wconf 92' lang='lat' dir='ltr'><strong>ab</strong></span> <span class='ocrx_word' id='word_1_209' title='bbox 1151 2611 1185 2648; x_wconf 92' lang='lat' dir='ltr'><strong>eo</strong></span> <span class='ocrx_word' id='word_1_210' title='bbox 1200 2590 1322 2654; x_wconf 88' lang='lat' dir='ltr'><strong>licentia,</strong></span> <span class='ocrx_word' id='word_1_211' title='bbox 1338 2593 1414 2647; x_wconf 85' lang='lat' dir='ltr'><strong>Can.</strong></span> 
     </span>
     <span class='ocr_line' id='line_1_28' title="bbox 358 2671 926 2747; baseline 0.002 -19"><span class='ocrx_word' id='word_1_212' title='bbox 358 2672 429 2729; x_wconf 92' lang='lat' dir='ltr'><strong>tiam</strong></span> <span class='ocrx_word' id='word_1_213' title='bbox 442 2672 644 2746; x_wconf 82' lang='lat' dir='ltr'><strong>praedicaturus</strong></span> <span class='ocrx_word' id='word_1_214' title='bbox 657 2671 813 2728; x_wconf 85' lang='lat' dir='ltr'><strong>intraverit.</strong></span> <span class='ocrx_word' id='word_1_215' title='bbox 836 2692 865 2747; x_wconf 93' lang='lat' dir='ltr'><strong>p.</strong></span> <span class='ocrx_word' id='word_1_216' title='bbox 877 2691 926 2746; x_wconf 85' lang='lat'><strong>43.</strong></span> 
     </span>
    </p>
   </div>
   <div class='ocr_carea' id='block_1_12' title="bbox 306 2766 1418 3973">
    <p class='ocr_par' dir='ltr' id='par_1_13' title="bbox 316 2766 1415 2926">
     <span class='ocr_line' id='line_1_29' title="bbox 316 2766 1415 2842; baseline -0.003 -18"><span class='ocrx_word' id='word_1_217' title='bbox 316 2767 429 2824; x_wconf 92' lang='lat' dir='ltr'>XXVI.</span> <span class='ocrx_word' id='word_1_218' title='bbox 452 2767 494 2824; x_wconf 90' lang='lat' dir='ltr'><strong>Ut</strong></span> <span class='ocrx_word' id='word_1_219' title='bbox 506 2767 582 2824; x_wconf 91' lang='lat' dir='ltr'><strong>idem</strong></span> <span class='ocrx_word' id='word_1_220' title='bbox 597 2769 625 2824; x_wconf 91' lang='lat' dir='ltr'><strong>in</strong></span> <span class='ocrx_word' id='word_1_221' title='bbox 641 2767 744 2824; x_wconf 85' lang='lat' dir='ltr'><strong>Cantia</strong></span> <span class='ocrx_word' id='word_1_222' title='bbox 757 2768 906 2842; x_wconf 86' lang='lat' dir='ltr'><strong>primitivae</strong></span> <span class='ocrx_word' id='word_1_223' title='bbox 920 2769 1045 2826; x_wconf 83' lang='lat' dir='ltr'><strong>ecclesiae</strong></span> <span class='ocrx_word' id='word_1_224' title='bbox 1066 2776 1095 2825; x_wconf 92' lang='lat' dir='ltr'><strong>et</strong></span> <span class='ocrx_word' id='word_1_225' title='bbox 1116 2768 1273 2825; x_wconf 82' lang='lat' dir='ltr'><strong>doctrinam</strong></span> <span class='ocrx_word' id='word_1_226' title='bbox 1294 2768 1331 2824; x_wconf 92' lang='lat' dir='ltr'><strong>sit</strong></span> <span class='ocrx_word' id='word_1_227' title='bbox 1351 2766 1415 2823; x_wconf 91' lang='lat' dir='ltr'><strong>imi·</strong></span> 
     </span>
     <span class='ocr_line' id='line_1_30' title="bbox 358 2847 1413 2926; baseline -0.002 -22"><span class='ocrx_word' id='word_1_228' title='bbox 358 2856 436 2905; x_wconf 87' lang='lat' dir='ltr'><strong>tatus</strong></span> <span class='ocrx_word' id='word_1_229' title='bbox 454 2858 483 2904; x_wconf 91' lang='lat' dir='ltr'><strong>et</strong></span> <span class='ocrx_word' id='word_1_230' title='bbox 496 2847 593 2913; x_wconf 90' lang='lat' dir='ltr'><strong>vitam,</strong></span> <span class='ocrx_word' id='word_1_231' title='bbox 608 2857 693 2923; x_wconf 90' lang='lat' dir='ltr'><strong>atque</strong></span> <span class='ocrx_word' id='word_1_232' title='bbox 712 2850 742 2905; x_wconf 86' lang='lat' dir='ltr'><strong>io</strong></span> <span class='ocrx_word' id='word_1_233' title='bbox 762 2851 832 2906; x_wconf 89' lang='lat' dir='ltr'><strong>urbe</strong></span> <span class='ocrx_word' id='word_1_234' title='bbox 852 2851 930 2926; x_wconf 89' lang='lat' dir='ltr'><strong>regis</strong></span> <span class='ocrx_word' id='word_1_235' title='bbox 949 2851 1046 2908; x_wconf 89' lang='lat' dir='ltr'><strong>sedem</strong></span> <span class='ocrx_word' id='word_1_236' title='bbox 1067 2849 1246 2924; x_wconf 87' lang='lat' dir='ltr'><strong>episcopatus</strong></span> <span class='ocrx_word' id='word_1_237' title='bbox 1266 2849 1413 2922; x_wconf 88' lang='lat' dir='ltr'><strong>acceperit.</strong></span> 
     </span>
    </p>

    <p class='ocr_par' dir='ltr' id='par_1_14' title="bbox 317 2946 1416 3262">
     <span class='ocr_line' id='line_1_31' title="bbox 317 2946 1416 3101; baseline -0.002 -18"><span class='ocrx_word' id='word_1_238' title='bbox 317 2946 447 3083; x_wconf 76' lang='lat' dir='ltr'>XXVlI.</span> <span class='ocrx_word' id='word_1_239' title='bbox 470 3025 512 3081; x_wconf 92' lang='lat' dir='ltr'><strong>Ut</strong></span> <span class='ocrx_word' id='word_1_240' title='bbox 525 3025 601 3081; x_wconf 90' lang='lat' dir='ltr'><strong>idem</strong></span> <span class='ocrx_word' id='word_1_241' title='bbox 621 3025 770 3100; x_wconf 89' lang='lat' dir='ltr'><strong>episcopus</strong></span> <span class='ocrx_word' id='word_1_242' title='bbox 790 3027 891 3092; x_wconf 83' lang='lat' dir='ltr'><strong>factus,</strong></span> <span class='ocrx_word' id='word_1_243' title='bbox 908 3027 1051 3101; x_wconf 85' lang='lat' dir='ltr'><strong>Gregorio</strong></span> <span class='ocrx_word' id='word_1_244' title='bbox 1071 3045 1161 3101; x_wconf 89' lang='lat' dir='ltr'><strong>papae,</strong></span> <span class='ocrx_word' id='word_1_245' title='bbox 1176 3045 1238 3100; x_wconf 91' lang='lat' dir='ltr'><strong>quae</strong></span> <span class='ocrx_word' id='word_1_246' title='bbox 1260 3025 1317 3085; x_wconf 91' lang='lat' dir='ltr'><strong>sint</strong></span> <span class='ocrx_word' id='word_1_247' title='bbox 1338 3025 1416 3081; x_wconf 90' lang='lat' dir='ltr'><strong>Brit·</strong></span> 
     </span>
     <span class='ocr_line' id='line_1_32' title="bbox 358 3106 1416 3182; baseline -0.004 -18"><span class='ocrx_word' id='word_1_248' title='bbox 358 3107 443 3164; x_wconf 89' lang='lat' dir='ltr'><strong>taniae</strong></span> <span class='ocrx_word' id='word_1_249' title='bbox 466 3115 549 3180; x_wconf 88' lang='lat' dir='ltr'><strong>gesta</strong></span> <span class='ocrx_word' id='word_1_250' title='bbox 570 3106 721 3171; x_wconf 88' lang='lat' dir='ltr'><strong>mandarit,</strong></span> <span class='ocrx_word' id='word_1_251' title='bbox 736 3115 766 3164; x_wconf 92' lang='lat' dir='ltr'><strong>et</strong></span> <span class='ocrx_word' id='word_1_252' title='bbox 786 3107 870 3164; x_wconf 90' lang='lat' dir='ltr'><strong>simul</strong></span> <span class='ocrx_word' id='word_1_253' title='bbox 890 3107 1056 3164; x_wconf 87' lang='lat' dir='ltr'><strong>necessariis</strong></span> <span class='ocrx_word' id='word_1_254' title='bbox 1077 3108 1138 3180; x_wconf 88' lang='lat' dir='ltr'><strong>ejus</strong></span> <span class='ocrx_word' id='word_1_255' title='bbox 1159 3124 1295 3180; x_wconf 88' lang='lat' dir='ltr'><strong>responsa</strong></span> <span class='ocrx_word' id='word_1_256' title='bbox 1314 3115 1416 3182; x_wconf 90' lang='lat' dir='ltr'><strong>petens</strong></span> 
     </span>
     <span class='ocr_line' id='line_1_33' title="bbox 359 3187 623 3262; baseline -0.004 -18"><span class='ocrx_word' id='word_1_257' title='bbox 359 3188 509 3262; x_wconf 89' lang='lat' dir='ltr'><strong>acceperit.</strong></span> <span class='ocrx_word' id='word_1_258' title='bbox 531 3206 561 3262; x_wconf 90' lang='lat' dir='ltr'><strong>p.</strong></span> <span class='ocrx_word' id='word_1_259' title='bbox 573 3187 623 3259; x_wconf 91' lang='lat'>46.</span> 
     </span>
    </p>

    <p class='ocr_par' dir='ltr' id='par_1_15' title="bbox 318 3283 1416 3440">
     <span class='ocr_line' id='line_1_34' title="bbox 318 3283 1416 3359; baseline 0 -19"><span class='ocrx_word' id='word_1_260' title='bbox 318 3283 463 3340; x_wconf 92' lang='lat' dir='ltr'>XXVIII.</span> <span class='ocrx_word' id='word_1_261' title='bbox 486 3284 528 3340; x_wconf 92' lang='lat' dir='ltr'><strong>Ut</strong></span> <span class='ocrx_word' id='word_1_262' title='bbox 541 3303 615 3359; x_wconf 89' lang='lat' dir='ltr'><strong>papa</strong></span> <span class='ocrx_word' id='word_1_263' title='bbox 628 3283 787 3358; x_wconf 86' lang='lat' dir='ltr'><strong>Gregorius</strong></span> <span class='ocrx_word' id='word_1_264' title='bbox 802 3283 950 3357; x_wconf 87' lang='lat' dir='ltr'><strong>epistolam</strong></span> <span class='ocrx_word' id='word_1_265' title='bbox 964 3284 1122 3340; x_wconf 79' lang='lat' dir='ltr'><strong>Arelatensi</strong></span> <span class='ocrx_word' id='word_1_266' title='bbox 1139 3283 1282 3358; x_wconf 89' lang='lat' dir='ltr'><strong>episcopo,</strong></span> <span class='ocrx_word' id='word_1_267' title='bbox 1296 3303 1349 3358; x_wconf 92' lang='lat' dir='ltr'><strong>pro</strong></span> <span class='ocrx_word' id='word_1_268' title='bbox 1366 3283 1416 3340; x_wconf 90' lang='lat' dir='ltr'><strong>ad-</strong></span> 
     </span>
     <span class='ocr_line' id='line_1_35' title="bbox 355 3364 1122 3440; baseline 0 -20"><span class='ocrx_word' id='word_1_269' title='bbox 355 3364 482 3440; x_wconf 87' lang='lat' dir='ltr'><strong>juvando</strong></span> <span class='ocrx_word' id='word_1_270' title='bbox 495 3364 525 3420; x_wconf 91' lang='lat' dir='ltr'><strong>in</strong></span> <span class='ocrx_word' id='word_1_271' title='bbox 540 3383 625 3439; x_wconf 90' lang='lat' dir='ltr'><strong>opere</strong></span> <span class='ocrx_word' id='word_1_272' title='bbox 638 3364 693 3420; x_wconf 92' lang='lat' dir='ltr'><strong>Dei</strong></span> <span class='ocrx_word' id='word_1_273' title='bbox 707 3365 880 3440; x_wconf 83' lang='lat' dir='ltr'><strong>Augustino,</strong></span> <span class='ocrx_word' id='word_1_274' title='bbox 897 3365 1013 3422; x_wconf 89' lang='lat' dir='ltr'><strong>miserit.</strong></span> <span class='ocrx_word' id='word_1_275' title='bbox 1035 3384 1063 3439; x_wconf 97' lang='lat' dir='ltr'><strong>p.</strong></span> <span class='ocrx_word' id='word_1_276' title='bbox 1075 3365 1122 3438; x_wconf 86' lang='lat'><strong>58.</strong></span> 
     </span>
    </p>

    <p class='ocr_par' dir='ltr' id='par_1_16' title="bbox 318 3461 1418 3618">
     <span class='ocr_line' id='line_1_36' title="bbox 318 3461 1418 3537; baseline -0.002 -19"><span class='ocrx_word' id='word_1_277' title='bbox 318 3462 432 3519; x_wconf 92' lang='lat' dir='ltr'>XXIX.</span> <span class='ocrx_word' id='word_1_278' title='bbox 454 3462 496 3519; x_wconf 93' lang='lat' dir='ltr'><strong>Ut</strong></span> <span class='ocrx_word' id='word_1_279' title='bbox 513 3461 588 3518; x_wconf 89' lang='lat' dir='ltr'><strong>idem</strong></span> <span class='ocrx_word' id='word_1_280' title='bbox 607 3461 770 3536; x_wconf 89' lang='lat' dir='ltr'><strong>Augustino</strong></span> <span class='ocrx_word' id='word_1_281' title='bbox 794 3463 919 3537; x_wconf 86' lang='lat' dir='ltr'><strong>pallium,</strong></span> <span class='ocrx_word' id='word_1_282' title='bbox 941 3471 970 3519; x_wconf 93' lang='lat' dir='ltr'><strong>et</strong></span> <span class='ocrx_word' id='word_1_283' title='bbox 991 3463 1149 3537; x_wconf 83' lang='lat' dir='ltr'><strong>epistolam,</strong></span> <span class='ocrx_word' id='word_1_284' title='bbox 1171 3471 1200 3519; x_wconf 88' lang='lat' dir='ltr'><strong>at</strong></span> <span class='ocrx_word' id='word_1_285' title='bbox 1220 3461 1315 3536; x_wconf 90' lang='lat' dir='ltr'><strong>plures</strong></span> <span class='ocrx_word' id='word_1_286' title='bbox 1337 3461 1418 3518; x_wconf 90' lang='lat' dir='ltr'><strong>verbi</strong></span> 
     </span>
     <span class='ocr_line' id='line_1_37' title="bbox 360 3541 745 3618; baseline 0.003 -20"><span class='ocrx_word' id='word_1_287' title='bbox 360 3543 505 3600; x_wconf 90' lang='lat' dir='ltr'><strong>ministros</strong></span> <span class='ocrx_word' id='word_1_288' title='bbox 518 3541 635 3599; x_wconf 83' lang='lat' dir='ltr'><strong>miserit.</strong></span> <span class='ocrx_word' id='word_1_289' title='bbox 657 3561 686 3617; x_wconf 92' lang='lat' dir='ltr'>p.</span> <span class='ocrx_word' id='word_1_290' title='bbox 696 3561 745 3618; x_wconf 86' lang='lat'><strong>59.</strong></span> 
     </span>
    </p>

    <p class='ocr_par' dir='ltr' id='par_1_17' title="bbox 318 3638 1418 3778">
     <span class='ocr_line' id='line_1_38' title="bbox 318 3638 1418 3778; baseline -0.004 -82"><span class='ocrx_word' id='word_1_291' title='bbox 318 3639 591 3778; x_wconf 47' lang='lat' dir='ltr'><strong>XaninitExem6plar</strong></span> <span class='ocrx_word' id='word_1_292' title='bbox 611 3640 738 3715; x_wconf 78' lang='lat' dir='ltr'><strong>epistolar</strong></span> <span class='ocrx_word' id='word_1_293' title='bbox 753 3659 836 3715; x_wconf 90' lang='lat' dir='ltr'><strong>quam</strong></span> <span class='ocrx_word' id='word_1_294' title='bbox 854 3639 967 3697; x_wconf 93' lang='lat' dir='ltr'><strong>Mellito</strong></span> <span class='ocrx_word' id='word_1_295' title='bbox 986 3640 1081 3697; x_wconf 89' lang='lat' dir='ltr'><strong>abbati</strong></span> <span class='ocrx_word' id='word_1_296' title='bbox 1095 3639 1264 3696; x_wconf 88' lang='lat' dir='ltr'><strong>Brittaniam</strong></span> <span class='ocrx_word' id='word_1_297' title='bbox 1285 3638 1418 3713; x_wconf 87' lang='lat' dir='ltr'><strong>pergenti</strong></span> 
     </span>
    </p>

    <p class='ocr_par' dir='ltr' id='par_1_18' title="bbox 319 3740 1417 3893">
     <span class='ocr_line' id='line_1_39' title="bbox 319 3740 1417 3893; baseline -0.004 -18"><span class='ocrx_word' id='word_1_298' title='bbox 319 3818 433 3875; x_wconf 91' lang='lat' dir='ltr'>XXXI.</span> <span class='ocrx_word' id='word_1_299' title='bbox 456 3740 698 3893; x_wconf 72' lang='lat' dir='ltr'><strong>iltAugustinum</strong></span> <span class='ocrx_word' id='word_1_300' title='bbox 712 3836 762 3891; x_wconf 91' lang='lat' dir='ltr'><strong>per</strong></span> <span class='ocrx_word' id='word_1_301' title='bbox 775 3817 940 3880; x_wconf 68' lang='lat' dir='ltr'><strong>litterasue</strong></span> <span class='ocrx_word' id='word_1_302' title='bbox 955 3818 991 3875; x_wconf 93' lang='lat' dir='ltr'><strong>de</strong></span> <span class='ocrx_word' id='word_1_303' title='bbox 999 3816 1151 3874; x_wconf 59' lang='lat' dir='ltr'><strong>nautibus</strong></span> <span class='ocrx_word' id='word_1_304' title='bbox 1164 3816 1224 3874; x_wconf 89' lang='lat' dir='ltr'><strong>suis</strong></span> <span class='ocrx_word' id='word_1_305' title='bbox 1238 3815 1417 3892; x_wconf 89' lang='lat' dir='ltr'><strong>gloriaretur,</strong></span> 
     </span>
    </p>

    <p class='ocr_par' dir='ltr' id='par_1_19' title="bbox 306 3899 813 3973">
     <span class='ocr_line' id='line_1_40' title="bbox 306 3899 813 3973; baseline -0.006 -18"><span class='ocrx_word' id='word_1_306' title='bbox 306 3904 310 3911; x_wconf 89' lang='lat'>&#39;</span> <span class='ocrx_word' id='word_1_307' title='bbox 360 3900 491 3956; x_wconf 83' lang='lat' dir='ltr'><strong>hortatus</strong></span> <span class='ocrx_word' id='word_1_308' title='bbox 504 3899 551 3955; x_wconf 92' lang='lat' dir='ltr'><strong>sit.</strong></span> <span class='ocrx_word' id='word_1_309' title='bbox 573 3917 601 3973; x_wconf 92' lang='lat' dir='ltr'>p.</span> <span class='ocrx_word' id='word_1_310' title='bbox 613 3899 662 3954; x_wconf 79' lang='lat'><strong>62.</strong></span> <span class='ocrx_word' id='word_1_311' title='bbox 807 3899 813 3911; x_wconf 82' lang='lat'><em>&#39;</em></span> 
     </span>
    </p>
   </div>
   <div class='ocr_carea' id='block_1_13' title="bbox 319 3994 1266 4070">
    <p class='ocr_par' dir='ltr' id='par_1_20' title="bbox 319 3994 1266 4070">
     <span class='ocr_line' id='line_1_41' title="bbox 319 3994 1266 4070; baseline -0.003 -17"><span class='ocrx_word' id='word_1_312' title='bbox 319 3995 449 4054; x_wconf 91' lang='lat' dir='ltr'>XXXII.</span> <span class='ocrx_word' id='word_1_313' title='bbox 472 3996 514 4052; x_wconf 93' lang='lat' dir='ltr'><strong>Ut</strong></span> <span class='ocrx_word' id='word_1_314' title='bbox 527 3995 699 4053; x_wconf 79' lang='lat' dir='ltr'><strong>AEdilbercto</strong></span> <span class='ocrx_word' id='word_1_315' title='bbox 712 3994 775 4070; x_wconf 88' lang='lat' dir='ltr'><strong>regi</strong></span> <span class='ocrx_word' id='word_1_316' title='bbox 787 3994 897 4051; x_wconf 86' lang='lat' dir='ltr'><strong>litteras</strong></span> <span class='ocrx_word' id='word_1_317' title='bbox 911 4002 940 4051; x_wconf 93' lang='lat' dir='ltr'><strong>et</strong></span> <span class='ocrx_word' id='word_1_318' title='bbox 954 3995 1029 4052; x_wconf 88' lang='lat' dir='ltr'><strong>dona</strong></span> <span class='ocrx_word' id='word_1_319' title='bbox 1042 3995 1158 4052; x_wconf 89' lang='lat' dir='ltr'><strong>miserit.</strong></span> <span class='ocrx_word' id='word_1_320' title='bbox 1181 4015 1208 4069; x_wconf 93' lang='lat' dir='ltr'>p.</span> <span class='ocrx_word' id='word_1_321' title='bbox 1218 3995 1266 4068; x_wconf 88' lang='lat'><strong>64.</strong></span> 
     </span>
    </p>
   </div>
   <div class='ocr_carea' id='block_1_14' title="bbox 320 4090 1418 4327">
    <p class='ocr_par' dir='ltr' id='par_1_21' title="bbox 320 4090 1418 4327">
     <span class='ocr_line' id='line_1_42' title="bbox 320 4090 1416 4168; baseline -0.001 -20"><span class='ocrx_word' id='word_1_322' title='bbox 320 4092 462 4150; x_wconf 92' lang='lat' dir='ltr'>XXXIII.</span> <span class='ocrx_word' id='word_1_323' title='bbox 484 4093 526 4151; x_wconf 91' lang='lat' dir='ltr'><strong>Ut</strong></span> <span class='ocrx_word' id='word_1_324' title='bbox 539 4091 715 4168; x_wconf 88' lang='lat' dir='ltr'><strong>Augustinus</strong></span> <span class='ocrx_word' id='word_1_325' title='bbox 735 4090 885 4148; x_wconf 88' lang='lat' dir='ltr'><strong>ecclesiam</strong></span> <span class='ocrx_word' id='word_1_326' title='bbox 900 4090 1055 4148; x_wconf 86' lang='lat' dir='ltr'><strong>Salvatoris</strong></span> <span class='ocrx_word' id='word_1_327' title='bbox 1075 4091 1283 4158; x_wconf 87' lang='lat' dir='ltr'><strong>instauraverit,</strong></span> <span class='ocrx_word' id='word_1_328' title='bbox 1305 4100 1334 4148; x_wconf 90' lang='lat' dir='ltr'><strong>et</strong></span> <span class='ocrx_word' id='word_1_329' title='bbox 1354 4110 1416 4148; x_wconf 90' lang='lat' dir='ltr'><strong>mo·</strong></span> 
     </span>
     <span class='ocr_line' id='line_1_43' title="bbox 360 4171 1418 4327; baseline 0 -98"><span class='ocrx_word' id='word_1_330' title='bbox 360 4174 612 4327; x_wconf 52' lang='lat' dir='ltr'><strong>ppstppnulp6peati</strong></span> <span class='ocrx_word' id='word_1_331' title='bbox 632 4172 709 4230; x_wconf 90' lang='lat' dir='ltr'><strong>Petri</strong></span> <span class='ocrx_word' id='word_1_332' title='bbox 731 4173 852 4246; x_wconf 86' lang='lat' dir='ltr'><strong>apostoli</strong></span> <span class='ocrx_word' id='word_1_333' title='bbox 873 4171 988 4238; x_wconf 84' lang='lat' dir='ltr'><strong>fecarit;</strong></span> <span class='ocrx_word' id='word_1_334' title='bbox 1012 4182 1041 4229; x_wconf 86' lang='lat' dir='ltr'><strong>et</strong></span> <span class='ocrx_word' id='word_1_335' title='bbox 1062 4173 1097 4229; x_wconf 90' lang='lat' dir='ltr'><strong>de</strong></span> <span class='ocrx_word' id='word_1_336' title='bbox 1118 4173 1209 4248; x_wconf 89' lang='lat' dir='ltr'><strong>primo</strong></span> <span class='ocrx_word' id='word_1_337' title='bbox 1233 4175 1294 4249; x_wconf 88' lang='lat' dir='ltr'><strong>ejus</strong></span> <span class='ocrx_word' id='word_1_338' title='bbox 1315 4174 1418 4230; x_wconf 90' lang='lat' dir='ltr'><strong>abbate</strong></span> 
     </span>
    </p>
   </div>
   <div class='ocr_carea' id='block_1_15' title="bbox 321 4347 1420 4506">
    <p class='ocr_par' dir='ltr' id='par_1_22' title="bbox 321 4347 1420 4506">
     <span class='ocr_line' id='line_1_44' title="bbox 321 4347 1420 4427; baseline 0.002 -22"><span class='ocrx_word' id='word_1_339' title='bbox 321 4347 463 4406; x_wconf 92' lang='lat' dir='ltr'>XXXIV.</span> <span class='ocrx_word' id='word_1_340' title='bbox 483 4348 525 4405; x_wconf 94' lang='lat' dir='ltr'><strong>Ut</strong></span> <span class='ocrx_word' id='word_1_341' title='bbox 548 4348 683 4406; x_wconf 86' lang='lat' dir='ltr'><strong>AEdilfrid</strong></span> <span class='ocrx_word' id='word_1_342' title='bbox 706 4368 757 4406; x_wconf 90' lang='lat' dir='ltr'><strong>rex</strong></span> <span class='ocrx_word' id='word_1_343' title='bbox 781 4349 1099 4425; x_wconf 86' lang='lat' dir='ltr'><strong>Nordanhymbrorum,</strong></span> <span class='ocrx_word' id='word_1_344' title='bbox 1125 4348 1289 4407; x_wconf 88' lang='lat' dir='ltr'><strong>Scottorum</strong></span> <span class='ocrx_word' id='word_1_345' title='bbox 1317 4358 1420 4427; x_wconf 89' lang='lat' dir='ltr'><strong>gentes</strong></span> 
     </span>
     <span class='ocr_line' id='line_1_45' title="bbox 363 4428 1249 4506; baseline 0.002 -20"><span class='ocrx_word' id='word_1_346' title='bbox 363 4428 460 4504; x_wconf 86' lang='lat' dir='ltr'><strong>praelio</strong></span> <span class='ocrx_word' id='word_1_347' title='bbox 473 4437 632 4498; x_wconf 82' lang='lat' dir='ltr'><strong>conterens,</strong></span> <span class='ocrx_word' id='word_1_348' title='bbox 647 4430 682 4486; x_wconf 94' lang='lat' dir='ltr'><strong>ab</strong></span> <span class='ocrx_word' id='word_1_349' title='bbox 696 4429 858 4505; x_wconf 85' lang='lat' dir='ltr'><strong>Anglorum</strong></span> <span class='ocrx_word' id='word_1_350' title='bbox 872 4430 976 4488; x_wconf 87' lang='lat' dir='ltr'><strong>finibus</strong></span> <span class='ocrx_word' id='word_1_351' title='bbox 990 4429 1137 4505; x_wconf 86' lang='lat' dir='ltr'><strong>expulerit.</strong></span> <span class='ocrx_word' id='word_1_352' title='bbox 1160 4450 1188 4506; x_wconf 92' lang='lat' dir='ltr'><strong>p.</strong></span> <span class='ocrx_word' id='word_1_353' title='bbox 1200 4431 1249 4505; x_wconf 81' lang='lat'>67.</span> 
     </span>
    </p>
   </div>
   <div class='ocr_carea' id='block_1_16' title="bbox 0 0 1564 5124">
    <p class='ocr_par' dir='ltr' id='par_1_23' title="bbox 0 0 1564 5124">
     <span class='ocr_line' id='line_1_46' title="bbox 0 0 1564 5124; baseline 0 0"><span class='ocrx_word' id='word_1_354' title='bbox 0 0 1564 5124; x_wconf 95' lang='lat' dir='ltr'><strong> </strong></span> 
     </span>
    </p>
   </div>
  </div>
 </body>
</html>
