3100 5125
79 344 186 390 -21.
492 331 657 398 GENTIS
680 334 952 399 ANenoaUM.
1207 337 1271 400 153

171 501 340 566 persuasus
354 481 492 547 maxime
511 485 807 584 adnpercipiendam
820 486 916 550 fidem
932 510 954 551 a
973 487 1038 551 filio
1057 486 1141 572 regis
1162 487 1269 565 Osuiu,

172 567 299 631 nomine
318 567 494 647 Alchfrido,
515 593 569 654 qm
591 578 662 634 erat
684 579 838 657 cognatus
861 580 894 637 et
916 573 1036 637 amicus
1057 573 1134 656 ejus,
1150 574 1426 637 habensautfrtuus.

129 673 314 802 mffiorem
336 653 450 737 sipsius
472 657 646 741 conjugem,
663 658 815 721 vocabulo
833 658 1055 744 cyniburgam,
1074 657 1172 721 filiam
1190 658 1272 722 Pen-

249 760 284 802 re
317 761 342 802 s.

214 761 402 908 Bupiizatus
425 833 475 890 est
497 847 573 925 ergo
595 849 615 890 a
633 827 758 892 Finano
782 828 938 913 episcopo,
962 851 1034 892 cum
1056 829 1202 892 omnibus
1219 829 1435 919 quilfemabap-
1521 833 1528 848 ¹

171 931 278 972 aecum
292 919 445 976 venerant
463 911 631 976 oomrtibus
649 935 688 976 ac
708 913 862 978 militibus
879 936 1050 998 eorumque
1065 913 1190 977 famulis
1205 915 1375 977 uni-‘¹⁵¹¹¹¹¹³·

172 994 278 1071 versis,
305 996 338 1058 in
364 995 433 1061 vieo
456 997 539 1082 regis
563 997 687 1060 inlustri
717 1000 770 1083 qui
800 1007 932 1064 vocatur
960 1000 1015 1062 Ad
1040 1000 1181 1063 Murum.
1227 999 1272 1062 Et

172 1080 312 1164 acceptis
330 1089 468 1165 quatuor
486 1083 688 1167 presbyteris,
705 1085 758 1167 qui
779 1085 822 1148 ad
836 1085 1012 1148 docendam
1034 1085 1271 1168 baptizandam-

173 1189 235 1250 que
259 1174 387 1252 gentem
410 1167 500 1244 illius,
526 1175 559 1232 et
589 1168 765 1233 eruditione
790 1178 824 1233 et
849 1170 916 1234 vita
941 1171 1131 1234 videbantur
1156 1170 1270 1247 idonei,

128 1269 163 1318 3⁵
173 1252 274 1315 multo
303 1274 375 1316 eum
403 1253 520 1339 gaudio
550 1276 694 1318 reversus
723 1261 782 1319 est.
828 1255 933 1320 Erant
961 1263 1068 1320 autem
1095 1257 1272 1340 presbyteri

174 1337 291 1414 sGedd,
308 1345 341 1402 et
356 1339 462 1415 Adde,
479 1345 512 1402 et
527 1339 625 1415 Batti,
642 1345 675 1402 et
697 1340 824 1418 Diuma,
840 1362 974 1425 quorum
994 1341 1124 1404 ultimus
1143 1341 1272 1405 natione

176 1423 316 1500 Scottus,
338 1423 445 1488 caeteri
467 1426 553 1488 fuere
577 1425 639 1488 hde
662 1425 786 1511 Anglis.
831 1426 929 1490 Adda
950 1434 1059 1490 autem
1081 1434 1151 1490 erat
1173 1427 1274 1490 frater

176 1508 292 1586 Uttan,
316 1509 494 1594 presbyteri
517 1509 667 1586 inlustris,
693 1519 726 1574 et
749 1511 876 1576 abbatis
902 1511 1085 1575 monasterii
1112 1513 1198 1594 quod
1221 1509 1273 1575 v‘o

175 1601 267 1660 eatur
281 1594 337 1658 Ad
352 1593 479 1679 iCaprae
491 1594 605 1680 Oaput,
622 1597 710 1679 cujus
730 1619 828 1681 supra
844 1596 1052 1661 meminimus.
1100 1597 1274 1661 Venientes

97 1679 161 1741 126
175 1702 211 1744 er
232 1701 251 1742 o
265 1680 297 1742 in
312 1679 505 1764 provinciam
519 1682 687 1744 memorati
707 1682 889 1746 sacerdotes
906 1705 979 1746 cum
996 1682 1146 1766 principe,
1161 1682 1275 1765 praedi·

174 1703 292 1830 cabant
312 1767 451 1843 verbum,
467 1773 501 1829 et
522 1766 657 1830 libenter
678 1767 781 1831 auditi
799 1774 883 1845 suut,
904 1767 1058 1851 multique
1078 1767 1219 1850 quotidie
1240 1774 1275 1831 et

175 1850 327 1915 nobilium
349 1857 382 1914 et
404 1850 630 1929 kinfirmorum,
649 1853 879 1917 abrenunciata
900 1853 994 1915 sorde
1016 1852 1182 1930 idolatriae,
1200 1850 1275 1916 fidei

175 1943 252 2000 sunt
264 1937 353 2000 fonte
367 1936 478 2000 abluti.

231 2022 262 2084 N
263 2043 298 2084 ec
314 2021 477 2106 prohibuit
493 2021 605 2086 Penda
619 2044 684 2099 rex,
702 2022 778 2107 quin
793 2024 891 2088 etiam
904 2023 938 2086 in
953 2046 1020 2099 sua,
1036 2024 1096 2087 hoc
1111 2031 1170 2100 est,
1188 2024 1274 2102 Mer-

175 2107 295 2170 ciorum
317 2107 456 2184 natione,
472 2108 611 2184 verbum,
636 2108 736 2192 siqui
758 2110 873 2173 vellent
894 2108 1013 2184 audire,
1037 2110 1276 2193 praedicaretur.

151 2192 260 2272 sQuin
274 2192 381 2276 potius
397 2192 470 2256 odio
484 2193 633 2269 habebat,
650 2200 683 2257 et
699 2195 893 2278 despiciebat
907 2216 970 2270 eos,
987 2216 1066 2277 quos
1079 2195 1142 2258 fide
1157 2194 1277 2259 Christi

177 2277 326 2355 imbutos,
342 2299 439 2362 opera
453 2277 529 2341 fidei
550 2301 615 2342 non
636 2279 754 2343 habere
772 2278 990 2363 deprehendit,
1009 2280 1117 2343 dicens
1138 2286 1278 2342 contem-

176 2364 298 2427 nendos
324 2385 392 2427 esse
415 2385 469 2428 eos
492 2369 525 2427 et
546 2363 677 2426 miseros
700 2365 753 2448 qui
773 2365 845 2428 Deo
864 2386 922 2428 suo
944 2365 978 2426 in
994 2387 1087 2448 quem
1109 2365 1278 2429 crederent

176 2449 305 2512 obedire
320 2455 570 2512 contemnerent.
605 2449 720 2534 Ooepta
735 2457 811 2514 sunt
824 2451 893 2514 haec
907 2450 1034 2514 biennio
1049 2457 1126 2514 aute
1140 2456 1276 2514 mortem

177 2535 311 2599 Pendan
325 2534 418 2621 regis.
461 2535 535 2619 Ipso
550 2541 659 2599 autem
673 2535 786 2613 occiso,
802 2557 874 2599 cum
889 2535 990 2600 Osuiu
1003 2557 1061 2599 rex
1076 2535 1276 2601 Christianus

176 2642 310 2705 regnum
330 2622 399 2704 ejus
417 2620 577 2705 acciperet
599 2627 637 2683 ut
657 2620 690 2683 in
712 2620 917 2705 sequentibus
932 2622 1082 2698 dicemus,
1097 2622 1204 2685 iactus
1226 2626 1277 2683 cst

178 2706 297 2769 Diuma
316 2728 398 2769 unus
420 2728 460 2770 ex
481 2705 623 2790 praefatis
638 2713 776 2789 quatuor
790 2707 1010 2771 sacerdotibus
1024 2707 1191 2791 episcopus
1208 2706 1277 2768 Me
1286 2715 1378 2763 Diuma
1391 2716 1410 2762 l.

141 2791 431 2855 ¹0diterraneorum
455 2792 633 2876 Auglorum
659 2792 751 2854 simul
775 2799 809 2856 et
836 2790 1041 2867 Merciorum,
1066 2792 1231 2855 ordinatus
1256 2780 1442 2892 affifflssi

180 2876 305 2940 Finano
325 2876 481 2961 episcopo.
529 2876 678 2941 Paucitas
698 2876 784 2941 enim
801 2877 1002 2941 sacerdotnm
1023 2878 1159 2962 cogebat
1179 2897 1278 2950 unum
1358 2877 1365 2891 ‘

177 2962 357 3031 antistitem
371 2963 496 3026 duobus
532 2962 633 3047 opulis
649 2962 780 3046 praefici.
825 2962 886 3041 Qui
908 2983 981 3026 cnm
1002 2984 1104 3045 pauco
1121 2963 1181 3025 sub
1199 2969 1278 3025 tem-

177 3068 256 3132 pore
277 3068 341 3110 non
362 3070 498 3147 paucam
545 3046 651 3111 omino
672 3048 797 3131 plebem
818 3047 1018 3132 adquisisset,
1040 3048 1207 3111 defunctus
1228 3054 1279 3109 est

177 3134 264 3222 apud
287 3129 541 3198 Medrterraneos
560 3133 693 3216 Anglos,
709 3132 742 3196 iu
763 3133 894 3218 regione
915 3154 986 3218 quae
1005 3141 1138 3197 vocatur
1159 3131 1279 3215 lInfep

211 3252 224 3291 i
233 3253 285 3311 ejece
295 3254 326 3301 V.
450 3264 465 3303 ε
481 3253 562 3301 Ceddu
574 3252 605 3300 V.
724 3251 735 3285 ¹²
742 3253 821 3314 suere
831 3254 910 3313 Angli
922 3252 984 3299 V.G.
1117 3251 1124 3290 l
1137 3253 1238 3313 Caprea·
1249 3251 1279 3298 V.

181 3318 196 3357 k
208 3317 350 3376 infimomm
361 3318 393 3366 V.
482 3318 492 3356 l
504 3318 682 3379 Infettiagum
694 3316 724 3364 V.

211 3424 251 3472 33.
264 3414 306 3461 Ad
314 3414 425 3474 merresa]
440 3414 521 3475 Vulgo
531 3414 641 3462 Waltou.
671 3413 719 3462 Sed
730 3411 784 3475 eius
795 3412 843 3461 loci
855 3413 917 3461 situs
928 3413 1058 3461 conventre
1071 3427 1120 3459 uon
1133 3418 1214 3473 potest
1224 3426 1280 3459 cum

179 3476 298 3525 distantia
315 3493 387 3539 quam
406 3478 474 3527 Beda
497 3478 606 3540 assignat
625 3494 640 3525 a
659 3478 730 3525 mari.
764 3478 822 3525 Nou
840 3477 923 3537 procul
941 3484 1022 3524 autem
1041 3492 1056 3524 a
1072 3477 1226 3524 Novocastro
1243 3482 1282 3525 est

179 3541 330 3599 Waubottlc,
344 3542 412 3603 cuim
423 3550 449 3591 et
458 3544 537 3604 ipsum
550 3557 639 3590 nomen
654 3541 795 3591 AEdificium
808 3542 838 3589 ad
852 3542 949 3589 Murum
962 3541 1068 3589 exbibet.
1097 3542 1134 3588 Eo
1145 3541 1220 3601 igitur
1233 3540 1281 3588 loci

179 3605 262 3653 vicum
282 3607 375 3668 regium
393 3622 441 3669 quo
459 3608 538 3655 Peada
555 3607 693 3667 baptizatus
710 3607 758 3654 fuit
776 3607 933 3654 statuendum
951 3620 1048 3663 censeo,
1068 3606 1197 3653 duodecim
1216 3605 1282 3653 circa

180 3670 248 3717 millc
260 3686 346 3730 passus
358 3686 373 3717 a
384 3672 446 3719 mari
458 3672 540 3719 situm.
559 3672 585 3719 S.

213 3735 253 3794 36.
270 3734 362 3794 Uetan]
379 3737 450 3783 Conf.
463 3751 528 3797 supr.
542 3749 579 3797 15.

212 3809 253 3859 37.
265 3800 308 3846 Aa
321 3802 408 3863 (hproe
423 3800 510 3862 caput]
530 3800 610 3847 Hodie
622 3800 766 3849 Gatashead.
800 3799 849 3847 Ubi
861 3798 928 3846 nulla
940 3804 1068 3846 remanent
1083 3797 1177 3858 antiqui
1195 3812 1281 3845 mona-

180 3863 249 3910 sterii
262 3864 348 3911 Uttani
360 3865 472 3925 vestigia.
507 3864 659 3913 Recentioris
670 3865 767 3927 quidem
781 3864 968 3925 pulcherrimam
981 3862 1091 3909 videmus
1103 3862 1231 3923 capellam,
1241 3863 1281 3911 vix

182 3928 259 3975 adbuc
272 3928 349 3975 ruinis
362 3929 568 3977 succumbentem.
601 3928 714 3977 Traditio
725 3936 763 3976 est
773 3928 860 3975 cellam
872 3927 947 3974 fuisse
959 3925 1181 3975 sanctimonialium
1198 3927 1283 3974 Novo-

182 3992 352 4049 castrensium,
363 3994 422 4041 licet
432 3993 485 4053 ejus
495 3992 620 4040 historiam
634 3994 697 4053 apud
709 3999 820 4039 auctores
831 3991 872 4038 vix
885 3990 1015 4038 inveneris.
1028 3990 1053 4038 S.

214 4057 238 4104 8.
250 4057 415 4118 sequentibus]
431 4058 494 4105 Vide
504 4056 576 4117 hujus
588 4057 643 4103 libri
656 4064 730 4117 caput
741 4070 781 4115 ²4·
799 4056 824 4103 S.

217 4134 254 4181 13.
269 4121 301 4167 In
314 4121 481 4184 lbppingam]
496 4121 614 4183 Quanam
627 4121 661 4168 sit
672 4120 722 4168 haec
734 4120 802 4181 regio
817 4119 998 4179 inexploratum
1011 4124 1055 4165 eat.
1091 4118 1119 4164 ln
1133 4117 1283 4165 Marciorum

182 4184 290 4232 confinio
298 4192 336 4233 est
346 4186 516 4247 Reppiagtoa‚
526 4199 587 4233 sono
598 4186 628 4231 ad
640 4184 736 4245 regulas
747 4183 925 4245 etymologicas
938 4196 987 4227 non
999 4196 1098 4242 prorsus
1110 4196 1227 4242 congruo,
1237 4196 1283 4229 nec

182 4250 286 4297 multum
299 4250 451 4297 abhorrente.
485 4249 523 4296 Ab
535 4263 564 4296 eo
576 4256 627 4297 tota
638 4250 749 4296 centuria
761 4261 850 4294 nomen
862 4247 942 4306 habet,
954 4247 979 4292 in
997 4260 1026 4293 eo
1038 4246 1120 4305 plures
1132 4246 1282 4293 Marciorum

182 4328 252 4374 reges
264 4314 385 4369 vixerunt,
397 4314 421 4360 in
434 4327 463 4361 eo
475 4313 562 4374 sepulti
575 4319 642 4371 sunt,
655 4313 739 4374 quidni
751 4318 776 4359 et
787 4312 933 4373 episcopus3
951 4325 1026 4371 quum
1039 4311 1073 4358 ibi
1086 4326 1135 4357 uon
1148 4311 1227 4358 solum
1239 4310 1284 4357 ha-

183 4378 289 4425 bitacula
307 4377 471 4438 inagnatibus,
491 4377 533 4424 sed
553 4377 728 4425 monasterium
750 4376 823 4423 etiam
848 4375 948 4422 Divinis
970 4373 1055 4421 officiis
1077 4374 1136 4421 olim
1157 4374 1283 4422 conditum

183 4442 264 4489 luerit.
289 4442 390 4501 Propius
401 4442 431 4488 ad
444 4455 533 4489 nomeu
544 4442 636 4489 accedit
648 4440 943 4503 Heppingbam,cuj1rsin
955 4440 1157 4489 cm·tua1·iotertio
1167 4438 1283 4488 Dunelm.

183 4505 313 4567 peculiaris
325 4504 418 4553 mentio
430 4506 494 4552 facta
507 4512 550 4553 est.
568 4506 593 4552 S.

226 4592 323 4632 BAEDA.
723 4590 744 4630 X
