3100 5125
238 325 305 387 222
564 324 801 391 HISTORIAE
825 327 1002 392 EOOLES.
1289 323 1355 390 IV.
1373 344 1424 410 23.

239 475 368 542 secessit
388 475 432 540 ad
450 476 645 562 provinciam
659 477 871 543 Orientalium
886 478 1085 564 Anglorum:
1108 483 1180 541 crat
1201 497 1342 562 namque

238 561 416 648 propinqua
429 562 513 648 regis
532 562 623 640 illius,
639 564 823 629 desiderans
838 564 961 641 exinde,
977 563 1004 626 si
1019 585 1082 647 quo
1102 563 1197 626 modo
1219 571 1339 648 posset,
1352 580 1383 630 35

239 647 391 711 derelicta
405 648 512 733 patria
528 656 563 712 et
585 649 731 713 omnibus
746 672 952 734 quaecumque
972 649 1138 727 habuerat,
1153 649 1187 712 in
1202 649 1342 712 Galliam

239 733 411 818 pervenire,
426 740 525 818 atque
543 734 577 797 in
597 735 793 800 monasterio
808 735 885 800 Oale
903 735 1103 821 peregrinam
1123 756 1182 820 pro
1200 734 1342 798 Domino

241 819 343 884 vitam
357 819 481 896 ducere,
497 841 560 904 quo
573 820 696 885 facilius
709 827 899 907 perpetuam
918 821 952 884 in
972 821 1057 885 caelis
1076 821 1216 907 patriam
1230 827 1342 905 posset

80 900 214 952 fimi&
240 903 363 968 mereri.
408 904 493 968 Nam
506 911 541 969 et
554 906 587 969 in
601 907 715 970 eodem
728 907 923 972 monasterio
942 928 1033 970 soror
1053 906 1152 991 ipsius
1167 905 1340 984 Heresuid,

241 996 345 1053 mater
359 990 501 1053 Alduulfi
522 991 606 1077 regis
624 992 836 1056 Orientalium
850 993 1037 1078 Anglorum,
1052 991 1249 1078 regularibus
1266 992 1341 1054 sub-

241 1075 311 1139 dita
326 1075 507 1160 disciplinis,
522 1078 592 1162 ipso
606 1083 750 1162 tempore
769 1101 919 1143 coronam
939 1079 1145 1163 exspectabat
1164 1084 1339 1141 aeternam:

242 1161 332 1245 cujus
365 1162 515 1227 aemulata
543 1165 730 1248 exemplum,
761 1171 796 1244 ct
827 1164 897 1249 ipsa
924 1164 1088 1250 proposito
1117 1162 1387 1249 peregrinandi⁴0

90 1249 226 1312 A·1)·⁶48·
242 1269 361 1311 annum
385 1254 491 1311 totum
515 1248 549 1312 in
570 1250 706 1333 praefata
729 1250 891 1335 provincia
914 1257 1041 1314 retenta
1063 1257 1131 1314 est:
1158 1249 1273 1312 deinde
1299 1250 1342 1313 ab

79 1340 229 1389 aaAEasno
243 1333 377 1397 AEdano
398 1334 562 1418 eepiscopo
583 1334 616 1398 in
636 1335 776 1420 patriam
795 1342 954 1410 revocata,
977 1336 1100 1420 accepit
1122 1336 1226 1399 locum
1248 1334 1343 1397 unius

80 1411 202 1454 revocata
242 1417 368 1484 farniliae
390 1419 433 1483 ad
454 1420 735 1504 septentrionalem
755 1421 883 1506 plagam
898 1421 992 1484 Viuri
1013 1421 1159 1499 fluminis,
1175 1419 1230 1483 ubi
1251 1442 1342 1504 aequc

242 1527 327 1569 anno
341 1526 405 1566 uno
419 1504 636 1570 monachicam
651 1529 724 1571 cum
737 1507 905 1592 perpaucis
920 1507 1012 1570 sociis
1027 1506 1127 1571 vitam
1140 1506 1268 1592 agebat.

88 1592 227 1657 A·D·⁶49·
287 1590 369 1654 Post
390 1591 458 1676 haec
471 1591 558 1656 iacta
579 1599 630 1656 est
650 1593 816 1656 abbatissa
837 1593 870 1655 in
891 1593 1084 1656 monasterio
1103 1593 1188 1678 quod
1208 1598 1343 1656 vocatur
1363 1594 1424 1657 168

82 1677 201 1724 Hamas.
244 1675 410 1751 Hcruteu3
435 1678 521 1761 quod
534 1677 680 1742 videlicet
694 1678 923 1742 monasterium
936 1679 1057 1742 factum
1073 1685 1143 1742 crat
1162 1699 1226 1742 non
1240 1678 1343 1740 multo

82 1757 155 1807 ³⁸³⁰·
243 1769 319 1827 ante
341 1785 362 1826 a
382 1762 530 1849 religiosa
548 1763 667 1828 Ohristi
686 1764 805 1828 famula
828 1765 924 1842 Heiu,
941 1787 1011 1851 quae
1034 1764 1136 1849 prima
1155 1763 1344 1828 feminarum

645 1952 777 2014 ⁰qu'seupc
784 1955 899 2012 patriam
912 1951 941 1999 V.

279 2121 319 2183 38.
334 2122 472 2183 Hereeas'd]
496 2121 590 2170 Asserit
608 2121 646 2170 bic
664 2122 731 2172 Beda
748 2121 910 2171 Heresuirlam
928 2121 1009 2170 Hildra
1026 2135 1133 2168 sororem
1151 2122 1177 2168 in
1194 2122 1345 2170 monasterio

246 2186 344 2236 Calensi
364 2188 483 2234 seclusam
502 2187 603 2244 vixisse,
622 2189 687 2235 unde
710 2189 788 2235 multa
810 2187 936 2248 proferunt
957 2194 1068 2235 anenres
1091 2193 1236 2248 argumenta
1254 2186 1345 2246 quibus

246 2251 337 2299 Badara
350 2252 439 2298 erroris
450 2250 601 2313 insimulent,
612 2251 637 2298 in
649 2267 679 2300 eo
690 2252 810 2313 praecipue
820 2253 885 2313 quod
896 2267 950 2299 cum
964 2252 1040 2299 Hilda
1058 2251 1205 2312 propositum
1218 2251 1345 2312 religionis

247 2315 367 2363 intrandas
384 2331 439 2363 cum
457 2331 540 2363 sorore
552 2316 689 2363 Heresuida
702 2318 728 2364 in
743 2317 892 2364 monasterio
904 2317 1002 2364 Calensi
1016 2317 1130 2364 sumserit
1146 2331 1211 2362 anuo
1222 2313 1279 2375 648,
1291 2331 1345 2362 mo-

247 2380 381 2427 nasterium
395 2381 498 2428 Catenae
509 2387 675 2428 constructum
688 2395 736 2428 non
751 2381 798 2428 fuit
815 2397 829 2428 a
847 2381 977 2429 Baldbilda
988 2381 1133 2428 fundatrice.
1165 2381 1211 2428 Sed
1228 2381 1288 2427 adeo
1304 2380 1344 2426 in·

248 2452 315 2492 certa
333 2452 391 2493 sunt
409 2451 519 2506 tempora
536 2445 690 2492 fundationis
707 2445 818 2493 calensis
835 2447 986 2503 monasterii,
1004 2453 1032 2493 ut
1049 2445 1146 2492 difficile
1163 2445 1195 2492 sit
1213 2443 1345 2502 affirmare,

248 2517 372 2558 auctorem
387 2509 429 2573 qui
446 2525 495 2558 non
513 2510 596 2572 procul
614 2511 645 2556 ab
662 2511 712 2557 illis
727 2511 877 2571 temporibus
888 2510 954 2558 vixit
971 2510 1154 2567 hallucinatum,
1167 2509 1300 2571 prasertim
1317 2509 1345 2556 in

247 2576 348 2623 historia
359 2584 409 2624 tarn
420 2576 517 2633 celebri,
529 2576 600 2637 cnjus
610 2576 809 2623 sanctimoniales
821 2576 963 2635 Anglicame
974 2584 1042 2623 tanta
1055 2590 1110 2637 pars
1121 2576 1226 2622 fueraut.
1239 2576 1264 2623 S.
1296 2575 1346 2623 Ve-

248 2654 302 2687 rum
314 2641 437 2689 enimvero
445 2641 588 2702 jamdudum
601 2641 647 2687 boc
658 2640 754 2687 dixerat
764 2640 841 2699 Beda,
853 2641 928 2687 fuisse
941 2641 1114 2688 monasterinm
1126 2640 1151 2686 in
1164 2639 1239 2687 Cale:
1258 2654 1346 2701 nempe

234 2740 236 2744 -
248 2720 330 2766 supra,
342 2706 377 2753 iii.
389 2706 421 2763 83
438 2707 503 2767 qnod
514 2706 580 2753 cadit
590 2706 615 2751 in
629 2707 658 2752 A.
668 2705 699 2751 l).
711 2704 768 2762 640.
800 2705 864 2751 Nam
878 2706 1052 2752 urouasterium
1064 2705 1126 2751 illud
1138 2704 1283 2751 restaurarit
1294 2718 1344 2751 non

247 2769 361 2817 fundavit
378 2771 515 2830 Balthildis,
531 2772 595 2818 sicut
611 2784 684 2829 snpra
700 2769 858 2817 dictumest:
878 2771 1037 2830 quamobrem
1056 2768 1128 2816 facile
1143 2776 1275 2829 potuerunt
1291 2783 1344 2815 mo-

248 2834 375 2946 niales6ibi
385 2835 445 2884 'esse
459 2836 533 2884 etiam
548 2843 605 2883 ante
619 2834 749 2882 Balthildis
760 2840 879 2896 tempora.
900 2834 1055 2895 Argumenta
1066 2834 1168 2881 adversa
1179 2832 1235 2880 vide
1246 2834 1271 2879 iu
1286 2833 1346 2895 Pagi

247 2898 280 2944 A.
289 2899 321 2945 D.
350 2900 382 2946 80
401 2901 447 2947 &a

282 2961 321 3021 38.
333 2934 414 3010 mut'er
424 2964 547 3025 Aldualfi]
561 2961 831 3027 AEtkelter(AEdilheri
841 2976 905 3022 supr.
917 2962 952 3009 iii.
963 2960 1092 3025 24.)fib'as
1102 2961 1156 3009 aas·
1165 2962 1195 3009 ds
1202 2962 1347 3021 reginarum

248 3026 503 3151 ΗεέξωὶἰΙια-ᾰνω
510 3029 582 3090 filios
597 3027 753 3090 Aldsoulfum
770 3034 795 3075 et
811 3026 963 3089 AIJ‘woldum
978 3029 1078 3087 genuit,
1097 3026 1161 3074 Flor.
1172 3026 1227 3087 Vig.
1245 3024 1346 3073 Genesi.

248 3105 273 3151 p.
317 3105 341 3138 o.

280 3154 626 3217 41.iapraesataprovinaa]
641 3156 805 3204 Orientalium
818 3170 850 3203 sc.
862 3154 1012 3215 Anglorum,
1024 3155 1088 3203 sicut
1106 3154 1173 3203 Beda
1188 3154 1233 3201 hoc
1251 3153 1304 3215 ipso
1320 3154 1346 3201 in

249 3218 303 3265 loco
313 3233 427 3280 expresse
436 3220 554 3270 affirmat:
565 3236 640 3281 quare
651 3221 731 3269 foedus
742 3228 780 3269 cst
790 3235 873 3268 eorum
885 3234 960 3280 error,
968 3220 1009 3281 qni
1024 3220 1123 3267 Hildam
1133 3220 1158 3266 iu
1169 3218 1347 3265 monasterium

248 3283 352 3331 Calense
369 3284 400 3330 ad
417 3299 523 3333 sororem
541 3284 701 3332 Heresuidam
717 3284 842 3333 transiisse
859 3284 947 3331 exinde
964 3284 1090 3345 colligunt.
1124 3284 1189 3331 Nam
1206 3284 1231 3330 id
1247 3284 1347 3345 qrridem

248 3347 274 3395 in
286 3349 411 3409 proposito
421 3350 513 3411 habuit,
525 3350 567 3397 sad
583 3350 610 3395 in
626 3350 726 3411 praefata
742 3348 868 3411 provincia
883 3356 986 3409 retenta,
999 3350 1029 3397 ab
1041 3348 1137 3396 Aidauo
1147 3347 1261 3409 episcopo
1276 3362 1347 3396 revo-

248 3418 303 3460 cata
314 3420 359 3461 ast.
370 3415 395 3459 S.

281 3490 322 3535 42.
333 3478 558 3540 septmtricaulens]
574 3477 678 3537 interiit,
689 3485 718 3526 ut
730 3478 835 3533 videtur,
846 3477 885 3525 hic
897 3477 975 3537 locus,
989 3478 1034 3525 nisi
1049 3492 1092 3539 per
1107 3491 1162 3524 eum
1178 3476 1348 3537 intelligamus

248 3542 374 3590 ecclesiam
394 3558 414 3589 s.
434 3543 517 3590 Hildae
535 3542 606 3604 cujus
625 3550 692 3590 certa
710 3542 782 3589 initia
802 3548 860 3589 sunt
877 3542 1015 3603 aequiorum
1036 3550 1184 3603 temporum,
1203 3548 1228 3589 et
1246 3556 1300 3601 quae
1319 3541 1346 3587 in

248 3607 358 3655 Australi
368 3607 437 3654 'linae
455 3607 564 3655 fluminis
580 3606 750 3667 potiusquam
767 3607 952 3668 septentrionali
968 3606 1037 3655 Viuri
1055 3607 1127 3669 plaga
1144 3606 1191 3653 sita
1207 3613 1253 3653 est.
1288 3606 1347 3653 Non

247 3671 398 3733 impossibile
414 3680 496 3719 tamen
513 3678 560 3729 cst,
577 3672 641 3732 quod
661 3672 724 3719 sicut
741 3671 917 3719 monasterium
936 3671 1071 3734 Gyruiense
1091 3686 1146 3718 cum
1167 3670 1347 3718 Viremuthensi

248 3736 346 3795 coaluit,
358 3751 407 3784 non
423 3738 536 3785 obstante
553 3736 670 3799 parallala
685 3736 733 3783 loci
750 3736 876 3793 distantia,
889 3736 924 3783 ita
939 3736 1042 3784 ecclesia
1059 3737 1119 3794 haec,
1132 3736 1190 3784 licet
1206 3736 1237 3781 ad
1253 3735 1345 3782 Tinsm

248 3801 337 3861 posita,
349 3816 364 3848 a
375 3802 449 3849 Viam
461 3816 550 3849 nomen
566 3801 687 3862 accipiat:
706 3816 826 3861 nusquam
843 3802 909 3847 enim
927 3800 1036 3849 invenire
1053 3799 1120 3862 potui
1138 3800 1314 3847 monasterium
1332 3815 1348 3847 a

248 3865 433 3926 septentrionali
444 3866 517 3927 plaga
528 3866 606 3920 Viuri,
617 3865 664 3913 nisi
675 3865 735 3912 illud
747 3865 812 3925 quod
827 3866 969 3913 Benedictus
983 3865 1070 3927 Biscop
1081 3865 1200 3912 fundavit.
1212 3865 1237 3911 S.

283 3944 304 3977 1.
319 3929 447 3993 Hemteu]
466 3930 546 3977 Hodie
564 3930 717 3991 Hertlepool,
728 3930 804 3977 maris
820 3930 887 3977 fluxu
905 3938 1001 3978 tantum
1019 3945 1068 3977 non
1086 3930 1175 3977 insula.
1208 3929 1280 3990 Quod
1291 3927 1348 3975 reli-

247 4008 323 4054 quum
334 4001 373 4041 est
383 3995 417 4041 ibi
429 3994 581 4051 monasterii,
594 4009 642 4041 non
655 3995 740 4054 primas
750 4003 789 4042 est
800 3994 972 4050 institutionis,
984 3996 1025 4043 sed
1040 3993 1134 4042 ordinis
1146 3994 1248 4041 fratrum
1267 3992 1346 4040 mino·

248 4072 311 4105 rum.
345 4060 456 4107 Ecclesia
467 4059 612 4119 parochialis
625 4059 761 4120 Hertensis,
770 4074 821 4107 nna
832 4074 887 4107 cum
900 4059 985 4107 multis
996 4060 1051 4107 aliis
1062 4058 1088 4106 in
1100 4074 1129 4106 ea
1140 4058 1240 4120 regione
1252 4070 1347 4117 posses-

248 4122 367 4181 sionibus,
379 4124 482 4173 accessit
492 4124 523 4171 sd
534 4124 667 4171 monachos
677 4124 708 4171 de
720 4124 827 4172 Gisburn
838 4124 864 4171 iu
877 4138 937 4185 agro
947 4124 1095 4172 Eboracensi
1105 4124 1237 4171 donatione
1246 4120 1348 4169 Domini

248 4186 345 4235 Brucaei
356 4188 499 4237 fundatoris.
517 4189 543 4237 S.

282 4265 305 4298 a.
317 4252 398 4313 Heia]
413 4253 537 4301 Lelandus
547 4252 637 4315 aliique
645 4252 708 4301 hanc
721 4252 812 4315 Begam
824 4253 918 4311 volunt,
930 4254 1002 4315 eique
1015 4251 1167 4301 mansionem
1183 4256 1283 4299 struunt
1297 4249 1346 4310 pri-

249 4330 315 4361 mam
327 4315 353 4361 in
366 4316 524 4378 Copclandia,
536 4318 611 4379 vulgo
622 4333 640 4365 s.
655 4318 724 4377 Besa,
737 4318 867 4365 secundam
885 4319 915 4365 ad
933 4316 1146 4380 septentrionalem
1165 4316 1263 4377 plagam
1276 4313 1347 4361 Viuri

249 4379 368 4437 fluminis,
381 4382 477 4430 tertiam
488 4381 519 4430 ud
531 4382 652 4439 Hermen,
664 4389 776 4443 quarum
794 4382 825 4429 ad
837 4381 982 4443 calcariam,
996 4382 1107 4430 nltimam
1125 4382 1156 4429 ad
1174 4381 1290 4429 Hacanos
1305 4378 1347 4427 ubi

248 4442 318 4491 obiit.
342 4444 414 4493 Hanc
425 4445 565 4509 opinionem
574 4446 728 4495 inveniemus
739 4447 817 4505 nullo,
830 4446 877 4493 nisi
889 4447 996 4495 nominis
1006 4446 1174 4506 similitudine,
1187 4445 1347 4493 fundamento

248 4507 368 4557 innixam.
401 4511 581 4559 Monasterium
596 4511 663 4559 enim
675 4510 701 4558 in
713 4510 863 4573 Copelandis
876 4526 926 4559 non
942 4526 986 4561 as.
999 4512 1068 4574 Bega
1079 4509 1186 4573 positum
1198 4510 1255 4566 fuit,
1266 4508 1308 4557 ssd
1320 4506 1345 4555 in
