3100 5125
108 345 169 412 IV.
185 369 212 412 1.
333 349 450 416 HIST.
474 349 652 417 noetus
675 349 841 414 GENTIS
864 347 1135 428 ANGLORUM.
1219 347 1283 416 179

144 516 174 568 ²5
183 503 293 562 autem
306 499 339 562 in
353 501 547 565 monasterio
561 500 742 566 dHiridano
757 501 844 584 quod
862 506 913 564 est
928 521 993 562 non
1006 499 1099 584 longe
1111 519 1133 562 a
1147 495 1281 581 Neapoli
1289 502 1441 553 Hadfianus-

184 583 375 670 campanie,
396 587 497 650 abbas
519 585 713 664 Hadrianus,
734 585 784 649 vir
804 585 934 650 natione
951 584 1041 662 Afer,
1061 581 1159 648 saeris
1180 581 1281 646 literis
1289 567 1344 616 aba

183 667 353 754 diligenter
386 671 536 748 imbutus,
566 671 841 736 monasterialibus
868 670 963 734 simul
996 675 1031 734 et
1059 667 1282 734 ecelesiastieis

184 753 358 840 drserphnrs
378 757 554 835 metitutus,
572 757 693 822 (iraeeae
715 756 838 842 pariter
859 762 894 821 et
916 754 1041 820 Latinae
1062 754 1178 840 linguae
1200 752 1282 838 peri-

182 839 335 904 tissimus.
365 841 463 906 Hune
478 843 521 907 ad
535 864 569 907 se
581 841 721 906 'aeoitum
735 842 828 927 Papa
838 842 935 926 jussit
949 840 1136 925 episcopatu
1149 845 1282 923 aoeepto

182 925 378 992 Brittaniam
392 928 507 992 venire.
539 927 601 1008 Qui
614 927 779 1013 indignum
793 949 828 990 se
842 933 936 991 tanto
949 925 1063 1011 gradui
1077 925 1281 1010 respondens,
1311 1000 1315 1006 ,

183 1013 352 1076 ostendere
371 1034 464 1098 posse
484 1035 519 1076 se
535 1013 618 1076 dixit
637 1013 743 1089 alium
759 1012 849 1096 eujus
867 1012 969 1097 magis
987 1011 1031 1075 ed
1048 1010 1282 1094 suscipiendum
1420 1007 1423 1012 ’

144 1095 451 1247 agp'ffiopatumdet
466 1098 607 1247 elidii}
617 1097 808 1198 conueniret,
824 1103 859 1162 et
876 1105 992 1247 aenlialle
1010 1096 1155 1196 tlumque
1172 1117 1282 1242 mepa-
1289 1184 1404 1234 Andreas

322 1204 395 1247 uem
514 1206 531 1247 e
599 1206 652 1247 mo
774 1205 828 1246 um
846 1205 900 1246 mo
992 1203 1040 1244 r10
1072 1202 1197 1244 nomme
1246 1203 1285 1242 n-·

183 1205 470 1353 dreamqpontifiadi1
481 1207 617 1347 offerlbt,
634 1206 727 1346 hidffa
766 1269 912 1332 omnibus
932 1267 1003 1352 equi
1024 1230 1149 1344 dovere,
1167 1248 1344 1351 dignus⁸¹²¹¹·

183 1352 369 1439 episcopatu
387 1354 549 1438 judieatus
571 1361 630 1420 est.
676 1355 799 1419 Verum
821 1354 946 1440 pondus
971 1374 1130 1436 corporeae
1151 1351 1282 1415 infirmi·

183 1438 272 1516 tatis,
294 1461 335 1502 ne
356 1440 520 1540 episeopus
541 1440 611 1505 fieri
632 1447 750 1525 posset,
773 1439 911 1504 obstitit.
955 1437 1001 1502 Et
1021 1459 1149 1502 rursum
1163 1436 1282 1501 Hadri·

113 1545 264 1612 142anus
286 1526 329 1588 ad
355 1526 587 1610 suseiprendum
612 1527 830 1625 episcopatum
854 1531 948 1589 aetus
973 1528 1042 1588 est:
1076 1522 1130 1607 qui
1153 1522 1283 1606 fpetens

183 1607 335 1687 induoias,
352 1611 379 1674 si
393 1612 477 1676 forte
491 1612 596 1690 alium
612 1611 667 1696 qui
682 1632 849 1697 episeopus
863 1609 1065 1674 ordinaretur
1083 1630 1124 1672 ex
1137 1614 1283 1693 tempore

183 1702 293 1780 posset
306 1695 475 1761 tiuvenire.

228 1781 311 1845 Erat
331 1781 401 1867 ipso
421 1789 566 1868 tempore
587 1782 699 1848 Romae
720 1781 894 1845 monachus
914 1778 1082 1843 Hadriano
1100 1785 1213 1855 notus‚·
1227 1800 1281 1843 no-
1290 1784 1435 1836 Theodora.

183 1865 268 1929 mine
291 1867 485 1946 Theodorus,
510 1875 605 1933 natus
627 1867 775 1932 hTharso
798 1865 923 1942 Oilieiae,
948 1865 996 1929 vir
1020 1871 1055 1928 et
1080 1864 1223 1928 saeeulari
1248 1869 1282 1928 et
1290 1849 1347 1962 gfff·
1360 1865 1398 1912 Ψ·

159 1951 289 2019 sdivina
317 1953 495 2031 literatura,
525 1961 559 2018 et
589 1954 699 2018 Graeee
735 1953 911 2016 instructus
942 1955 977 2014 et
1007 1949 1134 2025 Latine,
1162 1950 1283 2034 probus
1332 1930 1384 1964 mv.

182 2037 332 2116 moribus,
356 2046 391 2104 et
415 2046 514 2104 aetate
535 2041 741 2114 venerandus,
768 2037 802 2101 id
825 2043 885 2113 est,
905 2057 1006 2100 annos
1031 2035 1152 2100 babens
1175 2033 1283 2098 aetatis

183 2121 369 2208 isexaginta
397 2131 431 2188 et
455 2147 521 2188 sex.
574 2124 672 2188 Hune
698 2123 834 2187 offerens
860 2120 1046 2185 Hadrianus
1070 2119 1223 2204 pontilioi,
1246 2126 1284 2184 ut

183 2207 351 2294 episeopus
373 2209 575 2273 ordinaretur
596 2209 752 2274 obtinuit:
777 2209 827 2271 his
849 2214 958 2272 tamen
980 2205 1214 2270 conditionibus
1237 2205 1283 2268 in·

182 2295 356 2378 terpositia
377 2301 415 2358 ut
436 2295 505 2380 ipse
526 2316 598 2358 eum
619 2296 808 2380 perdueeret
826 2292 1090 2384 Brittaniampo
1111 2292 1197 2375 quod
1215 2290 1284 2374 jam

182 2379 232 2442 bis
257 2387 366 2464 partes
390 2380 564 2444 Galliarum
587 2379 719 2445 diversis
742 2402 783 2443 ex
809 2379 912 2443 causis
937 2377 1090 2451 adiisset;
1123 2383 1158 2440 et
1184 2377 1225 2439 ob
1248 2375 1283 2440 id

182 2465 336 2548 majorem
350 2466 443 2550 hujus
458 2465 581 2530 itineris
595 2465 766 2615 peraffiendi
787 2465 936 2529 notitiam
952 2464 1096 2540 baberet,
1112 2461 1282 2526 sufficiens·

144 2574 176 2610 10
205 2573 245 2614 ue
275 2557 359 2616 esset
388 2551 421 2614 in
450 2551 648 2636 possessione
700 2550 839 2615 ominum
866 2549 1087 2635 propriorum:
1126 2554 1160 2612 et
1189 2552 1228 2612 ut
1252 2547 1282 2611 ei

184 2573 338 2701 doetrinae
362 2644 550 2723 eooperator
571 2638 720 2715 existens,
744 2637 912 2722 diligenter
933 2635 1123 2699 adtenderet
1142 2654 1183 2696 ne
1206 2632 1283 2717 quid

183 2721 236 2785 ille
257 2722 452 2787 eontrarium
473 2723 602 2787 veritati
624 2722 707 2800 fidei,
732 2724 916 2786 Graecorum
940 2742 1037 2798 more,
1060 2718 1094 2781 in
1116 2717 1283 2782 eeclesiam

182 2808 235 2870 oui
248 2815 409 2891 praesset,
425 2808 652 2873 introduceret.
698 2808 759 2888 Qui
779 2807 991 2871 subdiaconus
1012 2804 1188 2879 ordinatus,
1205 2826 1282 2888 qua

182 2896 258 2955 tuor
281 2894 477 2978 exspectavit
500 2915 635 2972 menses,
663 2894 763 2957 donee
789 2892 833 2955 illi
856 2914 947 2955 eoma
972 2895 1136 2967 cresceret,
1161 2910 1223 2973 quo
1249 2888 1283 2951 in

182 2998 333 3043 eoronam
361 2977 487 3042 tonderi
516 2986 635 3063 posset.
690 2978 861 3043 Habuerat
887 2976 972 3040 enim
1000 2982 1166 3039 tonsuram
1194 2995 1283 3037 more

216 3114 369 3161 dNa'ra'daao
377 3110 408 3162 V.
495 3123 575 3161 ecam
583 3114 743 3162 aeonevfi.
837 3111 999 3174 fpesiitvo.
1091 3109 1281 3172 κωπήρη.

181 3175 291 3302 mag
301 3192 374 3239 quem
384 3178 460 3227 secuti
472 3185 530 3227 sunt
540 3180 576 3226 St.
588 3185 614 3227 et
624 3179 654 3226 G.
732 3177 936 3226 hexmmv·
953 3192 986 3225 ex
998 3177 1077 3225 Tam
1088 3178 1119 3223 G·
1196 3175 1281 3222 im

214 3377 254 3424 24.
266 3364 404 3427 Hiriduno]
424 3367 464 3413 lta
474 3367 551 3413 codex
564 3364 641 3423 Mori,
653 3364 695 3412 sed
712 3364 808 3411 codices
824 3364 945 3424 primave
960 3363 1113 3411 sumentis
1128 3362 1281 3410 inhaerete

180 3429 307 3478 differunt.
340 3430 392 3478 Alii
403 3430 469 3478 enim
481 3430 714 3486 babent-Nitidano,
726 3435 751 3475 et
764 3427 864 3489 quidem
877 3435 949 3475 reete.
983 3428 1064 3475 lacus
1078 3434 1116 3476 est
1129 3427 1202 3488 justa
1212 3442 1282 3475 mon·

182 3500 231 3542 tem
245 3494 383 3542 cassinum.
403 3496 429 3543 S.
464 3493 642 3542 Monasterium
654 3492 700 3541 boo
712 3493 869 3541 Hirtdunam
886 3493 936 3539 sive
947 3492 1105 3539 Niridanam
1116 3506 1189 3539 nemo
1199 3492 1282 3539 bacte-

182 3572 229 3606 nus
251 3558 354 3606 invenit.
394 3559 454 3606 Cod.
474 3558 529 3606 MS.
549 3558 657 3605 ecclesia
679 3556 856 3605 Dunelmeosis
877 3556 916 3619 (B.
928 3557 953 3603 ii.
969 3557 1021 3617 35.)
1043 3556 1112 3617 cujus
1129 3556 1216 3604 titulus
1235 3562 1281 3614 est,

182 3622 294 3669 Nomina
308 3622 476 3683 episcoporum
495 3621 690 3669 Derobernensis
706 3621 821 3679 eeclesia,
839 3621 922 3679 habet,
934 3620 1068 3667 adrianum
1086 3620 1198 3668 abbatem
1211 3620 1281 3666 Vari·

181 3687 254 3733 diunt
265 3687 415 3735 monasterii.
449 3687 516 3734 ldem
533 3686 605 3734 habet
622 3686 782 3747 Capgravius.
816 3684 891 3733 Multi
906 3685 986 3733 locum
1002 3685 1094 3731 frustm
1108 3684 1280 3745 quasit-erunt

182 3750 340 3799 Menoetius
359 3750 498 3811 (Dissertet.
517 3750 611 3799 Hister.
629 3751 660 3797 de
676 3750 791 3799 Cathedr.
809 3749 876 3797 Eccl.
890 3750 969 3810 Nesp.
982 3749 1071 3804 vicia,
1089 3756 1122 3807 et,
1140 3749 1179 3795 De
1195 3748 1282 3795 Insula

182 3814 314 3877 Salvator.)
339 3830 382 3877 pro
399 3816 521 3865 Niridano
540 3815 645 3863 seribere
663 3815 743 3862 voluit
762 3814 893 3867 Nisidano‚
914 3822 940 3862 et
959 3814 1039 3860 locum
1061 3812 1156 3873 putarit
1178 3826 1231 3859 esse
1252 3812 1280 3858 in

181 3877 263 3927 insula
282 3879 378 3927 Nisidu.
412 3880 483 3928 Hanc
503 3886 586 3927 tamen
606 3879 780 3940 conjecturam,
795 3878 906 3938 quamvis
924 3878 1002 3939 primo
1018 3878 1072 3924 visu
1090 3876 1198 3934 facilem,
1215 3876 1280 3924 reiu-

182 3944 245 3991 tavit
261 3944 372 3992 Chiarito
392 3944 523 4007 (comente
540 3944 644 3991 leterico
661 3943 754 3991 Critioo
770 3943 840 4005 dte).
873 3944 908 3990 Et
926 3944 986 3989 satis
1004 3948 1096 3989 eertum
1116 3955 1169 3988 asse
1184 3940 1282 3987 videtur

182 4008 277 4056 nullum
290 4008 436 4070 deprehendi
448 4023 518 4069 posse
526 4008 656 4070 vestigium
666 4008 723 4054 tulis
730 4006 872 4055 monasterii
881 4006 907 4053 in
917 4007 998 4053 insula
1006 4006 1103 4062 Nisida,
1114 4005 1178 4052 sic-ut
1186 4005 1216 4052 ab
1225 4019 1279 4051 eru-

181 4071 346 4134 ditequodam
356 4072 408 4133 ejus
417 4072 589 4135 regionisldro
598 4073 687 4131 incoepi,
694 4072 735 4131 qui
743 4071 883 4119 hoec'amieo
891 4085 946 4118 meo
955 4069 1097 4130 impertivit
1121 4070 1280 4129 Rursumpro

182 4136 307 4185 Hiridaai
321 4137 426 4198 conjecit
437 4137 571 4185 Caraocioli
589 4136 625 4198 (in
646 4136 686 4184 De
703 4135 786 4183 Sacris
801 4134 868 4182 Eecl.
880 4136 959 4195 Neap.
970 4133 1050 4195 Mon.)
1064 4135 1196 4181 Aretiuai:
1214 4133 1280 4193 qued

181 4214 249 4261 aeque
261 4202 406 4251 auctoritate
417 4207 492 4249 caret.
525 4202 584 4249 llaec
597 4200 647 4248 ille.
681 4199 795 4261 Denique
812 4199 833 4247 si
848 4199 907 4259 quid
924 4198 1053 4253 nominum
1068 4197 1203 4245 similitudo
1220 4212 1279 4244 con-

178 4263 280 4325 jecturis
296 4266 407 4314 conferre
423 4266 508 4327 possit,
521 4266 621 4327 propius
636 4271 673 4312 est
690 4278 779 4311 nomen
796 4265 941 4312 monasterii
953 4263 1083 4311 Hadriani
1093 4276 1166 4322 quam
1182 4270 1278 4319 catera,

179 4329 252 4391 eujus
269 4330 382 4379 meminit
392 4330 526 4392 Gregorius
537 4330 553 4377 i.
566 4344 628 4391 papa
639 4329 666 4377 in
677 4328 755 4389 Epist.
766 4328 820 4376 xiii.
832 4343 862 4389 ὃς
879 4335 904 4376 et
918 4328 982 4388 quod
1000 4340 1074 4388 prope
1085 4326 1215 4386 Neapolim
1227 4340 1280 4375 essa

180 4394 270 4456 potuit,
282 4395 346 4443 siout
357 4395 456 4443 fuerunt
468 4394 544 4443 multa
556 4393 613 4442 alia.
647 4392 718 4441 Cous.
730 4394 805 4455 Greg.
818 4392 894 4455 Epist.
906 4408 930 4439 x.
943 4391 982 4440 61.
994 4391 1048 4438 xiii.
1061 4403 1082 4437 2.
1094 4399 1141 4439 eto.

213 4458 237 4506 8.
245 4460 301 4518 pum
313 4460 349 4507 hir
359 4462 437 4507 variis
448 4475 479 4507 es
491 4461 572 4507 causis
582 4456 696 4519 adiisset]
716 4458 800 4513 Ateue
819 4458 876 4505 bine
893 4455 971 4518 major
988 4455 1091 4517 suspitio
1107 4456 1138 4503 de
1153 4454 1280 4504 Hadriano

179 4538 253 4584 quam
265 4524 295 4571 de
306 4524 437 4572 Theodoro
449 4524 504 4585 luit,
517 4524 571 4571 vide
583 4524 655 4572 iufra.
675 4523 700 4571 S.

684 4589 776 4649 sat
