3100 5125
258 370 261 374 -
303 329 366 388 lae
669 329 905 394 HISTORIAE
928 331 1106 396 EOOLES.
1377 330 1483 416 III-47

302 483 362 545 hus
392 488 607 564 sequestratae.
658 482 803 566 Namque
832 482 891 567 ipsi
921 485 1077 550 australes
1108 485 1201 561 Picti,
1233 485 1288 569 qui
1319 484 1413 558 intra

303 567 429 630 eosdem
450 573 575 630 montes
597 568 717 631 habent
739 569 839 646 sedes,
855 571 956 634 multo
974 577 1050 634 ante
1069 577 1223 670 tempore,
1240 577 1278 634 ut
1301 569 1412 656 perhi-

301 653 388 728 bent,
419 652 529 715 relicto
563 675 669 718 errore
702 654 868 731 idolatriae,
898 656 994 719 fidem
1023 656 1168 720 veritatis
1202 662 1409 740 acceperant,

302 737 496 821 praedicante
529 738 573 803 eis
603 741 733 802 verbum
764 740 869 824 Nynia
898 741 1046 826 episcopo
1080 741 1339 806 reverentissimo
1374 748 1410 805 et

302 823 499 886 sanctissimo
515 823 591 900 viro,
608 825 647 887 de
667 824 797 888 natione
812 825 1006 903 Brittonum‚
1023 828 1162 911 quierat
1181 827 1294 891 ltornae
1313 848 1408 912 regu-

302 908 412 971 lariter
426 909 521 971 fidem
539 916 572 973 et
591 911 742 994 mysteria
756 911 900 975 veritatis
920 913 1073 986 edoctus;
1099 914 1189 996 cujus
1208 913 1319 976 sedem
1341 913 1447 997 epi-25

302 994 459 1077 scopalom
474 995 575 1058 sancti
592 996 727 1060 Martini
741 996 879 1082 episcopi
894 999 1020 1061 nominc
1035 1006 1069 1062 et
1090 999 1222 1062 ecclesia
1236 999 1407 1082 insignem,

301 1079 355 1142 ubi
377 1079 444 1163 ipse
467 1081 563 1143 etiarn
585 1102 715 1166 corpore
737 1103 801 1145 una
823 1104 894 1144 cum
916 1084 1058 1168 pluribus
1080 1084 1201 1148 sanctis
1222 1085 1408 1169 requiescit,

137 1163 1024 1336 aaauttassauauaue...ui
1036 1169 1410 1319 astisterunt

302 1335 386 1418 qnod
412 1335 455 1399 ibi
478 1337 641 1400 ecclesiam
664 1339 704 1400 de
729 1337 843 1422 lapide,
868 1338 995 1403 insolito
1021 1339 1227 1404 Brittonibus
1251 1363 1340 1404 more
1365 1341 1410 1404 fe-

301 1420 389 1484 cerit.

354 1506 454 1570 Venit
472 1513 580 1570 autem
599 1505 793 1572 Brittaniam
814 1508 978 1586 Columba,
997 1517 1153 1596 regnante
1172 1511 1276 1574 Pictis
1294 1510 1451 1578 Bridi030
1536 1520 1538 1545 ³

303 1591 368 1654 filio
385 1592 575 1668 Meiloch0n‚
592 1613 666 1676 rege
680 1593 911 1676 potentissimo,
928 1618 1011 1659 nono
1025 1619 1110 1659 anno
1125 1599 1216 1682 regni
1231 1598 1313 1680 ejus,
1331 1619 1409 1681 gen-

301 1684 429 1760 temque
455 1678 539 1740 illam
561 1679 657 1740 verbo
679 1685 713 1741 et
735 1680 879 1764 exemplo
901 1682 944 1744 ad
965 1682 1060 1744 fidem
1083 1681 1202 1746 Ohristi
1226 1682 1408 1746 convertit:

301 1762 385 1824 unde
403 1769 437 1825 et
451 1763 618 1846 praefatam
636 1763 770 1826 insulam
790 1766 832 1831 ab
848 1765 892 1827 eis
915 1767 948 1828 in
969 1767 1200 1851 possessionem
1219 1768 1410 1831 monasterii

301 1847 436 1910 faciendi
459 1848 591 1931 accepit.
636 1847 746 1932 Neque
770 1849 854 1912 enim
877 1873 994 1936 magna
1019 1860 1077 1929 est,
1101 1854 1159 1916 sed
1183 1853 1276 1936 quasi
1300 1853 1410 1916 stami-

302 1932 415 1994 liarum
431 1933 577 2016 quinquo,
590 1933 684 2015 juxta
697 1933 942 1998 aestimationem
957 1937 1154 2022 Anglorum3
1171 1961 1270 2022 quam
1285 1961 1410 2002 succes-

144 2029 285 2094 A.1).597.
304 2038 390 2079 sores
413 2019 479 2099 ejus
501 2039 600 2100 usqne
621 2018 715 2082 hodie
729 2026 850 2095 tenent,
867 2022 921 2083 ubi
943 2029 977 2085 et
998 2023 1065 2108 ipse
1088 2025 1231 2108 sepultus
1251 2032 1313 2100 est,
1337 2041 1448 2092 cumas
1536 2030 1537 2117 l

137 2094 257 2206 ξζίῑίῗῡῦῑ
304 2108 388 2163 esset
403 2123 557 2164 annorum
572 2103 774 2188 septuaginta
788 2112 919 2189 septem,
932 2114 1006 2192 post
1020 2131 1121 2172 annos
1133 2109 1261 2173 circiter
1271 2110 1412 2195 triginta

431 2284 502 2348 fjam
514 2289 653 2348 Anglornm
665 2290 694 2336 V.
936 2304 951 2341 s
962 2296 1111 2342 milliarium
1123 2296 1152 2343 C.
1165 2312 1186 2344 r.
1200 2299 1272 2345 male.

301 2527 330 2558 eo
350 2513 424 2560 tretus
440 2522 583 2575 argumento
599 2516 673 2576 quod,
690 2518 838 2576 Goltovtdio,
856 2521 898 2567 nti
913 2523 1040 2569 ecetesiam
1056 2525 1166 2574 condidit
1180 2526 1412 2590 Ninionua—pors

300 2584 356 2623 erat
370 2580 502 2637 procincte
518 2580 590 2625 dietoe
606 2596 621 2625 o
638 2581 769 2630 Valentino
786 2585 916 2643 Valentio,
928 2600 1005 2647 qnam
1018 2587 1126 2635 Ronsont
1138 2596 1163 2635 et
1180 2590 1313 2638 Brittones
1324 2596 1412 2640 adbuc

301 2642 435 2688 tuebantur
449 2649 471 2687 et
483 2644 626 2690 incolebant.
648 2646 733 2706 Script.
749 2648 809 2696 Hib.
821 2649 846 2697 ii.
860 2665 883 2709 p.
894 2649 935 2710 87.
970 2651 1018 2697 Sed
1031 2652 1051 2698 si
1064 2652 1124 2699 fides
1138 2654 1280 2714 antedictis,
1292 2658 1410 2705 Britanni

301 2704 330 2751 ah
343 2706 380 2751 his
392 2706 531 2765 regionibus
548 2708 609 2767 pulsi
627 2710 711 2757 multis
727 2710 798 2759 hellis
815 2714 912 2759 tandem
930 2724 1056 2762 cesserunt
1072 2731 1128 2764 cum
1147 2732 1233 2765 murus
1250 2729 1412 2785 constructus

300 2777 364 2815 esset
375 2771 454 2817 medio
466 2771 515 2817 fere
527 2772 615 2818 saeculo
625 2773 718 2834 quinto,
732 2790 820 2837 nempe
830 2778 919 2838 viginti
936 2793 1023 2840 annos,
1035 2780 1066 2827 ad
1083 2781 1225 2837 minimum,
1238 2793 1298 2832 ante
1310 2794 1411 2848 tempus

301 2847 350 2891 quo
362 2834 438 2880 Ninia
449 2834 576 2881 advenisse
588 2837 698 2883 traditur.

335 2909 372 2953 24.
386 2898 481 2957 Rornae]
498 2898 596 2946 Dicitur
607 2900 683 2947 Ninia
696 2902 800 2949 Romam
813 2904 901 2951 adiisse
913 2912 1022 2965 tempore
1033 2908 1137 2955 Damasi
1150 2926 1229 2971 papae,
1242 2928 1265 2958 a.
1278 2926 1340 2975 370.
1362 2916 1411 2963 Or.

301 2960 411 3005 dinatum
430 2960 581 3009 Brittonibus
598 2964 672 3011 fuisse
689 2980 703 3011 a
720 2967 809 3015 Siricio
823 2985 845 3015 a.
857 2982 913 3032 394.
949 2970 978 3016 ln
991 2973 1070 3019 reditu
1084 2988 1102 3019 s.
1115 2974 1254 3023 Martinum
1274 2980 1409 3037 salutasse,

301 3023 379 3069 virum
395 3024 501 3082 regulari
513 3025 640 3085 disciplina
656 3030 850 3090 celeberrimum,
863 3035 904 3080 sed
920 3049 969 3079 non
987 3037 1146 3096 avunculum,
1159 3046 1187 3085 ut
1199 3040 1272 3088 Hect.
1287 3043 1410 3093 Boethius

301 3087 383 3133 tradit.
418 3086 472 3133 llac
488 3090 615 3137 occasione
631 3093 755 3141 ecclesiam
775 3111 874 3144 suarna
889 3098 1138 3149 Martinodedicarit.
1176 3104 1212 3151 Ut
1226 3113 1253 3152 et
1269 3110 1410 3165 morissuit

300 3150 351 3195 illis
363 3150 518 3209 temporibus.
537 3153 562 3199 S.
597 3154 705 3215 Tempus
716 3173 763 3217 quo
774 3161 874 3207 advenit
890 3162 967 3208 Ninia
982 3172 1049 3211 certo
1061 3166 1135 3212 statui
1151 3182 1200 3213 non
1215 3178 1307 3228 potest.
1344 3174 1409 3221 Rem

300 3222 326 3259 et
336 3220 447 3259 auctores
459 3214 528 3263 docte
537 3218 665 3265 ventilavit
677 3220 798 3283 Usserins,
810 3240 832 3284 p.
844 3236 901 3285 ¹347,
912 3228 955 3272 dre.
973 3227 1037 3288 (cap.
1047 3227 1112 3291 xv.):
1123 3238 1148 3277 et
1160 3232 1185 3277 in
1199 3233 1277 3281 lodic.
1286 3237 1408 3285 Chroool.

300 3291 324 3335 p.
337 3288 392 3336 514.
405 3277 534 3325 adventum
547 3281 576 3327 ad
590 3281 724 3331 Candidam
737 3285 825 3335 Casam
838 3290 907 3348 ponit
922 3291 952 3337 ad
965 3293 995 3337 A.
1006 3293 1038 3339 D.
1051 3306 1108 3353 412,
1120 3296 1186 3355 quod
1198 3300 1312 3357 sequitur
1326 3302 1410 3365 Lloyd

300 3340 326 3385 in
345 3340 409 3386 Hist.
429 3340 487 3401 Reg.
504 3344 596 3391 Eccles.
616 3344 792 3404 (Gorer'umeut
808 3353 838 3399 oi
851 3354 891 3399 the
908 3354 1027 3417 Charch).
1063 3358 1119 3404 Alia
1136 3359 1210 3407 babet
1225 3363 1366 3413 O‘Connor
1382 3370 1409 3415 in

300 3403 388 3463 Script.
401 3404 502 3452 Hibera.
515 3407 540 3454 ii.
552 3424 575 3469 p.
585 3406 624 3455 86.
650 3410 732 3459 Unum
743 3418 914 3464 tantummodo
923 3427 1015 3467 certum
1028 3436 1080 3468 esse
1092 3422 1197 3483 videtur,
1210 3426 1296 3475 Ninia
1310 3432 1411 3478 missio-

300 3481 355 3513 nem
368 3468 393 3513 in
405 3482 433 3515 ea
442 3468 491 3516 fere
503 3477 612 3533 tempora
621 3474 735 3524 incidisse
746 3493 803 3525 cum
815 3480 868 3527 istae
877 3482 990 3542 regiones
1002 3501 1016 3531 a
1028 3486 1205 3535 Britannorum
1219 3490 1292 3538 bellis
1301 3502 1328 3541 et
1339 3504 1409 3544 erte·

299 3544 382 3577 rorum
399 3532 535 3581 incursibus
552 3538 657 3584 maxime
674 3540 795 3589 infestatae
810 3552 886 3600 sunta
902 3548 966 3607 quod
980 3553 1050 3597 tanto
1066 3552 1146 3611 magis
1163 3555 1258 3616 egregii
1276 3557 1347 3607 iilius
1359 3562 1410 3609 viri

300 3594 425 3654 pietatem,
437 3603 461 3644 et
472 3603 607 3658 exemplum
622 3602 668 3648 zeli
680 3604 812 3653 Christiani
825 3612 988 3657 commendat.

334 3658 372 3707 28.
382 3661 425 3707 Ad
433 3662 572 3709 Candidum
584 3666 683 3727 Casum]
700 3668 840 3717 Whitheme
852 3672 877 3717 in
890 3674 1037 3723 Gallovidia.
1061 3678 1111 3725 Ubi
1127 3680 1207 3728 Ninia
1222 3683 1295 3746 obiit,
1312 3703 1337 3734 a.
1349 3685 1409 3747 432.

300 3723 355 3781 Ωυο
367 3724 440 3771 etiam
452 3739 517 3772 anno
528 3742 547 3774 s.
561 3728 677 3777 Patricius
690 3731 834 3781 Hiberniam
845 3734 955 3795 intravit,
965 3741 1161 3792 sicutPalladius
1173 3761 1240 3793 auno
1252 3753 1410 3809 praecedente

300 3787 414 3836 Scotiem.
449 3790 532 3837 Codex
545 3792 599 3838 MS.
610 3792 742 3842 Thoresbei
758 3798 789 3843 ad
804 3798 868 3847 huuc
884 3801 966 3849 locum
979 3804 1052 3852 Bedae
1065 3807 1139 3856 babet
1157 3819 1244 3858 notam
1259 3823 1409 3875 sequentem

299 3849 376 3898 literis
388 3853 518 3913 majoribus
531 3856 644 3915 scriptam
661 3858 685 3904 in
702 3873 802 3919 corpore
813 3868 911 3911 textus:
935 3866 983 3914 Ubi
999 3871 1058 3917 ordo
1070 3882 1314 3932 premonstratensis
1330 3882 1410 3930 babet

299 3915 378 3961 sedem
390 3923 413 3964 et
425 3920 563 3965 electionem
574 3922 739 3981 episcopatem.
751 3925 776 3971 S.

333 3992 371 4036 30.
389 3981 490 4043 Bridr'o]
512 3982 560 4029 Hic
578 3998 592 4029 a
608 3984 731 4033 Crathneo
749 3987 827 4048 primo
846 3991 968 4041 Pictorum
987 4000 1121 4046 monarcha
1141 4002 1283 4053 tricesimus
1300 4018 1410 4069 quartus

300 4053 440 4091 numeratur
453 4046 478 4091 in
489 4047 676 4095 Scoticbronico.
709 4052 889 4116 Successerunt,
902 4058 1014 4107 Garuard
1026 4063 1067 4121 qui
1080 4064 1196 4114 fundavit
1208 4071 1342 4120 ecclesiam
1355 4076 1409 4123 col·

298 4102 411 4163 legistam
424 4110 453 4156 de
465 4110 623 4173 Abemethy3
641 4113 818 4163 Constantinus
829 4119 870 4179 qui
882 4121 993 4170 hindavit
1004 4127 1131 4175 ecclesiam
1145 4131 1274 4181 Dunkeld.
1303 4138 1348 4185 Ab
1361 4140 1410 4187 hoc

298 4175 398 4217 octavus
413 4174 553 4233 Druuslrem
566 4174 590 4221 iu
603 4190 651 4235 quo
662 4177 786 4227 Pictorum
803 4186 919 4243 regnandi
933 4187 1021 4235 defecit
1039 4199 1156 4249 potestas.
1175 4198 1200 4242 S.
1238 4200 1319 4315 Hicq

300 4239 365 4277 mota
378 4244 429 4296 est,
445 4239 502 4299 quia
520 4239 626 4286 Annales
645 4241 772 4289 Hibernici
788 4247 889 4295 tradunt
905 4249 1011 4299 insulam
1030 4254 1084 4313 Hii,
1103 4259 1155 4307 sive
1171 4261 1217 4318 Ja,
1234 4264 1288 4312 sive
1319 4212 1409 4329 ἓξὲξ

298 4291 379 4341 datam
389 4313 440 4377 esse
450 4318 464 4348 a
473 4303 549 4377 Conal
559 4318 615 4363 rege
624 4304 754 4379 Dalriedae,
765 4308 809 4354 sub
817 4311 996 4373 cujusimperio
1003 4317 1059 4374 mit,
1068 4335 1117 4368 non
1129 4332 1212 4373 antem
1226 4330 1272 4375 son
1282 4345 1341 4392 rege
1351 4334 1409 4381 Pic-

299 4358 378 4405 tonnu
388 4363 506 4424 Matlcun,
519 4382 569 4413 sive
581 4368 730 4427 Medochon,
743 4379 786 4418 aut
797 4372 847 4419 filio
858 4376 911 4435 ejus
922 4378 1015 4427 Bridio'.
1040 4384 1068 4430 Si
1080 4400 1190 4447 unquam
1203 4392 1301 4452 dejure
1313 4403 1339 4444 et
1351 4412 1409 4458 poa

298 4420 404 4499 sessione
415 4428 485 4489 hujus
497 4432 583 4477 insula
594 4437 711 4478 renatum
724 4442 777 4481 erat
793 4435 856 4483 ianr
871 4440 927 4488 illos
939 4459 1016 4506 reges,
1029 4448 1090 4496 satis
1104 4465 1185 4501 rasisse
1198 4456 1347 4509 haberemus
1363 4477 1410 4527 cnr

298 4482 357 4528 adeo
369 4488 462 4541 diverse
474 4510 488 4541 a
500 4495 600 4543 diversis
612 4495 750 4544 auctoribus
760 4500 876 4549 traditum
887 4504 926 4551 sit.

1536 2220 1537 2265 l

1536 2302 1537 2327 l

334 2463 373 2494 or.
391 2450 520 2496 Anstrntes
533 2450 614 2510 Ptcn]
637 2452 720 2512 Negat
735 2454 870 2502 O‘Connor
887 2456 989 2503 Niniam
1006 2457 1088 2504 Pictos
1105 2459 1136 2505 ad
1154 2459 1227 2507 fidem
1244 2463 1410 2521 convertisse,

1536 2971 1537 3020 l
