3100 5125
501 363 665 432 uuuuls
688 363 960 431 ANGIDRUM.
1213 367 1278 433 135

182 515 259 600 quia
281 515 322 580 de
344 516 408 582 alia
432 517 598 602 provincia
623 524 714 583 ortus
742 520 859 596 fuerat,
882 528 918 582 et
943 539 1039 603 super
1065 539 1121 582 eos
1145 540 1279 604 reguum

143 603 1280 755 ¹⁵tttttlttttlt{tteltldt‘tttlttlttt

180 779 304 850 nerent,
319 773 459 838 tentorio
474 713 617 838 ztantiim
631 776 751 860 majore
765 712 863 861 supin
876 797 1003 839 carrum
1016 774 1050 837 in
1064 797 1127 860 quo
1141 713 1278 854 iderant,

181 863 323 922 extenso.
377 860 442 924 Sed
466 860 610 924 miraculi
640 860 776 925 caelestis
805 861 954 938 ostensio,
979 883 1075 946 quam
1096 868 1281 926 reverenter

181 953 246 1006 aere
267 943 475 1029 suscipiendae
499 969 519 1010 a
540 946 664 1011 cunctis
683 946 830 1010 fidelibus
849 953 964 1024 essent,
988 946 1150 1031 patefecit.
1195 947 1280 1012 Nam

182 1034 255 1093 tota
270 1031 330 1094 bea
344 1038 439 1096 nocto
458 1031 603 1095 columna
624 1031 749 1097 lucissa
772 1054 863 1096 carro
888 1031 940 1096 illo
968 1032 1012 1095 ad
1040 1032 1152 1096 eaelum
1179 1055 1280 1118 usque

182 1122 342 1198 porrecta,
368 1117 513 1181 omuibus
541 1139 622 1201 pene
651 1118 794 1202 ejusdem
824 1117 979 1181 Lindissae
1007 1118 1177 1203 provineiae
1202 1118 1280 1182 locis

141 1229 175 1266 ιο
185 1201 356 1286 conspicua
370 1205 489 1266 stabat.
534 1203 631 1267 Unde
645 1225 739 1267 mane
752 1205 840 1268 facto
853 1204 971 1267 fratres
984 1203 1171 1267 monasterii
1185 1203 1277 1282 illius,

184 1286 238 1370 qui
268 1287 371 1370 pridie
400 1290 587 1365 abnuerant,
618 1289 788 1374 diligenter
815 1289 876 1373 ipsi
905 1295 1014 1374 petere
1039 1296 1215 1375 coeperunt,
1241 1298 1281 1354 ut

183 1372 269 1454 apud
283 1394 319 1436 se
332 1373 452 1438 eaedem
474 1381 595 1438 sanetae
612 1397 651 1438 ac
666 1375 737 1438 Deo
752 1375 879 1438 dilectae
900 1374 1041 1458 reliquiae
1056 1375 1278 1439 conderentur.

185 1456 270 1521 Lota
288 1458 387 1544 igitur
405 1481 478 1524 ossa
499 1459 677 1524 intulerunt
698 1460 731 1522 in
753 1461 891 1537 thecam,
907 1482 1003 1544 quam
1022 1460 1055 1523 in
1075 1461 1136 1525 hoc
1155 1483 1279 1547 praepa-

181 1551 340 1622 raverant,
358 1551 456 1629 atque
476 1545 509 1607 in
529 1546 662 1610 ecclesia
680 1546 775 1630 juxta
796 1547 948 1609 honorem
972 1567 1147 1630 congruum
1167 1569 1280 1632 posue·

182 1635 278 1693 runt:
317 1635 351 1693 et
376 1637 414 1694 ut
438 1630 528 1716 regia
552 1631 610 1695 viri
634 1631 737 1696 sancti
766 1653 903 1716 persona
931 1631 1115 1695 memoriam
1143 1631 1279 1696 haberet

141 1741 171 1792 ²⁵
182 1720 346 1793 aeternam,
361 1716 509 1780 vexillum
530 1718 597 1802 ejus
619 1739 714 1802 super
734 1718 880 1782 tumbam
898 1739 978 1780 auro
992 1723 1027 1781 et
1040 1739 1181 1802 purpura
1195 1739 1278 1780 oom-

182 1800 322 1884 positum
355 1803 581 1886 adposuerunt,
610 1802 775 1888 ipsamque
811 1824 928 1887 aquam
957 1803 990 1865 in
1019 1825 1083 1886 qua
1110 1803 1280 1868 claverunt
1317 1819 1329 1842 ⁰

181 1905 263 1962 ossa,
286 1886 319 1949 in
341 1887 457 1972 angulo
480 1887 611 1952 sacrarii
633 1888 794 1952 fuderunt.
841 1888 893 1951 Ex
910 1911 974 1973 quo
996 1894 1140 1972 tempore
1157 1888 1281 1953 lactum

181 1977 241 2047 est,
271 1979 309 2035 ut
338 1972 407 2057 ipsa
435 1979 523 2038 terra
552 1995 624 2060 quae
651 1973 815 2038 lavacrum
843 1973 1020 2038 venerabile
1056 1974 1206 2058 suscepit,
1236 1975 1280 2039 ad

180 2055 356 2142 abigendos
382 2080 422 2121 ex
442 2059 579 2123 obsessis
598 2060 786 2145 corporibus
806 2059 976 2137 daemones,
994 2059 1109 2145 gratiae
1130 2060 1281 2124 salutaris

181 2141 315 2207 liaberet
330 2142 488 2207 effectum.

225 2227 372 2314 Denique
390 2235 535 2315 tempore
552 2237 713 2316 sequente,
737 2252 811 2295 cum
828 2231 965 2316 praefata
983 2229 1095 2316 regina
1114 2229 1147 2293 in
1167 2229 1279 2295 eodem
1287 2246 1407 2296 AEuiluild

139 2338 173 2387 30
181 2315 375 2378 monasterio
403 2321 593 2393 moraretur,
617 2315 704 2380 venit
726 2317 770 2381 ad
793 2316 995 2380 salutandam
1019 2338 1091 2380 eam
1111 2311 1418 2381 apamaenum.

181 2399 328 2482 quiedam
356 2399 552 2477 venerabilis,
582 2423 653 2486 quae
682 2423 785 2487 usque
810 2401 905 2466 hodie
940 2408 1096 2486 superest,
1125 2403 1279 2466 vocabulo

180 2483 350 2563 AEdilhild,
376 2507 467 2550 soror
492 2485 631 2550 virorum
660 2493 845 2552 sanctorum
873 2485 1032 2551 AEdilvini
1060 2493 1095 2551 et
1117 2487 1278 2566 Aldevini,

180 2592 316 2721 qpprum
335 2572 424 2657 prior
443 2572 608 2722 eppzcopus
626 2573 820 2723 ideindipsi
841 2572 1014 2722 ppm
1029 2574 1187 2637 secundus
1205 2581 1279 2639 erat

179 2678 200 2720 a
244 2679 340 2721 asin
368 2679 479 2723 monas
514 2680 562 2721 no
613 2681 634 2722 u
701 2680 835 2723 voeaur
1002 2680 1020 2721 e
1077 2680 1101 2723 a
1145 2681 1276 2723 uonou

178 2741 272 2828 longe
287 2750 321 2807 et
338 2743 391 2807 illa
410 2682 637 2808 monasteriiim
657 2744 807 2809 habebat.
851 2744 932 2809 (lum
951 2681 1171 2828 ergouienieirs
1190 2744 1276 2822 lille,

178 2826 363 2913 loqueretur
384 2851 456 2893 cum
477 2829 596 2915 regina,
612 2836 710 2916 atque
731 2829 818 2894 inter
830 2828 902 2906 alia,
918 2850 1064 2893 semona
1078 2830 1120 2893 de
1134 2830 1278 2894 Osualdo

136 2931 167 2981 3⁵
179 2920 302 2991 exorto,
318 2914 438 2979 diceret
453 2915 537 2999 quod
557 2922 591 2979 et
611 2914 681 2999 ipsa
702 2916 804 2979 lucem
826 2921 921 2979 nocto
940 2914 994 2979 illa
1013 2936 1110 2999 supra
1126 2915 1278 3001 reliquias

178 2998 247 3083 ejus
270 3000 313 3063 ad
336 3001 446 3065 caelum
467 3022 567 3101 usque
586 3000 686 3065 altam
708 3001 849 3078 vidisset,
869 3000 988 3085 adjecit
1007 3001 1118 3086 regina
1140 3000 1278 3086 quiade

176 3084 305 3168 pulvere
324 3086 497 3171 pavimenti
520 3108 553 3149 m
568 3108 631 3171 quo
646 3109 730 3173 aqua
751 3086 870 3151 lavacri
886 3085 972 3149 illius
994 3086 1093 3152 effusa
1106 3093 1166 3164 ost,
1181 3086 1276 3151 multi

170 3168 242 3253 jam
270 3171 375 3236 sanati
404 3178 512 3237 essent
539 3172 666 3235 infirmi.
721 3172 771 3236 At
799 3171 854 3237 illa
882 3172 979 3256 petiit
1006 3172 1066 3236 sibi
1093 3172 1276 3258 portionem

174 3256 312 3339 pulveris
334 3257 491 3322 salutiferi
505 3258 595 3332 deri3
626 3264 660 3322 et
682 3257 852 3343 accipiens,
867 3257 1053 3344 einligatam
1075 3280 1181 3344 pauno
1202 3279 1275 3322 oon-

207 3442 358 3492 ztammv.
454 3442 687 3507 ‘eumrpiendffl
788 3443 994 3507 hammsev.
1092 3443 1273 3493 elaverantV.

174 3506 263 3558 dilluc
273 3508 304 3554 V.
396 3509 548 3569 elitigatum
559 3509 589 3557 V.

208 3700 246 3748 14.
263 3704 372 3749 regnum
386 3688 537 3753 ocemont]
563 3680 716 3746 Beardiineu,
736 3688 767 3737 ad
786 3687 905 3736 οιίειιωιιι
926 3702 942 3735 ιι
959 3686 1112 3741 binominis,
1130 3685 1156 3733 in
1180 3686 1274 3735 Mercia

172 3751 236 3802 fuit:
258 3753 311 3814 jam
327 3767 386 3803 vero
397 3754 496 3802 Osweld
514 3770 556 3803 rex
567 3753 750 3802 Northumbriae
767 3760 861 3814 partem
879 3753 941 3800 hanc
953 3751 1052 3799 Mereiae
1069 3751 1145 3798 armis
1161 3758 1273 3813 ceperstz

171 3817 218 3865 hoc
230 3819 312 3866 testati
325 3824 383 3866 sunt
400 3818 521 3879 monachi,
537 3834 613 3880 super
630 3834 669 3867 eos
687 3833 795 3879 regnum
811 3822 950 3879 acceperat.
984 3814 1137 3863 Provinciam
1155 3818 1274 3875 recepisse

172 3882 270 3930 videtur
280 3883 362 3931 Pends
378 3883 461 3931 occiso
472 3884 586 3931 Oswaldo
598 3902 604 3930 ι
622 3882 710 3931 mindo
722 3882 871 3930 Mereiorum
890 3880 938 3927 fuit
954 3894 1029 3941 usque
1040 3880 1070 3927 ad
1083 3894 1188 3940 popum
1201 3880 1272 3927 Win-

171 3947 243 4004 vaed‚
256 3948 331 3995 al).
343 3945 399 4009 655.
417 3948 474 3995 inlr.
487 3960 534 4007 242
559 3955 611 3995 trum
629 3962 673 4008 per
692 3954 741 3995 tres
763 3961 842 3995 annos
858 3944 1034 3993 Nortbumhris
1052 3942 1170 4004 subjecta,
1187 3958 1244 3991 mor
1257 3960 1273 3993 a

172 4010 290 4060 Vulshere
307 4020 449 4073 recuperata
466 4020 516 4072 est3
540 4012 583 4075 qui
595 4012 640 4059 sub
656 4011 730 4058 linem
742 4011 800 4059 vitre
816 4026 866 4058 sure
883 4009 947 4057 bello
958 4009 1038 4055 victos
1053 4007 1084 4055 ab
1096 4005 1198 4068 Egirido
1215 4023 1272 4070 rege

171 4074 366 4137 Nerthumbriae,
387 4090 442 4124 eam
461 4075 550 4124 iterum
565 4074 662 4124 imisit.
697 4076 769 4124 Couf.
787 4075 845 4123 infr.
861 4074 896 4122 ir.
910 4086 947 4121 ii.
982 4072 1133 4128 AEdilredus,
1154 4072 1195 4134 qui
1216 4081 1273 4133 post

171 4138 318 4188 Vulfbemni
339 4141 453 4202 regnarit
469 4142 541 4189 sl).
558 4138 615 4202 675,
634 4154 709 4202 geum
727 4140 774 4188 fuit
787 4138 882 4195 Osirin,
902 4144 976 4198 atque
993 4137 1051 4184 ideo
1067 4137 1144 4184 frater
1159 4137 1270 4197 Egiridie

170 4211 316 4253 renovatum
333 4211 415 4252 umen
433 4211 471 4253 eet
489 4205 580 4252 bellum
596 4205 661 4253 intcr
677 4220 719 4251 eos
736 4206 766 4251 ad
783 4204 920 4252 'l'rentami
938 4202 978 4249 rid
989 4202 1045 4249 Chr.
1058 4203 1117 4249 Sax.
1129 4200 1159 4248 Α.
1168 4202 1200 4249 D.
1212 4200 1268 4264 679.

171 4268 228 4316 Hoc
238 4270 322 4317 odium
339 4270 443 4317 manase
459 4284 533 4317 carrea
549 4270 598 4317 fuit
615 4269 682 4317 necis
693 4269 829 4333 Osthrydoe,
842 4270 873 4316 Α.
882 4269 915 4316 D.
926 4266 983 4331 697.
1017 4267 1089 4313 Anno
1100 4266 1200 4314 demum
1213 4276 1270 4327 704,

171 4334 313 4383 AEdilredus
328 4348 432 4396 regnum
449 4334 556 4395 reliquit,
567 4340 592 4382 et
603 4334 776 4382 monachatum
793 4333 903 4395 suscipit.
938 4332 998 4380 Bed.
1012 4330 1146 4393 Recepitul.
1179 4330 1271 4379 chron.

171 4398 230 4446 Sex.

201 4460 400 4522 31.AEdelvini]
420 4462 492 4511 conf.
505 4462 562 4511 infr.
575 4474 614 4525 27.
626 4461 692 4511 etiv.
705 4477 742 4510 ιι.

202 4540 243 4588 33.
257 4526 415 4587 Peartaneu]
430 4527 493 4575 Vide
504 4528 610 4589 supruii.
628 4524 666 4575 16.
683 4528 707 4575 S.
