3100 5125
500 347 664 414 GENTIS
686 348 957 414 ANGLORUM.
1210 349 1275 416 263

175 491 253 562 dum
267 500 373 575 misit3
397 501 465 586 ipse
479 525 604 588 quoquc
625 503 782 588 imperiali
796 504 990 570 auctoritate
1009 504 1133 588 juvans,
1149 526 1190 569 ne
1203 505 1274 590 squi

174 586 424 733 ¹grandicantibus
439 589 608 672 quiequam
621 589 775 653 molestiae
790 589 941 664 inferrem
965 589 1136 674 multisque
1151 611 1205 654 eos
1220 591 1274 675 qui

198 671 271 734 dem
290 672 448 758 suscipere
462 674 578 738 vellent
597 674 757 739 beneficiis
779 675 957 738 adtollens:
980 674 1065 738 unde
1079 677 1201 738 l'aotum
1214 682 1274 752 est,

175 756 353 904 qqitulante
374 758 676 910 gritqtiatdicfflffut
697 761 816 824 multos
837 759 870 823 in
892 758 979 825 brevi
1001 761 1042 825 ab
1061 760 1210 826 idolatria
1232 762 1275 826 ad

221 863 272 905 cm
285 866 384 908 conve
434 866 491 908 ren
630 869 650 908 ι.

137 944 166 996 ¹⁵
219 927 347 992 Horum
365 929 467 994 secuti
489 931 633 1016 exempla
655 931 719 995 duo
737 930 866 1014 quidam
885 929 1063 1015 presbyteri
1083 931 1123 995 de
1144 931 1273 997 natione
1283 947 1396 996 elewiul

174 1011 362 1162 Afflmm'
379 1015 481 1098 quiin
496 1015 653 1080 Hibernia
666 1016 767 1079 multo
782 1023 925 1100 tempore
946 1037 1005 1100 pro
1026 1023 1148 1098 aeterna
1167 1014 1437 1101 paffiaquntadan.

174 1118 216 1161 ex
268 1106 567 1178 verant,vener1mt
591 1102 634 1165 ad
659 1101 854 1186 provinciam
875 1101 1080 1186 antiquorum
1100 1102 1271 1181 Saxonum,
1280 1085 1361 1190 {¹225
1374 1079 1435 1127 ⁸⁸⁹

174 1183 202 1247 si
216 1184 300 1248 forte
313 1185 435 1270 aliquos
449 1186 567 1250 ibidem
588 1187 792 1271 praedicando
806 1186 935 1252 Ohristo
949 1186 1116 1271 adquirere
1131 1195 1271 1272 possent.

174 1268 281 1333 Erant
294 1278 403 1335 autem
418 1272 511 1335 unius
525 1274 629 1350 ambo,
641 1272 724 1337 siout
738 1273 924 1350 devotionis,
936 1272 981 1336 sio
995 1273 1094 1337 etiam
1108 1274 1269 1337 vocabuli:
1372 1281 1374 1286 '

174 1375 250 1418 nam
275 1363 409 1440 uterque
433 1378 544 1420 eorum
572 1359 794 1443 appellabatur
820 1358 977 1432 Hewald;
1012 1380 1051 1422 ea
1075 1364 1184 1422 autem
1210 1359 1272 1424 dis·

134 1438 339 1517 ”tinctione
349 1449 387 1506 ut
401 1464 459 1526 pro
471 1443 595 1507 diversa
610 1443 794 1528 capillorum
809 1442 913 1528 speeie
926 1465 1008 1508 unus
1018 1442 1118 1529 Niger
1127 1444 1271 1523 Hewald,

173 1525 257 1589 alter
271 1527 374 1590 Albus
395 1528 529 1592 Hewald
547 1529 723 1593 diceretur:
748 1551 883 1613 quorum
902 1536 1036 1612 uterque
1059 1529 1181 1612 pietate
1202 1530 1271 1594 reli-

172 1611 278 1696 gionis
291 1611 442 1688 imbutus,
456 1615 512 1678 sed
528 1613 628 1700 Niger
641 1614 777 1678 Heweld
791 1614 893 1700 magis
908 1635 1070 1678 sacrarum
1091 1614 1272 1679 litterarum

173 1702 245 1760 erat
259 1696 392 1762 scientia
406 1698 598 1764 ‘institutus
644 1700 705 1780 Qui
719 1699 882 1766 venientes
903 1699 935 1763 in
955 1699 1156 1784 provinciam,
1172 1700 1271 1764 intra-

172 1789 287 1847 verunt
314 1783 488 1868 hospitium
517 1786 682 1869 cujusdam
706 1785 811 1864 villici,
840 1784 1063 1870 petieruntque
1088 1787 1130 1849 ab
1160 1807 1206 1861 eo,
1234 1793 1272 1850 ut

172 1868 469 1934 transmitterentur
489 1872 531 1935 ad
553 1877 716 1955 satrapam
730 1871 785 1955 qui
807 1892 902 1955 super
922 1883 1015 1933 ueum
1037 1877 1116 1947 erat,
1133 1871 1271 1954 eoquod

172 1952 329 2018 baberent
342 1954 462 2038 aliquid
475 1955 642 2041 legationis
657 1963 691 2021 et
706 1978 810 2021 causae
826 1955 945 2029 rutilis,
961 1956 1046 2041 quod
1061 1955 1214 2020 deberent
1228 1958 1270 2021 ad

133 2036 261 2110 stillum
281 2041 430 2124 perferre.
475 2040 548 2106 Non
566 2041 650 2105 enim
669 2042 790 2107 babent
804 2063 912 2140 regem
929 2040 1025 2105 iidem
1039 2040 1176 2140 Antiqui
1192 2042 1269 2106 Sax-

173 2144 259 2201 ones,
277 2126 335 2188 sed
349 2133 496 2210 satrapas
513 2127 665 2212 plurimos
682 2149 748 2190 suae
790 2136 856 2192 entr
878 2126 1076 2211 praepositos,
1093 2147 1146 2210 qm
1164 2127 1270 2212 ingru-

172 2215 247 2274 ente
269 2211 342 2274 belli
367 2212 502 2276 articulo
524 2211 659 2277 mittunt
678 2235 728 2296 aeq
783 2213 845 2277 'ter
865 2219 977 2289 sortes,
993 2220 1027 2276 ct
1041 2233 1270 2298 quemcumque

172 2315 241 2358 sors
256 2295 442 2374 ostenderit,
458 2298 541 2362 hunc
562 2305 707 2383 tempore
726 2299 799 2363 belli
818 2299 931 2362 ducem
952 2319 1061 2362 omnes
1083 2305 1267 2380 sequuntur,

172 2379 269 2445 'huic
298 2383 540 2466 obtemperant;
575 2390 705 2468 peracto
733 2391 843 2448 autem
871 2384 963 2460 bello,
986 2404 1112 2446 rursum
1137 2382 1268 2468 aequalis
1349 2445 1351 2450 .

171 2466 324 2548 potentiae
341 2489 450 2531 omnes
472 2467 554 2532 fiunt
575 2476 724 2554 satrapae.
770 2469 916 2554 Suscepit
931 2490 1006 2553 ergo
1022 2490 1076 2532 eos
1090 2467 1217 2545 villicus,
1233 2475 1267 2532 et

171 2551 362 2635 promittens
381 2575 415 2617 se
436 2552 564 2619 mittere
586 2577 641 2618 eos
659 2555 702 2619 ad
724 2561 888 2639 satrapam
902 2553 956 2639 qui
975 2576 1118 2638 superse
1133 2560 1212 2631 erat,
1228 2561 1267 2618 ut

132 2639 334 2722 sepsissent,
349 2639 471 2723 aliquot
486 2640 597 2705 diebus
611 2662 718 2704 secum
731 2640 874 2704 retinuit.

215 2723 364 2803 Quicum
378 2724 496 2810 cogniti
515 2732 621 2791 essent
640 2748 661 2790 a
680 2725 826 2790 barbaris
840 2724 926 2810 quod
945 2730 1051 2788 essent
1070 2722 1201 2788 alterius
1218 2745 1266 2788 re·

168 2805 302 2893 ligionis,
318 2832 394 2873 nam
409 2818 462 2874 zct
480 2811 609 2895 psalmis
628 2832 753 2895 semper
773 2817 872 2895 atque
887 2808 1084 2874 orationibus
1099 2810 1265 2887 vacabant,

169 2902 203 2958 et
217 2895 360 2977 quotidie
382 2896 571 2960 sacrificium
592 2897 663 2960 Deo
680 2896 816 2960 victimae
838 2895 987 2959 salutaris
1010 2894 1195 2970 offerebant,
1211 2895 1267 2959 ha-

169 2979 283 3043 bentes
297 3002 402 3044 secum
416 2982 542 3046 vascula
556 3003 647 3046 sacra
661 2988 695 3045 et
709 2982 853 3045 tabidam
869 2980 981 3045 altaris
995 2979 1061 3044 vioe
1075 2978 1266 3057 dedicatam,

170 3064 309 3148 suspecti
322 3074 399 3131 sunt
413 3066 525 3144 habiti,
535 3066 610 3151 quia
624 3066 651 3129 si
664 3066 868 3152 pervenirent
881 3067 923 3131 ad
937 3072 1100 3149 satrapam
1113 3071 1148 3129 et
1162 3064 1267 3149 loque·

99 3156 161 3221 193
170 3156 283 3213 rentur
307 3173 380 3214 cum
405 3151 467 3229 illo,
491 3148 673 3217 averterent
696 3150 784 3215 illum
808 3175 828 3215 a
855 3152 915 3216 diis
940 3150 1005 3214 suis
1029 3151 1128 3215 etad
1153 3172 1267 3215 novam

171 3235 361 3301 Christiana
390 3236 464 3301 fidei
493 3237 678 3324 religionem
706 3238 939 3311 transferrent3
976 3235 1082 3320 sicque
1112 3236 1267 3320 paulatim

170 3320 274 3385 omnis
287 3343 396 3385 eorum
418 3322 579 3408 provincia
593 3330 732 3387 veterem
753 3330 921 3408 cogeretur
936 3335 1036 3385 anova
1057 3328 1181 3385 mutare
1203 3321 1266 3383 cul-

169 3412 286 3470 turam.
331 3407 446 3491 Itaque
465 3415 640 3492 rapuerunt
664 3430 717 3472 eos
742 3408 859 3486 subito,
883 3415 917 3473 et
938 3403 1184 3471 interemenmt:
1209 3405 1266 3469 Al·

168 3492 247 3554 bum
255 3491 382 3576 quidem
391 3493 580 3557 Hewaldum
588 3494 686 3558 veloci
700 3494 857 3558 occisione
870 3493 977 3579 gladii,
988 3492 1145 3578 Nigellum
1158 3498 1267 3555 autem

146 3576 264 3662 slongo
279 3578 502 3663 suppliciorum
516 3579 660 3644 cruciatu
674 3587 708 3643 et
722 3579 881 3643 horrenda
898 3579 1111 3643 membrorum
1126 3576 1267 3640 omnium

169 3662 399 3747 discerptione:
421 3686 500 3749 quos
514 3663 648 3729 intorem
670 3671 723 3728 tos
737 3664 770 3727 in
782 3664 915 3728 theno
930 3664 1142 3748 projecerunt.
1173 3663 1266 3743 Quod

169 3770 242 3812 cum
264 3756 394 3834 satrapa
419 3749 470 3814 ille
492 3772 586 3834 quem
610 3688 716 3813 videre
739 3749 889 3814 volebant
912 3748 1064 3826 audisset,
1088 3747 1190 3811 iratus
1216 3754 1266 3811 est

168 3834 259 3899 valde
268 3836 353 3920 quod
366 3836 409 3901 ad
420 3856 454 3900 se
462 3835 568 3900 venire
577 3834 718 3899 volentes
732 3832 890 3919 peregrini
904 3854 969 3896 non
983 3832 1263 3917 permitterentur;

202 3954 281 4015 ⁸quis
290 3953 352 4001 V.G.
437 3956 596 4001 timonem
604 3953 635 4000 V.
724 3964 739 3993 1¹
752 3968 791 3999 eos
801 3952 831 4000 V.
930 3953 1075 4000 surditatis
1086 3952 1114 3998 V.
1215 3959 1268 4000 yet

169 4018 229 4065 duic
239 4017 301 4065 V.G.
368 4028 452 4065 imm
463 4020 563 4079 hymnis
573 4024 598 4065 et
608 4016 670 4064 V.G.
737 4018 891 4064 suencuam
902 4015 965 4064 V.G.
1030 4017 1175 4064 lesenum
1184 4016 1246 4064 V.G.

168 4123 297 4172 Bremensi
309 4123 453 4183 exscribere,
461 4124 503 4185 qul
514 4123 557 4178 ait,
569 4122 731 4186 (Einbsrdum
743 4120 840 4183 titana)
854 4120 981 4181 maringe·
990 4124 1029 4168 vel
1038 4120 1150 4168 Saxones
1159 4123 1266 4184 itemque

168 4194 263 4236 coeleroe
274 4202 328 4250 quer
333 4185 416 4249 juxta
427 4188 543 4235 Rhenum
554 4194 614 4235 sunl
624 4189 745 4245 mtionee,
756 4202 789 4233 es
798 4188 900 4247 entim
912 4185 1019 4233 stanes
1030 4185 1167 4232 bibatur-ia
1178 4187 1266 4245 legun.

168 4259 219 4300 tur.
244 4251 342 4314 ,Quibus
352 4254 441 4299 debzde
450 4266 468 4299 a
477 4266 555 4312 regno
566 4265 651 4299 eorum
660 4251 829 4312 deficientibus
838 4250 963 4311 Pippinue
973 4250 1074 4310 genitor
1082 4250 1167 4297 Caroli
1177 4252 1265 4297 bellum

166 4317 264 4374 bstulit,
284 4318 350 4379 quod
366 4324 450 4363 tomen
463 4317 538 4379 filisu
557 4310 611 4377 q'us
627 4316 718 4375 mojori
728 4314 855 4375 felicitate
867 4315 975 4375 peregit.
1008 4312 1104 4374 Quibus
1123 4314 1214 4372 subdit,
1233 4329 1265 4362 ex

165 4380 299 4441 Einbardo,
311 4381 399 4428 bellum
410 4396 468 4429 cum
479 4380 620 4429 Saronicus
630 4381 738 4441 triginta
748 4394 828 4425 annos
837 4384 937 4438 gestam
942 4377 1032 4439 fuisse.
1055 4378 1121 4425 Hist.
1134 4378 1201 4426 Eccl.
1213 4379 1230 4426 i.
1241 4389 1263 4441 7.

165 4445 284 4507 Pippinus
294 4452 353 4492 tunc
365 4443 447 4505 Maior
456 4445 551 4492 Dorum
562 4450 624 4503 erat,
635 4450 753 4505 regnante
762 4442 915 4491 'Ibeodorico
932 4441 1005 4489 tertio
1022 4448 1078 4503 post
1092 4441 1157 4489 bella
1173 4442 1263 4491 civilis.

166 4508 267 4573 Fredcg.
280 4508 361 4557 Schol.
374 4523 429 4557 100.
462 4508 537 4557 Plura
552 4508 583 4557 de
598 4507 734 4568 Rnubmo,
745 4507 799 4555 sive
810 4506 935 4568 Radbodo‚
946 4506 1002 4555 vide
1013 4506 1040 4555 in
1050 4507 1144 4557 Annsl.
1156 4507 1262 4558 Merene.

164 4574 224 4622 Rer.
236 4572 325 4623 Gellio.
334 4573 452 4635 emptor.
462 4572 597 4637 (bouquet)
608 4572 636 4624 ii.
645 4588 671 4637 p.
682 4570 738 4623 680.
747 4575 795 4622 dte.
