3100 5125
92 344 168 404 ⁶4·
493 317 659 387 GENTIS
680 320 953 386 ANGLORUM.
1230 322 1270 384 13

173 473 287 539 ditioni
300 462 502 576 subjugarim
527 496 597 558 quae
612 475 712 538 habet
726 476 768 539 ab
784 473 906 538 oriente
925 474 958 537 in
978 492 1123 537 occasum
1136 471 1272 557 triginta

173 559 300 624 circiter
324 558 412 623 nulia
440 582 599 644 passuum,
629 562 671 623 ab
695 567 807 626 austro
830 560 863 623 in
886 560 1017 623 boream
1040 556 1215 634 duodecim,
1240 558 1273 619 in

173 642 380 710 orientalibus
397 644 462 709 suis
481 646 627 730 partibus
644 646 725 709 mari
746 668 803 710 sex
823 644 952 723 milium,
972 644 1005 707 in
1025 642 1273 709 occidentalibus

131 751 165 797 ιο
173 731 272 795 trium
285 753 307 795 a
320 730 494 795 meridiano
509 730 679 795 Brittania
693 730 788 795 litore
802 730 934 795 dimona.
973 731 1150 795 Succedens
1163 735 1273 793 antem

174 816 306 882 Olaudio
324 816 356 878 in
378 816 545 902 imperium
563 817 658 893 Nero,
679 816 757 879 nihil
779 817 906 880 omnino
926 816 959 880 in
980 836 1015 880 re
1033 815 1162 880 militari
1177 834 1273 879 ansus

174 908 233 966 est.
287 902 384 965 Unde
412 902 498 966 inter
524 902 588 966 alia
613 902 750 966 Romani
772 902 862 987 regni
888 902 1081 967 detrimenta
1109 902 1274 965 innumera

175 988 370 1052 Brittaniam
387 1009 468 1072 pene
482 987 609 1052 amisit:
632 1010 708 1051 nam
725 988 789 1052 duo
811 989 870 1051 sub
890 1010 928 1052 eo
945 988 1139 1052 nobilissima
1156 985 1274 1073 oppida

176 1073 238 1137 illic
252 1080 348 1159 eapte
361 1081 459 1157 atque
473 1074 624 1137 subversa
638 1080 722 1139 sunt.

124 1236 170 1297 44
628 1216 737 1281 CAP.
761 1217 823 1282 IV.

193 1329 231 1386 Ut
257 1329 362 1387 Lucius
387 1328 577 1385 Brittuaorum
605 1348 656 1384 ren
678 1329 771 1385 missis
794 1330 830 1385 cd
851 1328 1028 1385 Eleutherum
1049 1346 1150 1404 papum
1175 1326 1263 1382 literis

510 1408 695 1466 Christianum
707 1428 738 1465 se
744 1410 812 1483 fieri
819 1410 943 1485 petierit.

156 1526 161 1530 ·
220 1502 317 1565 Anno
345 1504 387 1566 ab
416 1502 634 1567 incarnatione
663 1503 792 1566 Domini
822 1502 993 1567 centesimo
1017 1499 1276 1586 quinquagesimo
1293 1521 1430 1583 A.1).156.

154 1594 270 1657 ssexto
286 1588 417 1652 Marcus
432 1589 616 1653 Antoninus
632 1590 747 1666 Verus,
763 1588 1050 1673 decimus-quartus
1061 1588 1102 1651 ab
1115 1589 1274 1671 Augusto,
1324 1586 1403 1648 [¹⁶¹·]

177 1694 310 1759 reguum
324 1694 397 1737 cum
411 1674 544 1739 Aurelio
560 1675 734 1740 Commodo
748 1675 848 1738 fratre
868 1674 1024 1757 suscepit:
1050 1694 1183 1757 quorum
1197 1677 1275 1735 tem·
1286 1652 1421 1763 f‘iffif‘

1285 1781 1337 1829 dus.

211 1874 250 1922 28.
263 1877 371 1986 &ginta
382 1891 415 1923 m.
423 1876 463 1938 pa]
478 1874 635 1923 Csmbdenus
645 1875 732 1939 rigInti
744 1882 840 1924 tantum
852 1882 973 1923 numerat.
986 1876 1011 1923 S.
1046 1874 1128 1923 Habet
1139 1874 1211 1935 paulo
1222 1874 1277 1936 plus

177 1939 266 2001 viginti
295 1953 333 1986 uo.

213 2019 252 2065 3²·
273 2003 455 2065 duo-oppido]
476 2003 672 2052 Camulodunum
690 2012 716 2053 et
735 2005 914 2060 Verulamium,
934 2004 1009 2053 armis
1030 2004 1120 2065 reginae
1142 2002 1276 2050 Boudicese.

180 2068 310 2117 Suetonius
320 2076 402 2117 tamen
415 2068 539 2127 Paulinus,
552 2069 701 2129 provinciam
714 2070 828 2117 restituit.
849 2069 931 2117 Tacit.
946 2069 1048 2131 [Annal.
1062 2068 1112 2115 xiv.
1123 2082 1163 2127 31.
1175 2068 1227 2128 34]
1243 2068 1267 2115 S.

138 2130 143 2135 ’
213 2132 237 2181 6.
257 2148 362 2195 quorum
382 2134 540 2195 temporibus]
564 2134 648 2193 Usque
666 2133 697 2179 ad
715 2134 767 2181 hec
786 2135 859 2181 verba
877 2135 944 2181 Beda
964 2133 1039 2180 sumit
1057 2132 1184 2179 exordium
1206 2130 1295 2192 hujus¹

180 2198 269 2259 capitis
280 2213 310 2245 ex
321 2196 424 2253 Orusi03
440 2211 489 2243 nou
502 2204 584 2245 tamen
596 2197 688 2246 Oresio
698 2197 844 2259 imputatam
857 2198 931 2245 velim
943 2197 1110 2245 difficultatem
1118 2212 1172 2257 quse
1182 2196 1279 2243 videtur

180 2278 235 2311 esse
254 2262 280 2309 iu
297 2261 368 2309 anuh
385 2262 465 2311 Marci
482 2268 509 2309 et
524 2262 654 2309 Commodi
670 2262 745 2322 impp.
764 2270 790 2310 et
804 2262 929 2311 Eleutheri
944 2262 1074 2323 pontificis.
1109 2261 1195 2307 Annus
1211 2260 1277 2307 euim

182 2322 257 2375 Urbis
273 2326 301 2374 C.
331 2340 369 2382 11,
380 2340 452 2386 quem
469 2325 573 2374 Orosius
589 2326 797 2387 assignationem
814 2328 915 2374 fratrum
936 2327 1049 2387 imperio,
1065 2326 1197 2387 respondet
1214 2339 1279 2372 annu

182 2391 272 2439 Christi
286 2340 341 2447 igi,
353 2391 377 2437 iu
390 2404 438 2450 quo
450 2391 510 2437 nihil
527 2397 564 2437 est
580 2390 729 2439 difficultatis
743 2391 769 2438 iu
787 2391 890 2452 epistola
903 2391 973 2438 Lucii
989 2391 1053 2451 regis
1068 2391 1099 2438 sd
1111 2389 1278 2447 Eleutherum,

182 2458 234 2503 imo
244 2456 296 2515 ipse
307 2461 344 2503 est
355 2469 435 2501 annus
445 2455 472 2501 iu
483 2469 532 2515 quo
543 2454 663 2503 Eusebius
679 2462 705 2503 et
719 2456 785 2503 Beda
796 2457 821 2503 in
835 2455 962 2503 Chrouicis
973 2456 1003 2501 de
1015 2454 1116 2501 fratrum
1133 2452 1206 2501 initio
1221 2468 1278 2501 cun-

181 2522 301 2579 sentiunt,
318 2520 383 2568 sicut
399 2519 480 2568 notari
498 2519 528 2567 ad
545 2519 634 2568 lucum.
668 2520 718 2568 Sed
734 2520 801 2569 Beda
817 2520 856 2568 hic
873 2520 899 2568 iu
917 2520 1037 2577 Historia,
1054 2520 1178 2580 explicans
1195 2517 1279 2568 Orosii

181 2602 255 2633 reram
268 2586 344 2634 Urbis
354 2599 397 2645 per
407 2599 480 2632 reram
494 2584 681 2642 incarnationis,
694 2587 725 2634 ad
737 2601 759 2632 a.
768 2601 814 2650 9¹¹
829 2585 906 2647 affigit
917 2601 940 2633 a.
952 2584 1007 2648 156,
1019 2593 1044 2632 et
1056 2593 1138 2632 tamen
1150 2584 1279 2644 epistulam

182 2651 253 2698 Lucii
263 2651 289 2697 in
300 2649 384 2697 eudem
396 2657 506 2710 tempora
517 2651 612 2697 admitti
624 2650 738 2710 postulat.
771 2651 867 2712 Quibus
878 2651 1014 2698 rationibus
1024 2650 1049 2696 id
1060 2649 1146 2696 fecerit
1158 2649 1279 2695 incertum

142 2745 146 2748 -
181 2714 409 2774 est,necestquud
426 2713 452 2760 in
464 2713 500 2760 eis
510 2714 661 2774 explicandis
673 2715 775 2762 nimium
787 2716 928 2762 haereamus.
957 2713 1066 2764 Sufficiat
1076 2713 1204 2761 observare
1214 2711 1279 2772 quod

182 2780 247 2827 sicut
257 2779 322 2825 Beda
333 2778 372 2825 hic
383 2792 548 2832 communem,
560 2779 610 2826 imo
621 2786 647 2827 et
663 2794 731 2826 suam
749 2779 827 2840 ipsius
843 2779 1024 2841 chronologiam
1036 2779 1062 2826 in
1076 2778 1149 2826 annis
1161 2777 1239 2824 Marci
1255 2783 1281 2824 ct

183 2844 313 2892 Commodi
324 2842 452 2902 anticipat,
461 2842 497 2890 ita
506 2849 532 2890 et
542 2844 645 2890 eandem
655 2845 681 2891 iu
691 2843 764 2891 anuis
773 2844 898 2892 Eleutheri
907 2845 1040 2904 anticipare
1048 2842 1222 2903 intelligendus
1229 2849 1277 2889 est:

183 2909 248 2956 sicut
262 2907 340 2955 Marci
359 2915 384 2954 et
398 2907 527 2954 Commodi
542 2907 638 2954 initium
653 2908 723 2968 ponit
738 2909 763 2955 in
774 2924 796 2955 a.
807 2907 863 2970 156,
875 2918 900 2956 et
914 2923 998 2956 eorum
1017 2907 1090 2954 finem
1108 2907 1133 2952 in
1145 2904 1234 2966 a.167‚
1246 2905 1281 2953 sic

182 2973 257 3020 etiam
269 2971 393 3019 Eleutheri
410 2971 578 3031 pontificatum
594 2972 620 3018 in
638 2973 710 3020 annis
725 2973 850 3034 parallelis
867 2980 985 3022 statutum
996 2972 1081 3030 soluit,
1093 2971 1128 3018 ita
1142 2977 1170 3018 ut
1180 2970 1282 3017 ultimus

183 3038 286 3084 suanm
298 3050 377 3083 annus
388 3050 444 3082 cum
456 3036 536 3096 primu
547 3037 668 3096 pontificis
679 3051 774 3098 semper
789 3038 926 3086 conveniat.
959 3039 1015 3084 Hoc
1025 3037 1123 3097 quidem
1137 3035 1227 3082 Bedam
1240 3049 1281 3081 ru·

183 3101 257 3149 luisse
274 3107 341 3162 patet
355 3114 385 3146 es
399 3100 600 3161 recapitulatione
611 3101 637 3147 in
650 3100 722 3162 hujus
735 3102 851 3150 Historia
863 3103 921 3157 fine,
933 3102 973 3148 ribi
984 3101 1141 3148 Eleutherum
1154 3099 1282 3160 presulem

178 3159 275 3213 ‘tactim
287 3165 346 3211 dicit
356 3180 377 3212 a.
389 3163 443 3225 167.
476 3165 655 3226 Quamcunque
666 3166 742 3226 igitur
753 3168 872 3214 rationem
885 3166 1043 3214 admittamus
1054 3165 1138 3212 eadem
1150 3165 1198 3211 erit
1208 3163 1282 3210 Bedas

183 3231 208 3276 in
226 3236 327 3290 utruque
342 3229 405 3277 libro
420 3228 535 3286 intentio,
547 3244 634 3290 nempe
649 3229 723 3277 finem
740 3231 815 3292 impp.
828 3247 884 3278 cum
901 3229 972 3277 initio
990 3229 1112 3290 pontificis
1128 3243 1280 3289 componere.

184 3293 231 3342 Cui
244 3294 303 3340 nihil
316 3309 413 3342 necesse
430 3302 468 3341 est
484 3293 645 3342 Commodum
664 3295 743 3342 lilium
760 3296 800 3343 hic
816 3296 977 3350 introducere,
994 3295 1058 3340 sicut
1073 3292 1142 3340 multi
1160 3293 1281 3348 fecerunt,

184 3357 245 3406 satis
259 3359 325 3406 euim
341 3365 379 3406 est
395 3359 511 3418 temporis
521 3359 548 3404 in
560 3359 664 3405 fratrum
675 3358 779 3420 imperio
790 3373 837 3420 quc
853 3359 938 3419 possit,
952 3365 978 3406 ut
989 3359 1087 3418 quidem
1099 3357 1183 3404 debuit
1199 3357 1282 3416 peragi

176 3424 230 3471 boc
239 3423 304 3484 regis
314 3438 370 3469 cum
382 3422 515 3470 Eleuthero
526 3424 709 3470 commercium.
743 3425 817 3486 Quod
832 3425 862 3472 ad
879 3422 948 3470 Lucii
965 3437 1077 3483 regnum,
1089 3429 1165 3483 gesta,
1176 3421 1282 3480 obitum,

183 3503 288 3549 quorum
300 3488 365 3534 Beda
377 3502 427 3534 nun
439 3487 559 3545 meminit,
570 3503 599 3534 ea
609 3488 640 3534 iis
652 3487 763 3548 relinquo
773 3489 815 3549 qui
827 3487 917 3536 tradita
927 3487 957 3534 de
969 3487 1045 3534 Lucio
1056 3486 1215 3548 collegcmut.
1228 3487 1252 3532 S.

220 3551 292 3600 Certe
307 3558 414 3599 erratum
432 3559 469 3598 est
485 3551 510 3598 in
528 3552 573 3598 hac
590 3552 660 3599 Bedoe
674 3552 846 3614 chronologis.
880 3553 917 3600 M.
931 3552 1043 3599 Aurelius
1054 3551 1192 3598 Antoninus
1204 3551 1284 3598 Verus

183 3617 318 3677 imperator
330 3616 410 3664 factus
426 3618 455 3663 A.
464 3616 496 3663 Ι).
511 3614 564 3664 161.
582 3617 665 3663 statim
682 3617 802 3676 collegam
820 3617 861 3664 siti
877 3616 981 3676 sumpsit
992 3616 1096 3664 Lucium
1108 3615 1199 3663 Verum
1212 3615 1282 3662 Lucii

184 3681 314 3728 Commodi
333 3681 411 3727 filiurn
428 3681 590 3741 propinquum
608 3696 680 3727 snum
701 3688 727 3728 et
746 3681 845 3728 fratrem
863 3696 894 3728 ex
911 3681 1041 3742 adoptione
1058 3679 1200 3744 (utrumque
1216 3681 1282 3727 enim

182 3745 259 3792 'litus
276 3745 417 3792 Antoninus
435 3745 490 3791 Pius
506 3743 688 3806 adoptaverat)
704 3760 777 3806 porro
795 3753 874 3792 autem
896 3761 1013 3808 generum
1034 3759 1121 3800 suums
1143 3759 1215 3805 quem
1235 3743 1284 3804 ple·

184 3824 287 3870 rumque
305 3809 408 3856 Lucium
424 3809 515 3856 Verum
532 3809 689 3870 appellatum,
701 3817 727 3857 et
737 3810 783 3857 hoc
799 3811 898 3858 nomine
914 3811 1044 3868 notiorem,
1056 3809 1160 3859 Orosius
1176 3815 1201 3856 et
1216 3808 1284 3855 Beda

185 3873 313 3921 Aurelium
331 3874 492 3921 Commodum
509 3882 614 3930 vocant3
639 3873 709 3934 cujus
724 3882 807 3923 tamen
822 3875 943 3938 integrum
960 3889 1049 3922 nomen
1065 3873 1112 3921 fuit
1126 3873 1156 3920 L.
1168 3873 1284 3920 Ceionius

186 3938 269 3986 AElius
276 3938 425 3986 Commodus
431 3938 510 3985 Verus
518 3938 667 3986 Antoninus.
691 3940 740 3987 Hie
749 3939 849 3998 Lucius,
858 3941 908 3988 sire
917 3938 1077 3995 Commodus,
1085 3936 1147 3984 obiit
1154 3936 1284 3984 undecimo

184 4002 282 4064 imperii
294 4002 332 4050 sui
344 4016 410 4048 auno
420 4002 450 4048 A.
460 4002 493 4049 D.
505 4014 561 4064 171,
568 4010 594 4050 et
603 4004 706 4050 omuino
718 4004 748 4050 ab
755 4004 833 4051 altero
844 4005 945 4052 Aurelio
954 4003 1089 4052 Commodo
1098 4001 1285 4062 distinguendus

185 4075 231 4125 est,
245 4067 286 4128 qui
298 4066 391 4114 scilicet
406 4066 486 4114 Marci
497 4067 591 4114 Aurelii
607 4067 672 4115 filius
689 4068 774 4115 futter
788 4075 844 4129 post
857 4083 913 4116 enm
930 4067 1041 4129 regnarit
1053 4065 1123 4113 AD.
1135 4065 1189 4113 180.
1229 4065 1284 4112 Vid.

185 4131 262 4178 Dion.
279 4131 347 4178 Cass.
359 4131 419 4178 lxxi.
437 4131 520 4178 Aurei.
533 4131 595 4179 Vict.
608 4131 669 4180 Cres.
680 4141 705 4180 et
714 4132 779 4193 Epit.
789 4132 890 4192 Eutrop.
902 4131 975 4180 Oros.
984 4130 1027 4178 vii.
1040 4143 1078 4191 15,
1091 4145 1145 4178 cum
1159 4130 1224 4178 notis
1234 4130 1283 4176 Ha·

185 4210 307 4256 vercamp.
331 4195 476 4242 Eleutherna
491 4202 574 4243 erstem
591 4197 724 4244 meandum
741 4196 811 4260 Pagii
828 4197 935 4244 rationes
952 4195 1121 4257 pontificatum
1138 4195 1196 4243 iniit
1213 4196 1242 4242 A.
1253 4194 1284 4242 D.

189 4271 243 4322 ¹⁷0·

218 4325 281 4386 Ornis
292 4323 366 4371 fuerit
377 4322 469 4372 Lucius
480 4323 616 4371 Britannus
627 4324 747 4373 incertum
756 4332 809 4372 ests
821 4323 895 4372 fuisse
905 4339 960 4372 eum
971 4325 1045 4372 muru
1057 4323 1192 4372 Britanniae
1204 4337 1285 4384 regern

186 4389 301 4436 credibile
312 4403 361 4435 uon
373 4403 426 4436 esse
434 4388 487 4449 ipse
499 4389 613 4436 Usserius
624 4389 722 4436 fatetur.
744 4391 829 4450 Neque
841 4396 938 4437 constat
949 4389 978 4437 de
990 4399 1097 4449 tempore
1108 4388 1216 4449 epistolas
1225 4387 1285 4448 ejus.

187 4453 346 4501 Diversarum
359 4460 485 4500 asrctomm
498 4454 607 4500 diversos
618 4454 726 4501 calculos
736 4461 846 4502 recenset
857 4453 981 4510 Usserius,
991 4454 1033 4515 qui
1042 4461 1099 4501 sunt
1108 4453 1139 4500 ab
1149 4453 1221 4500 A.D.
1231 4464 1285 4514 137.

187 4532 263 4579 iraque
272 4519 302 4564 ad
311 4519 379 4566 A.D.
391 4532 443 4582 ¹99·
468 4517 539 4565 Unde
549 4517 704 4566 traditionem
714 4519 822 4566 hauserit
831 4520 896 4567 Beda
907 4519 1014 4566 nondum
1024 4525 1173 4578 compertum
1182 4528 1232 4566 est:
1244 4517 1286 4564 sed
