3100 5125
283 347 348 408 242
620 343 857 410 nisuomn
880 343 1057 411 neonus.
1299 335 1362 403 IV·
1378 355 1466 424 30-

697 601 808 668 OAP.
836 603 959 667 XXX.

286 702 323 762 Ut
336 723 434 782 corpus
447 704 522 763 illico
538 715 603 783 pos!
620 709 739 766 undecim
753 725 838 764 canos
852 709 1005 782 sepultura,
1020 707 1057 763 sit
1071 705 1253 781 corruptionis
1267 705 1385 759 immune

324 795 476 881 repertm
495 795 557 845 troceo
569 789 652 846 mdto
661 797 728 864 post
740 807 879 846 moestos·
891 789 1060 863 episcopatus
1070 788 1130 860 ejus
1140 788 1173 842 de
1182 785 1277 842 muodo
1288 793 1382 840 truns-

323 875 396 925 terti.

119 982 192 1033 al).
201 982 258 1049 ⁶9⁸·
325 975 452 1040 Vonans
465 985 573 1042 autem
587 977 684 1043 latius
695 978 913 1042 demonstrare
924 974 1030 1041 divina
1044 975 1247 1060 dispensatio,
1259 982 1382 1059 quanta

281 1061 314 1126 in
328 1061 429 1146 gloria
443 1063 491 1126 vir
501 1063 630 1127 Domini
645 1063 805 1129 Oudberot
819 1069 1043 1148 postmortem
1056 1062 1185 1137 viveret,
1201 1059 1289 1144 cujus
1303 1067 1380 1124 ante
1392 1083 1424 1117 ²0

280 1153 417 1211 mortem
431 1147 498 1213 vita
518 1148 659 1212 sublimis
678 1147 798 1212 crebris
816 1149 913 1213 etiam
935 1148 1157 1211 miraculorum
1177 1147 1311 1229 patebat
1333 1145 1380 1208 in-

281 1231 379 1310 diciis,
404 1235 576 1298 transactis
604 1235 773 1318 sepulturae
803 1232 870 1318 ejus
897 1235 988 1298 annis
1011 1232 1166 1308 undecim,
1190 1231 1321 1294 immisit
1346 1231 1380 1293 in

281 1317 410 1381 uanimo
424 1319 560 1383 fratrum
574 1326 612 1383 ut
624 1319 774 1384 tollerent
785 1341 857 1383 ossa
870 1319 961 1397 illius,
972 1333 1063 1403 ¹quae
1079 1335 1167 1380 more
1180 1324 1380 1381 mortuorum

281 1411 468 1489 consumpto
480 1406 548 1490 jam
562 1410 596 1468 et
610 1405 644 1467 in
658 1405 818 1489 pulverem
835 1405 966 1468 redacto
981 1423 1114 1488 corpore
1129 1402 1279 1486 rreliquo,
1295 1402 1379 1467 sicca

280 1486 468 1554 invenienda
492 1491 670 1574 putabant:
695 1496 793 1573 atque
814 1490 847 1553 in
871 1510 952 1553 novo
971 1489 1139 1552 recondita*
1149 1488 1262 1565 loculo,
1278 1486 1311 1549 iu
1326 1510 1378 1551 eo-

280 1573 353 1636 dem
368 1575 494 1659 quidem
516 1575 594 1648 loco,
613 1575 670 1638 sed
691 1595 788 1659 supra
808 1574 1023 1675 pavimentum
1046 1574 1149 1658 dignae
1164 1573 1420 1638 venentionisn

279 1659 386 1743 gratia
399 1660 550 1724 locarent.
597 1661 689 1740 Quod
704 1661 780 1723 dum
795 1659 855 1724 s1bi
870 1660 1025 1744 placuisse
1040 1659 1223 1722 Eadbercto
1238 1657 1378 1722 antistiti

280 1765 338 1807 suo
359 1746 523 1823 referrent,
546 1745 658 1809 adnuit
680 1746 810 1809 consilio
835 1763 954 1822 corum,
971 1745 1128 1830 jussitque
1150 1751 1187 1807 ut
1209 1743 1259 1807 die
1281 1743 1377 1827 depo—

280 1828 403 1894 sitionis
426 1832 495 1915 ejus
513 1831 574 1896 hoc
593 1832 696 1894 facere
718 1831 944 1895 meminissent.
990 1831 1150 1894 Fecerunt
1174 1837 1283 1892 autem
1306 1829 1374 1892 ita:

279 1920 313 1977 et
327 1915 506 2000 aperientes
521 1917 705 2002 sepulcrum,
715 1916 903 1980 invenerunt
918 1937 1031 2000 corpus
1046 1921 1151 1979 totum
1167 1913 1257 1998 qnasi
1271 1915 1376 1978 adhuc

278 1999 406 2078 viveret,
433 2002 601 2086 integrum,
628 2009 662 2065 et
688 2001 864 2065 ²llexilibus
892 2008 1021 2065 artuum
1046 1999 1250 2085 compagibus
1275 2000 1375 2063 multo

278 2085 447 2150 dormienti
471 2109 567 2169 quam
592 2093 718 2150 mortuo
741 2087 890 2150 simiius:
918 2087 974 2150 sed
997 2093 1031 2150 et
1054 2085 1244 2149 vestimenta
1269 2085 1376 2149 omnia

278 2167 393 2252 quibus
421 2171 567 2235 indutum
596 2178 675 2248 erat,
702 2193 766 2235 non
793 2172 894 2236 solum
917 2171 1119 2247 intemerata,
1143 2188 1252 2233 vorum
1277 2169 1421 2234 etiamso'

318 2254 326 2268 .
464 2256 471 2270 .
605 2267 618 2295 ι
691 2256 697 2270 .
761 2259 768 2272 .
859 2258 865 2272 .
983 2257 997 2295 b
1366 2255 1372 2269 .

398 2255 1375 2428 lassantlassantactiacas

276 2423 416 2490 autistiti
430 2448 500 2510 quae
521 2427 715 2503 invenerant,
732 2427 785 2511 qui
801 2435 870 2491 tum
885 2428 968 2491 sorte
984 2427 1017 2489 in
1036 2426 1207 2490 remotiore
1221 2427 1263 2489 ab
1278 2425 1374 2489 eccle·

277 2509 324 2575 sia
343 2510 412 2575 loco
431 2510 537 2577 refluis
559 2511 698 2612 undique
716 2513 820 2599 pelagi
834 2513 982 2597 fluctibus
997 2513 1110 2590 cincto,
1127 2511 1286 2576 solitarius
1309 2533 1375 2576 ma-

276 2594 383 2661 nebat.
429 2597 466 2661 In
492 2599 552 2662 hoc
576 2606 693 2663 etenum
714 2620 839 2684 semper
854 2598 1102 2684 quadragesimae
1122 2605 1248 2681 tempus
1267 2619 1372 2682 agere,

275 2680 309 2744 in
335 2683 395 2747 hoc
421 2684 633 2770 quadraginta
658 2690 734 2747 ante
754 2684 956 2748 Dominicum
979 2684 1086 2748 natale
1110 2683 1176 2747 dics
1199 2682 1233 2745 in
1256 2704 1373 2767 magna

276 2768 489 2847 continentia,
519 2769 673 2834 orationis
701 2776 735 2834 et
763 2767 973 2854 lacrymarum
1001 2769 1167 2833 devotione
1196 2768 1416 2851 transigentes

276 2852 417 2918 solebat:
440 2855 552 2939 inquo
569 2852 667 2918 etiam
686 2854 873 2921 venerabilis
892 2856 1105 2939 praedeoessor
1124 2854 1192 2938 ejus
1213 2853 1373 2917 Oudberct

275 2937 459 3022 priusquam
481 2940 616 3004 insulam
639 2939 746 3003 Farne
768 2946 903 3024 peteret,
924 2939 1107 3024 aliquandiu
1129 2945 1285 3002 csecretus
1308 2939 1373 3001 Do-

275 3021 361 3086 mino
376 3025 543 3089 militabat.

319 3108 516 3173 Adtulenmt
530 3116 638 3173 autem
658 3110 686 3173 ei
707 3116 741 3174 et
760 3118 886 3195 partem
902 3110 1159 3173 indumentorum
1174 3131 1243 3193 quae
1259 3130 1373 3192 corpus

275 3200 419 3256 sanctum
434 3194 621 3271 ambierant,
659 3218 708 3259 uae
729 3216 801 3259 oum
821 3195 871 3259 ille
896 3203 929 3259 et
950 3217 1082 3259 munera
1104 3200 1272 3279 gratanter
1291 3194 1372 3257 acci-

274 3285 366 3361 peret
388 3285 423 3342 et
446 3279 597 3344 miracula
620 3272 643 3342 li
685 3288 758 3344 nter
780 3281 914 3358 audiret,
937 3303 1012 3345 nam
1036 3288 1069 3345 et
1092 3280 1161 3364 ipsa
1186 3278 1416 3343 indumenta40

274 3363 365 3446 quasi
393 3364 495 3447 patris
519 3365 624 3429 adhuc
649 3366 774 3450 corpori
800 3366 996 3430 circumdata
1020 3365 1101 3429 miro
1127 3365 1373 3428 deosculabatur

273 3448 399 3526 affectu,
419 3452 520 3528 Nona,
543 3450 655 3535 inquit,
678 3451 853 3515 indamnato
875 3452 994 3535 corpori
1008 3474 1070 3535 pro
1091 3450 1138 3513 dis
1158 3472 1228 3535 qcae
1250 3449 1372 3526 tulistis,

273 3534 466 3610 &rotrodum
482 3546 511 3600 ot
523 3537 570 3599 aio
586 3536 717 3621 aaronita
735 3538 769 3599 ia
791 3558 866 3599 orco
888 3559 978 3621 qaam
993 3536 1142 3621 parastis.
1187 3536 1258 3599 Soio
1272 3545 1374 3597 ouum

273 3620 433 3683 oenissimo
454 3622 528 3705 quia
548 3643 607 3684 ooo
628 3622 685 3684 <aa
706 3643 818 3685 coccos
840 3620 1002 3685 remanebit
1024 3622 1103 3685 locos
1124 3621 1185 3696 illo,
1208 3620 1263 3705 qai
1284 3630 1373 3683 tanta

273 3703 417 3768 miraculi
438 3706 559 3769 acbatis
577 3707 682 3791 pratia
704 3716 841 3769 sacrans
860 3716 922 3779 cst‚·
946 3716 973 3769 ot
994 3729 1085 3791 qoam
1103 3704 1204 3769 beatos
1217 3714 1258 3768 ac
1272 3706 1324 3767 coi
1337 3705 1372 3767 io

272 3812 303 3853 oo
309 3790 493 3873 facultatem
505 3792 675 3876 quarata·
688 3792 838 3855 Dominus
855 3792 944 3855 totius
958 3790 1152 3855 baccadas
1164 3800 1270 3854 cocta
1282 3800 1373 3874 atqw
1380 3812 1413 3861 45

273 3874 400 3960 terpiton
419 3886 572 3960 madore
596 3875 782 3960 dicacatur.
828 3877 909 3941 Haec
935 3883 968 3940 et
993 3876 1173 3960 hujusmodi
1199 3876 1290 3959 plura
1316 3875 1372 3938 ubi

272 3959 381 4024 multis
396 3984 468 4025 cum
484 3962 629 4046 lacrymis
651 3968 685 4024 et
706 3983 822 4046 magna
844 3962 1085 4046 compunctione
1106 3960 1241 4026 antistes
1263 3960 1372 4045 lingua

272 4044 370 4109 etiam
385 4054 542 4111 tremente
562 4045 738 4131 complevit,
754 4048 898 4111 fecerunt
918 4047 1034 4110 iratres
1056 4052 1093 4110 ut
1111 4048 1260 4130 jusserat,
1277 4051 1310 4108 et
1324 4044 1372 4107 in-

272 4130 414 4195 volutum
438 4154 518 4196 novo
543 4133 662 4195 amictu
688 4152 802 4215 corpus
828 4154 971 4216 novaque
993 4132 1025 4194 in
1048 4133 1144 4196 theca
1162 4130 1371 4206 reconditum,

227 4247 231 4253 =
273 4237 368 4300 supra
383 4217 598 4301 pavimentum
620 4217 793 4281 sanctuarii
815 4224 998 4302 posuerunt.
1044 4217 1110 4281 Nec
1125 4237 1224 4293 mora,
1242 4216 1311 4279 Deo
1326 4215 1372 4278 di-

304 4394 502 4455 tuoquemv.
576 4396 699 4441 nonime
710 4393 740 4440 V.
807 4403 822 4431 ¹
835 4394 919 4455 quiv.
997 4396 1121 4457 rreliqua
1133 4392 1162 4439 V.
1231 4390 1368 4453 *flexibili-

271 4458 316 4505 bus
327 4457 357 4504 V.
431 4460 572 4507 actoritate
583 4457 613 4506 V.
685 4458 1047 4519 amicturaappareoanev.
1081 4456 1237 4519 apparebunt
1245 4455 1276 4503 G.
1299 4453 1373 4501 eous.

271 4536 354 4583 supra,
368 4536 405 4587 ¹9·
488 4524 630 4569 csecretius
642 4521 672 4570 V.
