3100 5125
504 363 669 431 GENTIS
691 363 963 429 ANGLORUM.
1216 368 1281 435 177

178 522 277 595 retur,
295 515 420 602 Sigheri
439 539 511 582 oum
533 539 591 581 sua
611 521 704 602 parte
725 515 844 602 populi,
859 515 978 581 relictis
995 516 1184 582 Christiana
1204 518 1278 583 fidei
1288 533 1383 597 Signat

179 603 396 680 sacramentis,
412 603 455 667 ad
469 602 665 688 apostasiam
679 623 849 665 eonversus
863 608 923 666 est.
969 601 1053 666 Nam
1072 610 1107 666 et
1128 603 1196 688 ipse
1210 627 1277 681 rex,
1287 608 1407 661 ⁸r⁰⁵¹⁰ta

179 693 213 752 et
227 687 355 773 plurimi
370 689 410 752 de
424 689 516 774 plebe
531 687 596 752 sive
611 687 829 787 optimatibus,
845 686 1012 772 diligentes
1026 689 1110 752 hano
1124 689 1232 767 vitam,
1246 697 1279 754 et

142 772 320 837 winturam
335 795 399 836 non
414 779 680 858 quaerentes,s1ve
695 772 793 836 etiam
812 794 876 836 non
896 795 965 836 esse
986 775 1160 853 eredentes,
1177 797 1279 861 ooepe

178 865 255 922 runt
269 860 345 923 lana
359 881 430 943 quae
445 859 597 924 derelicta
618 865 720 935 erant,
735 865 926 935 restaurare,
943 865 976 922 et
998 859 1132 923 adorare
1154 860 1279 925 simula

179 964 253 1008 ora:
277 944 369 1029 quasi
391 966 448 1030 per
469 945 537 1008 haeo
559 950 691 1030 possent
716 966 736 1006 a
761 943 960 1007 mortalitate
984 944 1119 1008 defendi.
1175 946 1279 1010 Porro

178 1029 281 1094 sooius
295 1031 372 1114 ejus,
388 1036 422 1095 et
437 1030 567 1094 ooheres
581 1028 671 1115 regni
686 1028 828 1113 ejusdem
844 1028 951 1102 Sebbi,
966 1051 1084 1114 magna
1097 1031 1194 1095 fidem
1207 1054 1279 1118 per·
1288 1051 1361 1098 sebbi
1372 1051 1401 1098 fi-

178 1122 304 1201 oeptam
325 1137 398 1179 oum
420 1115 487 1179 suis
509 1115 654 1178 omnibus
676 1113 846 1178 devotione
868 1114 1013 1191 servavit,
1031 1128 1167 1201 ¹magna,
1187 1125 1225 1182 ut
1246 1119 1279 1181 in
1287 1115 1357 1162 Μ’·

179 1201 383 1300 sequentibus
398 1201 546 1278 disemus,
558 1201 659 1264 vitam
672 1199 798 1263 fidelem
810 1199 962 1262 selioitate
977 1200 1155 1285 oomplevit.
1187 1204 1280 1284 Quod

178 1287 233 1349 ub1
248 1309 305 1351 rex
322 1286 470 1350 Vullheri
485 1281 556 1350 eom
578 1285 649 1363 erit,
664 1284 760 1348 fidem
775 1285 920 1348 videlieet
935 1285 1102 1369 provinciae
1124 1309 1164 1350 ex
1186 1295 1279 1374 parte

140 1401 168 1451 ¹5
178 1373 390 1456 profanatam,
413 1371 500 1436 misit
527 1309 577 1435 ad
591 1370 812 1455 corrigendum
839 1390 987 1447 errorem,
1007 1373 1279 1459 revocandamque

177 1457 220 1521 ad
241 1457 337 1521 fidem
358 1457 503 1522 veritatis
525 1455 718 1541 provinciam
738 1455 897 1518 Jaruman
919 1455 1111 1555 episcopum,
1133 1459 1187 1542 qui
1211 1476 1409 1525 suos-rumen

178 1563 285 1607 sessor
299 1549 370 1607 erat
385 1542 571 1606 Tmmheri:
596 1541 649 1626 qui
668 1540 771 1604 multa
793 1562 895 1626 agens
913 1541 1063 1616 sollertia,
1083 1543 1179 1626 juxta
1194 1547 1325 1630 quod‘r·

177 1628 254 1691 mihi
269 1629 436 1714 presbyter
447 1627 501 1712 qui
515 1649 620 1690 eomes
635 1625 759 1691 itineris
774 1624 818 1688 illi
836 1632 871 1689 et
889 1635 1079 1710 oooperator
1092 1630 1181 1693 verbi
1196 1631 1278 1694 exti-

177 1719 273 1793 terat,
289 1715 457 1790 relerebat,
473 1711 642 1777 eratenim
656 1711 822 1796 religiosus
840 1717 874 1775 et
895 1711 997 1774 bonus
1012 1712 1068 1789 vir,
1084 1712 1177 1799 longe
1196 1715 1276 1779 late·

178 1820 239 1884 que
262 1799 368 1863 omnia
392 1804 592 1884 pervagatus,
616 1803 649 1861 et
674 1796 827 1882 populum
852 1803 886 1860 et
909 1818 1017 1881 regem
1043 1799 1213 1882 praesatum
1236 1802 1280 1865 ad

177 1884 262 1948 viam
280 1884 414 1970 justitiae
435 1883 583 1948 reduxit:
607 1882 688 1947 adeo
710 1889 748 1946 ut
769 1880 896 1957 relictis,
919 1882 984 1945 sive
1004 1883 1175 1948 destruetis
1196 1886 1279 1950 sanis

136 1970 304 2056 marisque
326 1992 405 2054 quas
426 1970 576 2045 looerant,
591 1967 754 2053 aperirent
776 1966 932 2044 eeclesias,
954 1989 992 2030 ao
1014 1989 1129 2032 nomen
1148 1971 1277 2050 Ohristi,

178 2055 229 2118 oui
245 2056 514 2132 contradixerant,
530 2053 673 2118 eonfiteri
687 2052 874 2138 gauderent,
889 2052 992 2137 magis
1006 2074 1078 2116 oum
1091 2055 1155 2118 fide
1174 2079 1279 2120 resur-

177 2140 328 2208 reotionis
349 2140 382 2203 in
403 2141 457 2204 illo
478 2139 568 2216 mori,
584 2160 680 2223 quam
701 2137 734 2200 in
756 2137 899 2222 perfidiae
921 2138 1068 2202 sordibus
1089 2140 1173 2204 inter
1193 2143 1279 2207 idola

176 2225 281 2292 vivere
295 2226 466 2312 oupientes.
511 2224 633 2306 Quibus
648 2223 695 2288 ita
714 2223 822 2308 gestis,
839 2222 948 2308 stipsi
963 2225 1153 2305 saoerdotes,
1170 2228 1278 2293 dorto-

175 2333 291 2398 resque
305 2333 415 2376 eorum
429 2313 558 2376 domum
573 2309 695 2374 rediere
709 2308 868 2372 laetantes.

631 2468 821 2529 lermogaav.
