3100 5125
281 292 344 354 ue
605 289 842 355 fflsromAE
865 287 1044 354 neonae.
1288 290 1356 355 111.
1376 307 1459 376 15—

279 467 336 508 rex
351 451 384 507 et
398 444 563 508 domestici
579 445 648 528 ejus
663 465 727 506 nou
742 449 904 519 noverant,
922 465 1020 526 qnare
1034 442 1265 526 lacrymaretur
1278 442 1381 506 inter-

278 537 441 615 rogasset:
475 532 554 606 Seio,
580 530 693 614 inquit,
718 531 792 614 quio
820 549 879 592 uus
904 529 997 592 multo
1021 538 1149 612 teuepore
1171 530 1307 592 uuum
1335 537 1382 592 est

279 637 351 679 ree:
383 636 537 699 uurequoru
559 616 637 679 euim
656 625 725 679 oute
742 615 829 677 btoee
849 613 916 678 eidi
931 614 1090 676 ciantium
1112 635 1218 698 reqem.
1261 613 1420 677 derides

277 701 487 764 ouimodrerto
515 700 603 764 illum
626 701 715 764 eitius
739 723 774 763 ee
797 700 854 762 tue
879 699 944 762 uite
972 700 1176 784 ropieudum:
1213 720 1272 762 uou
1295 700 1380 762 euim

278 787 372 870 dique
396 795 437 848 est
462 786 525 850 leee
547 807 619 870 qeus
643 787 734 850 tulere
755 783 862 848 holere
883 795 1031 848 recursu.
1078 783 1144 847 Neo
1167 785 1269 848 multo
1291 791 1379 867 post,

278 871 348 934 dira
363 871 517 972 antistitis
531 871 687 958 praesagia
701 871 789 935 tristi
805 869 890 956 regis
907 871 1026 947 funere,
1047 870 1087 933 de
1105 890 1168 954 quo
1183 891 1280 955 supra
1297 869 1381 932 dixi-

114 1046 182 1108 Aug.
194 1045 218 1093 ἁ
231 1059 269 1106 3¹·
278 957 671 1126 mussedniiiliyidesdbliistes
685 1042 800 1106 AEdan
820 1063 884 1104 non
904 1041 1085 1126 plusquam
1100 1039 1286 1104 duodecimo
1302 1048 1380 1125 post

116 1109 260 1222 fflqss'·
279 1127 466 1191 oeoisionem
486 1128 569 1213 regis
584 1149 677 1211 quem
696 1129 828 1191 amabat
843 1125 903 1202 die,
919 1126 953 1188 id
972 1133 1032 1202 est,
1047 1125 1148 1211 pridie
1168 1126 1423 1190 kalendarumto

114 1239 204 1287 obitus.
280 1213 523 1296 Septembrium,
541 1214 580 1276 de
600 1213 714 1276 saeeulo
729 1215 865 1288 ablatus,
881 1219 1036 1296 perpetua
1055 1213 1200 1276 laborum
1214 1233 1345 1276 suorum
1358 1233 1382 1274 a

279 1297 417 1363 Domino
431 1298 563 1384 praemia
577 1298 706 1383 reoepit.

721 1447 830 1512 OAP.
853 1447 935 1511 XV.

281 1554 319 1610 Ut
333 1555 472 1629 episeopus
485 1555 577 1610 Aiduu
591 1555 681 1610 nautis
695 1561 722 1609 et
736 1560 917 1628 tenpestatem
928 1552 1057 1625 suturam
1067 1552 1238 1625 predirerit,
1253 1560 1279 1607 et
1295 1550 1384 1607 oleum

560 1643 681 1690 sanetum
695 1652 745 1708 quo
759 1633 829 1689 bunc
841 1634 975 1695 sederent,
990 1633 1102 1688 dederit.

92 1705 94 1708 Ι
115 1738 206 1787 AEdani
218 1739 263 1786 mi·
323 1728 385 1807 Qun
400 1729 489 1813 eujus
508 1727 614 1792 meriti
629 1728 734 1803 fuerit,
750 1727 849 1791 etiam
870 1725 1094 1789 miraculorum
1116 1723 1213 1809 signis
1235 1725 1383 1789 internus

114 1804 255 1916 {³⁰1¹2‘2tm
278 1813 401 1876 arbiter
415 1813 549 1890 edocuit,
566 1835 584 1876 e
599 1813 713 1897 quibus
727 1813 791 1877 tria
812 1811 972 1876 memoriae
987 1833 1083 1874 eausa
1097 1832 1214 1894 ponere
1230 1810 1310 1874 satis
1325 1811 1406 1880 sits

114 1940 214 1994 pestate.
280 1899 454 1983 Presbyter
469 1898 599 1982 quidam
613 1898 739 1962 nomine
753 1899 867 1973 0Uua,
879 1897 988 1960 multae
1002 1895 1170 1981 gravitatis
1184 1917 1222 1958 ae
1233 1895 1382 1960 veritatis

278 1984 334 2059 vir,
359 1990 392 2047 et
414 1984 455 2046 ob
477 1982 511 2045 id
532 1984 685 2060 omnibus,
705 1985 803 2048 etiam
824 1982 916 2066 fipsis
936 1981 1131 2067 principibus
1153 1981 1258 2044 saeouli
1280 1982 1380 2044 hono-

278 2068 395 2143 rabilis,
422 2090 494 2131 oum
519 2068 702 2132 mitteretur
726 2069 874 2133 (lantiam
897 2069 939 2131 ob
964 2067 1184 2132 adducendam
1206 2066 1280 2129 inde
1304 2089 1380 2130 oon-

275 2154 384 2238 jugem
407 2153 474 2238 regi
498 2153 604 2230 Oruio,
628 2154 726 2218 filiam
747 2153 893 2218 videlieet
914 2152 1051 2215 AEduini
1073 2153 1157 2238 regis
1179 2151 1379 2227 Eanfledam,

279 2259 349 2323 quae
372 2239 474 2302 oooiso
495 2245 588 2323 patre
610 2239 681 2303 illuo
699 2240 804 2303 fuerat
824 2239 986 2302 adducta:
1010 2238 1064 2321 qui
1084 2237 1230 2301 terrestri
1251 2238 1382 2321 quidem

280 2325 394 2388 itinere
414 2324 467 2387 illo
481 2325 597 2400 venire,
614 2325 669 2388 sed
687 2325 813 2410 navigio
833 2346 905 2388 oum
919 2323 1039 2408 virgine
1061 2323 1164 2386 redire
1181 2323 1381 2407 disponebat,

278 2409 412 2473 aooessit
433 2410 476 2474 ad
497 2409 678 2494 episcopum
693 2410 865 2487 Aidanum,
882 2411 1051 2474 obseorans
1071 2431 1152 2485 eum,
1168 2430 1227 2492 pro
1247 2430 1280 2472 se
1301 2409 1381 2472 suis-
1395 2431 1426 2464 ιο

277 2517 338 2580 que
366 2495 418 2580 qui
446 2501 574 2558 tantum
599 2496 662 2560 iter
687 2502 780 2560 erant
808 2494 998 2581 adgressuri,
1023 2494 1162 2558 Domino
1191 2493 1379 2580 supplicare.

278 2582 340 2662 Qui
361 2582 549 2646 benedioens
571 2583 670 2661 sillor,
693 2604 731 2646 ao
754 2581 893 2645 Domino
915 2583 1149 2658 commendans,
1170 2582 1259 2644 dedit
1281 2580 1380 2645 etiam

278 2669 382 2731 oleum
408 2668 660 2732 sanctificatum:
693 2670 772 2745 Seio,
798 2667 954 2752 inquiens,
978 2668 1054 2752 quio
1076 2665 1129 2729 ubi
1150 2688 1256 2729 uouere
1278 2687 1380 2729 escere-

277 2754 393 2831 dere'tis,
413 2763 568 2840 tempestas
587 2754 666 2817 uobis
685 2764 712 2816 et
733 2764 835 2817 reatus
852 2753 1023 2816 coutrorius
1043 2753 1249 2837 repausaret:
1271 2752 1325 2814 sed
1345 2762 1380 2814 tu

276 2849 417 2902 merueuto
438 2850 472 2902 ut
493 2840 545 2902 doe
566 2840 661 2903 oleu'm
681 2840 761 2923 quod
777 2838 834 2902 tibi
855 2839 902 2914 do,
921 2837 1025 2901 mittes
1045 2838 1080 2899 iu
1098 2858 1203 2910 mare,·
1226 2846 1254 2900 et
1274 2837 1380 2900 stetim

276 2923 488 3008 quiescentibus
513 2926 615 3003 erutis,
641 2926 783 2989 serenitas
811 2925 908 2987 muris
935 2945 985 2986 eos
1008 2923 1083 2986 laere
1104 2933 1311 3006 prosequetur,
1342 2944 1422 2992 aere

277 3009 377 3093 esquilo
403 3010 512 3073 itiuere
537 3010 657 3073 domm
683 3012 821 3073 remittet.
866 3010 943 3089 Quae
973 3015 1089 3072 ounota
1117 3016 1156 3072 ut
1184 3007 1379 3091 praedixerat

277 3093 422 3171 antistes,
447 3117 487 3157 ex
511 3095 622 3159 ordine
646 3096 805 3180 eompleta
831 3103 927 3158 sunt:
955 3093 1139 3177 etquidem
1164 3092 1309 3177 inprimis
1330 3094 1378 3155 fu-

277 3179 421 3242 rentibus
438 3179 531 3243 undis
544 3180 657 3265 pelagi,
669 3182 841 3244 tentabant
855 3187 961 3244 nautae
973 3179 1119 3243 anohoris
1131 3178 1164 3240 in
1174 3200 1263 3241 mare
1274 3179 1379 3241 missis

277 3286 390 3327 navem
404 3264 550 3342 retinere,
566 3288 668 3352 neque
682 3265 742 3329 hoo
756 3272 898 3352 agentes,
914 3264 1033 3349 aliquid
1043 3264 1271 3349 proficiebant:
1292 3286 1379 3326 eum-

277 3371 338 3433 que
353 3350 575 3415 hverrentibus
590 3352 728 3436 undique
742 3358 776 3415 et
790 3352 920 3436 implere
934 3350 1157 3436 inoipientibus
1175 3372 1288 3414 navem
1302 3350 1379 3412 flua

276 3434 371 3511 tibus,
388 3442 524 3500 mortem
546 3437 606 3501 sibi
629 3458 737 3501 omnes
758 3436 929 3514 imminere,
946 3436 953 3481 t
957 3436 1152 3521 jamjamque
1169 3435 1280 3499 adesse
1294 3434 1379 3498 vide-

271 3526 357 3597 rent,
374 3522 504 3585 tandem
519 3524 686 3607 presbyter
700 3522 903 3585 reminiscens
918 3523 1015 3585 verba
1029 3520 1192 3599 antistitis,
1207 3522 1380 3605 adsumpta
1389 3545 1425 3578 20

308 3681 323 3719 b
335 3684 444 3729 uuteboe
455 3681 518 3729 V.G.
643 3687 718 3727 cram
728 3682 856 3735 leuueilem,
867 3682 1022 3727 humiliorem
1030 3679 1059 3727 V.
1184 3680 1199 3719 d
1210 3681 1276 3726 uude
1286 3694 1335 3727 om.
1346 3680 1378 3727 V.

276 3754 289 3783 θ
306 3745 381 3792 Wrttu
393 3745 431 3792 hic
442 3754 467 3793 et
477 3747 541 3793 infra
554 3746 584 3793 V.
662 3746 758 3791 fetum
765 3744 923 3805 principibus
934 3744 963 3790 V.
1049 3746 1120 3791 tillir
1132 3746 1162 3791 G.
1241 3745 1378 3805 *mergen-

275 3810 349 3865 tibus,
356 3809 524 3871 serventibus,
532 3810 680 3872 furentibus
690 3809 721 3855 V.
821 3808 969 3855 limmiaere
977 3814 1001 3855 et
1013 3808 1042 3855 G.

306 3973 346 4016 40.
357 3959 442 4019 pridie
453 3958 517 4019 eat]
535 3959 573 4006 Ad
591 3958 655 4005 hunc
672 3957 735 4003 diem
753 3956 779 4002 in
798 3955 907 4017 margine.
918 3955 1089 4017 Martymlogii
1105 3955 1221 4003 Dunelm.
1256 3954 1289 4001 In
1301 3957 1374 4003 Brit·

273 4024 354 4078 taum,
374 4037 393 4068 s.
412 4022 507 4069 Aidam'
520 4024 600 4085 primi
619 4022 780 4082 Liudirsaru.
798 4021 909 4082 episcopi.
953 4020 1049 4067 Eodem
1068 4022 1108 4067 die
1126 4026 1322 4068 commeruerat-io
1339 4036 1373 4067 rs.

272 4086 435 4147 reliquiarum
446 4082 553 4149 ejusdem
565 4088 678 4134 ecclesie.
697 4107 699 4113 ·
715 4086 809 4133 Harum
822 4084 978 4145 reliquiarum
990 4084 1095 4131 indicem
1107 4085 1163 4131 vide
1174 4084 1198 4130 in
1211 4084 1325 4145 Append.
1338 4086 1372 4133 N.

274 4150 343 4196 XlV.
372 4151 428 4209 Non
439 4150 565 4212 indignum
579 4158 664 4198 notatu
676 4152 740 4211 quod
752 4151 783 4198 ab
794 4150 839 4196 hoc
849 4150 889 4195 die.
899 4149 998 4196 luitium
1009 4148 1057 4195 tuit
1067 4164 1087 4195 s.
1097 4149 1243 4196 Cutbbsrcto
1256 4149 1374 4209 propositi

273 4215 431 4273 monachalis,
454 4230 526 4275 super
549 4216 642 4262 visione
669 4216 753 4263 habita
775 4215 806 4262 de
828 4229 848 4261 s.
871 4213 961 4261 Aidani
987 4212 1064 4260 obitu.
1110 4214 1170 4260 Vide
1192 4212 1265 4259 Beda
1289 4214 1372 4260 Vitam

272 4291 292 4323 e.
306 4277 445 4325 cuthbercti
457 4294 508 4341 rep.
522 4294 545 4337 4.
564 4280 590 4326 S.

305 4353 328 4402 5.
346 4342 419 4401 Utta]
436 4344 564 4407 Presbyter
575 4343 686 4404 illustris,
699 4342 820 4404 abbasque
837 4341 979 4390 nronesterii
993 4342 1057 4402 quod
1070 4350 1171 4390 vocabu
1185 4342 1216 4389 sd
1229 4345 1314 4403 Caprae
1325 4342 1375 4389 Ca·
1402 4386 1407 4393 ,

272 4414 323 4465 put.
359 4407 420 4453 Vide
430 4407 495 4455 intre
505 4408 541 4457 iii.
555 4422 594 4456 ιι.
611 4411 653 4455 S.:
672 4408 713 4455 ubi
727 4408 804 4454 Uttsu
815 4413 924 4453 vocatur.

303 4468 326 4517 8.
340 4469 479 4532 Eaufieda]
495 4472 533 4521 De
545 4474 590 4521 heo
601 4473 657 4520 vide
668 4472 693 4519 ii.
706 4485 730 4534 9.
744 4484 783 4519 ιο.
796 4471 822 4516 S.
