3100 5125
305 337 369 401 iss
627 333 864 399 msronrm
887 331 1063 400 uocans.
1336 334 1401 400 111.
1417 357 1472 421 9-

303 489 347 553 ad
371 488 510 552 medium
535 488 633 551 ferme
656 492 741 552 esset
770 486 970 573 perductum,
994 486 1048 551 illa
1072 509 1113 552 ne
1136 487 1196 552 hoc
1222 488 1400 573 perficeret,

303 580 408 638 morte
422 580 583 659 praerepta
597 579 656 651 eet,
672 579 707 637 et
725 572 759 636 in
781 573 852 658 ipse
867 572 1007 636 ecclesiae
1024 572 1096 637 loce
1116 573 1172 636 ubi
1187 573 1401 652 desiderabat,

304 659 442 724 condita.
487 659 569 723 Post
582 659 672 723 cu'us
688 663 825 722 mertem
844 656 998 722 iratribus
1012 657 1076 723 alia
1088 658 1190 744 magis
1205 659 1401 737 curantibus,
1411 687 1441 722 ιο

304 744 518 809 intermissum
546 751 598 809 est
619 683 681 809 lroc
703 743 874 808 oedfficium
902 742 995 808 annis
1020 749 1152 830 septem,
1177 743 1292 830 quibus
1316 767 1402 810 com

301 831 406 916 pletis,
430 837 614 894 statuerunt
637 831 679 894 ob
700 829 901 894 nimietatem
929 828 1056 907 laboris,
1082 830 1177 914 hujus
1203 836 1402 895 structuram

302 916 444 981 ecclesiae
461 915 606 980 funditus
619 916 818 1015 relinquere3
842 935 915 979 ossa
929 936 1004 978 vero
1018 915 1190 980 abbatissae
1206 915 1259 979 illo
1274 916 1401 982 deloco

302 1003 426 1067 elevata
448 1001 482 1065 in
504 1001 600 1066 aliam
619 1002 791 1078 ecclesiam,
818 1022 889 1084 quac
915 1007 999 1064 esset
1022 1001 1164 1100 perfecta
1187 1023 1225 1065 ae
1251 1001 1402 1068 dedicata

302 1089 484 1152 transferre.
534 1087 580 1150 Et
601 1086 782 1172 aperientes
805 1085 984 1171 sepulcrum
1008 1108 1086 1170 eJus,
1106 1086 1154 1151 ita
1175 1086 1402 1152 intemeratum

302 1195 417 1259 corpus
446 1173 602 1251 invenere,
632 1178 670 1237 ut
692 1195 713 1237 a
735 1171 941 1258 corruptione
970 1193 1070 1236 concu
1093 1171 1235 1236 isccntiae
1265 1173 1402 1238 carnalis

301 1266 374 1324 erat
390 1259 537 1323 inmune:
569 1257 669 1323 etita
689 1258 794 1322 denuo
815 1255 926 1334 lotum,
941 1264 1039 1343 atque
1060 1195 1132 1321 aliis
1146 1257 1286 1322 vestibus
1310 1258 1438 1334 indu-25

301 1350 380 1422 tum,
392 1344 626 1409 transtulerrmt
639 1343 716 1407 illud
730 1343 764 1406 in
774 1341 942 1407 ecclesiam
954 1342 1043 1407 beati
1058 1343 1213 1429 Stephani
1227 1344 1398 1429 urartyris;

302 1430 392 1514 cujus
406 1429 554 1495 videlicet
575 1429 693 1495 natalie
714 1428 758 1492 ibi
781 1429 864 1493 solet
877 1428 910 1491 in
924 1450 1042 1514 magna
1059 1428 1161 1514 gloria
1176 1430 1330 1494 celebrari
1347 1431 1401 1495 die

300 1538 457 1581 nonarum
470 1515 639 1580 Juliamm.

747 1674 856 1742 our.
882 1675 946 1738 lx.

302 1782 340 1840 Ut
361 1784 390 1839 ia
411 1782 469 1840 loco
489 1783 518 1838 in
536 1801 587 1857 quo
607 1783 711 1838 occiana
726 1789 768 1838 cat
787 1799 836 1837 rec
857 1779 968 1845 Osacld,
988 1780 1083 1836 crebra
1100 1781 1246 1838 sanitatum
1267 1781 1400 1838 ntiracalc
1528 1805 1529 1854 ι

332 1864 437 1937 factm·
457 1871 538 1938 utque
551 1863 590 1919 ibi
605 1863 696 1937 primo
708 1863 859 1935 jumentum
874 1861 1012 1934 cujusdam
1025 1861 1136 1926 acme,
1151 1880 1184 1918 ac
1197 1862 1291 1918 danda
1303 1861 1439 1938 pueltc3o
1528 1859 1529 1866 ’

336 1944 493 2018 paralytica
506 1944 543 1998 sit
557 1951 660 2000 curata.

344 2036 508 2098 Rncnsvrr
528 2044 637 2101 antem
653 2035 773 2100 Osuald
789 2034 1077 2100 christianissimus
1099 2056 1155 2098 rex
1179 2033 1400 2120 Nordanhym-

217 2145 223 2157 ·
299 2121 430 2184 brorum
453 2143 565 2185 novem
587 2121 689 2199 annis,
710 2122 920 2185 adnumerato
941 2120 1039 2184 etiam
1063 2120 1116 2184 illo
1138 2141 1231 2198 aune,
1248 2143 1342 2204 quem
1365 2129 1400 2186 et

134 2778 202 2837 Aug.
213 2775 238 2823 d.
250 2790 272 2837 5.

135 2842 205 2888 A.D.
215 2840 271 2901 642.

299 2206 406 2270 feralis
426 2206 574 2292 impietas
594 2207 679 2293 regis
696 2206 890 2284 Brittonum,
907 2212 941 2270 et
954 2205 1118 2290 apostasia
1139 2206 1268 2270 demens
1287 2228 1400 2292 regum

299 2293 478 2378 Anglcrum
501 2293 722 2358 detestabilem
744 2293 876 2356 fecerat.
921 2291 1092 2378 Siquidem,
1112 2297 1266 2376 utsupra
1289 2292 1436 2372 docui-35

297 2400 377 2456 mus,
393 2378 542 2443 unanimo
564 2379 705 2444 emnium
726 2399 881 2443 consensu
902 2377 1065 2441 firmatum
1087 2383 1145 2454 est,
1167 2383 1205 2440 ut
1226 2399 1341 2442 nomen
1363 2385 1399 2444 et

298 2465 450 2529 memoria
464 2471 685 2550 apostatarum
699 2464 739 2527 de
755 2464 903 2548 catalogo
917 2484 1028 2548 regum
1039 2461 1295 2527 Christianorum
1309 2486 1399 2550 pror-

299 2572 353 2614 sus
363 2550 482 2616 aboleri
498 2551 638 2629 deberet,
651 2572 753 2635 neque
763 2549 878 2635 aliquis
894 2571 993 2635 regno
1004 2570 1224 2614 ecrumannus
1238 2549 1398 2615 adnotari.

299 2636 371 2721 Quo
391 2638 548 2722 completo
565 2658 722 2702 annorum
736 2636 893 2701 curriculo
911 2635 1033 2699 occisus
1051 2642 1101 2699 est
1120 2635 1288 2699 commisso
1307 2638 1398 2722 gravi

298 2722 417 2807 praelio,
433 2725 474 2787 ab
490 2723 601 2787 eadem
615 2744 741 2809 pagana
754 2729 851 2807 gente
866 2742 1053 2807 paganoque
1067 2741 1142 2808 rege
1155 2721 1361 2799 Marciorum,
1376 2746 1398 2788 a
1527 2748 1528 2793 ι

299 2830 361 2892 quo
384 2815 418 2873 et
436 2811 651 2895 praedecessor
673 2809 743 2893 ejus
761 2807 899 2869 AEduini
923 2812 1105 2893 peremptus
1130 2808 1245 2884 fuerat,
1270 2807 1303 2869 in
1327 2809 1398 2873 loce

137 2892 352 2979 Mesarfeltaqni
377 2894 486 2980 lingua
514 2895 692 2979 Anglcrum
719 2899 924 2978 nuncupatur
954 2892 1151 2969 Maserfelth,
1182 2914 1267 2956 anno
1290 2894 1438 2965 aetatis40
1526 2950 1527 3021 p

134 3155 264 3205 Miracula.

298 3000 363 3043 suae
378 2979 541 3063 trigesimo
556 2988 679 3057 octavo,
695 2978 747 3042 die
762 2978 874 3063 quinto
888 2977 1005 3041 mensis
1020 2978 1170 3063 Augusti.

341 3063 439 3149 Oujus
462 3071 583 3148 quanta
605 3064 685 3127 fides
707 3064 742 3126 in
764 3065 878 3141 Deum,
905 3086 975 3148 quae
999 3062 1127 3127 devotio
1150 3063 1266 3127 mentis
1289 3065 1397 3143 fuerit,

297 3148 397 3213 etiam
416 3156 491 3234 post
505 3156 649 3224 mertem,
665 3149 822 3213 virtutum
843 3148 1004 3214 miraculis
1027 3148 1152 3214 claruit.
1197 3149 1344 3234 Namque
1363 3152 1397 3214 in

297 3235 367 3299 loco
382 3235 436 3298 ubi
454 3257 513 3319 pro
532 3233 640 3320 patria
659 3233 814 3299 dimicans
829 3258 849 3299 a
864 3234 997 3321 paganis
1017 3234 1205 3299 interiectus
1221 3241 1280 3312 est,
1297 3258 1397 3322 usque

296 3319 391 3384 hodie
405 3320 561 3385 sanitates
580 3320 778 3384 infirmorum
797 3328 832 3385 et
845 3322 1009 3385 hominum
1027 3326 1060 3385 et
1074 3343 1224 3421 pecorum
1244 3321 1397 3387 celebrari
1406 3344 1434 3393 45
1524 3378 1525 3391 ,

296 3427 360 3469 ιιοιι
375 3406 534 3471 desinunt.
588 3407 685 3470 Unde
700 3404 837 3505 contigit
852 3413 890 3470 nt
904 3406 1064 3493 pulverem
1078 3428 1182 3491 1psnm
1204 3406 1259 3470 ubi
1279 3430 1397 3493 corpus

296 3492 364 3576 ejus
379 3492 412 3554 in
426 3499 546 3557 terram
561 3492 691 3570 corruit,
707 3492 800 3555 mult1
820 3492 1010 3569 auferentes,
1027 3498 1060 3555 et
1080 3492 1112 3554 in
1128 3504 1244 3576 aquam
1265 3492 1397 3558 mitten·
1410 3510 1461 3575 ¹¹3

330 3655 369 3704 34.
381 3649 410 3689 at
420 3643 509 3704 rapa]
531 3644 592 3690 Vide
604 3643 676 3705 hrrjus
686 3644 742 3692 libri
754 3651 829 3705 caput
841 3646 956 3707 primum.
974 3648 998 3693 S.

329 3722 368 3768 40.
380 3706 541 3769 Maaersettb]
557 3708 614 3755 Duo
629 3709 761 3757 comitatus
777 3710 843 3757 hunc
860 3710 940 3758 locum
960 3710 1007 3758 sibi
1020 3710 1135 3758 clamant.
1172 3711 1316 3759 Lancastria
1324 3710 1397 3771 juxta

296 3772 443 3821 Winwicnm
460 3786 549 3819 nomeu
566 3771 613 3820 loci
631 3773 775 3821 Maaerselth
792 3774 911 3835 exhibuit,
929 3784 954 3824 et
970 3775 1153 3837 inscriptionem
1171 3775 1196 3822 iu
1213 3775 1316 3824 ecclesia
1327 3776 1396 3823 Win-

295 3838 350 3886 wici
362 3836 393 3885 ab
404 3836 505 3897 antiquo
516 3844 692 3897 conservatam,
704 3852 753 3885 non
765 3839 858 3886 omisso
870 3846 1014 3901 argumento
1024 3841 1089 3900 quod
1099 3840 1125 3887 iu
1134 3840 1395 3903 Nordauhymbrnrum

295 3916 372 3964 regno
389 3901 464 3949 situm
485 3901 581 3957 babeat,
596 3902 639 3950 ubi
653 3902 735 3950 Penda
751 3904 887 3951 Osualdum
907 3911 1094 3965 aggressusest.
1131 3904 1230 3966 Salopia
1248 3920 1308 3952 vero
1325 3919 1396 3952 suam

295 3967 370 4014 etiam
386 3966 460 4014 babet
470 3966 644 4014 Maserfeldam
662 3968 734 4015 bodie
746 3968 870 4016 Oswestre
888 3969 939 4016 sive
951 3966 1108 4028 Oswaldstre,
1120 3969 1162 4030 qui
1182 3969 1315 4017 Brittanice
1328 3969 1396 4017 Crux

296 4031 399 4079 Osualdi
416 4031 515 4088 dicitur,
528 4039 600 4092 atque
615 4032 642 4078 in
659 4046 688 4079 co
704 4032 823 4099 comitatu
841 4040 985 4095 pugnatum,
997 4032 1055 4093 quia
1072 4047 1159 4094 nempe
1171 4034 1295 4081 Osualdus
1311 4048 1367 4081 eum
1380 4048 1396 4080 a

295 4096 379 4143 Penda
396 4110 473 4155 nuper
488 4096 584 4144 devicto
602 4102 705 4157 ceperat
739 4096 781 4144 Ab
799 4098 846 4145 bac
865 4097 986 4145 sententia
1005 4103 1055 4145 stat
1073 4105 1159 4145 auctor
1176 4099 1239 4146 Vitae
1258 4114 1279 4145 s.
1291 4097 1396 4145 Osualdi

295 4160 360 4221 apud
383 4161 556 4222 Capgravium‚
585 4160 756 4209 anctoritatem
784 4161 837 4223 ejus
864 4162 1025 4211 confirmante
1048 4162 1197 4210 cambdeno.
1244 4164 1290 4210 Est
1312 4171 1394 4209 autem

296 4226 419 4273 Oswestre
438 4225 469 4272 ab
487 4226 546 4273 urbe
565 4225 670 4286 Salopia
687 4233 781 4286 septem
801 4227 851 4275 sere
870 4226 1005 4275 miliaribus
1017 4240 1101 4274 versus
1112 4227 1238 4283 Walliam,
1257 4242 1272 4274 a
1292 4228 1358 4274 scissa
1376 4242 1395 4273 r.

296 4289 359 4337 offa
377 4289 481 4336 miliario
493 4304 541 4336 non
554 4290 625 4351 plane
636 4290 747 4338 dimidio.
783 4291 812 4338 lu
824 4307 873 4353 quo
891 4292 988 4352 quidem
1005 4305 1093 4352 campo
1105 4292 1272 4353 ecclesiaque
1283 4292 1397 4340 Candida

297 4353 408 4401 Ecclesia
417 4354 508 4401 dicitur
518 4355 543 4400 in
556 4371 575 4401 s.
586 4355 694 4403 Oswaldi
705 4356 798 4403 bonore
810 4356 935 4405 tundatur.
954 4356 1022 4403 Mon.
1035 4357 1104 4417 Ang.
1116 4356 1132 4403 i.
1143 4372 1167 4417 p.
1176 4356 1217 4415 38.
1236 4357 1262 4405 S.

296 4418 361 4528 Vpp.
373 4418 458 4479 quinto
469 4418 591 4479 Augusta]
611 4420 668 4479 Ωιιο
679 4420 753 4467 etiam
771 4420 810 4468 die
828 4420 945 4469 memoria
955 4420 1009 4481 ejus
1019 4420 1044 4468 in
1057 4420 1236 4484 Martyrologio
1249 4421 1395 4480 celebratur,

320 4482 327 4527 i
346 4483 454 4540 eiv.14.
472 4485 496 4529 S.
