3100 5125
95 295 192 343 -21.
499 276 665 343 canals
681 276 959 347 Aristonea.
1229 280 1273 347 et

138 425 326 504 nomnium,
356 435 395 491 et
421 425 557 492 ielatum
586 428 754 491 clamorem
789 448 973 512 repercusso
1008 431 1082 491 altre
1118 426 1272 491 montium

176 512 324 576 conclusa
351 512 580 597 multiplicant:
611 511 726 576 hostile
754 534 870 597 agmen
899 519 1021 577 terrore
1047 512 1271 603 prosternitur,

176 597 240 661 kut
258 618 354 682 super
372 619 407 661 se
426 619 491 660 non
511 598 613 661 selum
631 619 726 681 rupes
744 598 965 674 circumdatas,
981 599 1038 661 sed
1057 598 1155 662 etiam
1172 598 1273 682 ipsam

176 682 244 747 ttaeli
271 682 451 746 machinam
478 682 734 760 contremiscunt,
764 683 1032 768 trepidationique
1068 683 1192 767 injeetae
1221 682 1273 747 vix

176 768 318 831 sufficere
339 769 456 853 pedum
477 768 648 852 pernicitas
669 769 875 833 credebatur:
899 768 1017 853 passim
1034 769 1168 855 fugiunt,
1184 790 1274 833 arma

176 852 355 938 projiciunt,
377 853 554 939 gaudentes
575 853 623 916 vel
646 854 731 916 nuda
752 874 886 937 corpora
907 853 1057 938 eripuisse
1083 854 1270 917 discrimini:

176 939 283 1023 plures
309 939 408 1003 etiam
436 938 550 1003 timere
579 938 765 1023 praecipites,
795 939 912 1003 flumen
941 940 1027 1022 quod
1056 937 1274 1003 ¹trausierant

138 1024 349 1089 ¹5devoravit.
394 1024 558 1088 Ultionem
586 1046 677 1088 suam
705 1023 855 1087 innocens
880 1024 1037 1088 exercitus
1062 1024 1213 1101 intuetur,
1239 1030 1274 1087 et

176 1109 317 1173 vietorioe
346 1130 502 1173 coucessae
530 1109 651 1173 otiosus
679 1115 842 1193 spectator
869 1108 1013 1175 efficitur.
1058 1109 1166 1193 Spolia
1190 1109 1273 1172 colli·

176 1201 297 1280 guntur
321 1194 475 1279 exposita,
500 1201 535 1258 et
557 1194 692 1258 caelestis
717 1195 830 1279 palmae
854 1194 972 1281 gaudia
996 1194 1085 1258 miles
1109 1193 1273 1280 religiosus

176 1279 388 1363 amplectitur.
433 1280 645 1363 Triumphant
665 1279 831 1363 pontifices
852 1280 997 1344 hostibus
1017 1279 1094 1344 fusis
1116 1280 1183 1344 nne
1202 1301 1273 1343 san·

177 1365 281 1449 graina,
298 1365 498 1449 triumphant
511 1364 645 1429 victoria
658 1365 722 1429 fide
735 1366 879 1441 obtenta,
895 1387 960 1428 non
974 1365 1101 1428 viribus.

220 1449 405 1533 Composita
419 1450 528 1534 itaque
546 1449 650 1513 insula
668 1450 841 1514 securitate
860 1449 1032 1533 multiplici,
1055 1471 1091 1512 su
1132 1450 1378 1534 relinqueremus
1391 1467 1435 1514 ss

137 1554 170 1588 20
178 1534 323 1598 hostibus
346 1535 394 1598 vel
419 1534 625 1599 invisibilibus
648 1534 697 1599 vel
721 1556 817 1598 carne
841 1535 1025 1620 conspicuis,
1048 1472 1186 1599 rediium
1208 1557 1273 1599 mo-
1283 1530 1381 1579 auium

176 1620 298 1683 liuntur
314 1620 488 1704 pontifices.
533 1620 655 1701 Quibus
673 1620 877 1704 tranquillam
899 1620 1141 1705 navigationem,
1157 1626 1191 1685 et
1210 1642 1273 1684 me-

176 1704 240 1767 rita
261 1704 390 1789 propria
406 1712 441 1769 et
460 1704 645 1769 intercessio
662 1705 750 1768 beati
771 1704 920 1788 martyris
936 1704 1054 1769 Albani
1071 1712 1272 1789 paraverunt,

177 1789 363 1875 quietosque
377 1812 432 1854 eos
446 1812 576 1854 suornm
589 1789 753 1855 desideriis
765 1789 840 1853 felix
855 1790 963 1854 carina
978 1804 1004 1834 ¹¹¹
1013 1789 1165 1854 restituit.

607 1974 716 2037 oAP.
739 1974 843 2037 XXI.

180 2094 218 2151 Ut
241 2095 439 2151 renascentibus
461 2096 590 2171 airqnltia
611 2095 767 2170 Pelaqianoe
792 2096 879 2169 pestis
909 2094 1058 2150 Germanas
1086 2112 1144 2150 cam
1171 2074 1288 2151 Severa

135 2186 167 2234 25
217 2174 383 2231 Brittaniam
397 2194 530 2242 maana,
547 2177 629 2252 prius
644 2177 738 2232 clauda
751 2176 849 2247 juveni
868 2176 1006 2240 incessam,
1021 2175 1114 2230 Made
1127 2183 1153 2230 et
1169 2174 1285 2249 papale·

217 2254 282 2320 Dei,
298 2256 477 2312 condensatis
489 2257 547 2312 aaa
559 2256 704 2312 nunciatis
717 2255 860 2321 hereticis,
873 2274 996 2330 pressam
1010 2255 1177 2329 recuperarit
1184 2254 1262 2327 fidei.

221 2364 286 2463 Nnc
300 2364 423 2429 nmulto
437 2365 626 2465 interposito
636 2372 790 2464 tempore,
800 2365 970 2465 nunciatur
983 2388 1023 2429 ex
1037 2362 1270 2465 eademniusula,
1282 2378 1308 2424 S.
1320 2377 1380 2452 usr-

105 2462 110 2467 ’
177 2448 637 2599 Pelagianamflperversrtatem
656 2457 774 2515 iterato
793 2473 902 2536 paucts
923 2452 1106 2515 auctonbus
1126 2449 1253 2512 ddatan
1264 2470 1271 2511 ε
1282 2455 1347 2487 '¹¹⁸⁰‘
1360 2441 1403 2487 ³¹¹·

175 2555 346 2619 rursusque
430 2536 649 2602 beatissimum
662 2535 765 2600 virum
781 2557 891 2622 preces
913 2536 1114 2600 sacerdotum
1133 2533 1273 2601 omnium
1281 2511 1435 2619 ζζζᾏᾟζζῇ]

176 2619 370 2697 deferuntur,
386 2628 423 2685 ut
436 2643 565 2686 cansam
578 2621 650 2699 Dei,
666 2644 763 2705 quam
776 2622 864 2705 prius
878 2621 1069 2698 obtinuerat,
1082 2625 1272 2685 ⁰tutaretur.
1282 2635 1381 2684 Severe.

136 2705 320 2784 30Quorum
344 2705 492 2789 petitioni
520 2706 655 2770 teatinus
682 2708 894 2791 obtemperat.
949 2707 1093 2791 Namque
1122 2705 1273 2789 adjuncto

176 2789 237 2852 sibi
255 2790 373 2854 Severo
390 2791 491 2855 totius
512 2791 694 2856 sanctitatis
709 2791 787 2868 viro,
804 2791 857 2875 qui
877 2798 947 2856 erat
967 2790 1136 2875 discipulus
1157 2788 1274 2854 beatis

176 2873 1013 3047 ffiuiifiipiiiiaiffiiiffldiiliii
1029 2873 1274 3044 ilidii}

209 3126 218 3165 i
229 3128 351 3172 elevatam
363 3126 393 3174 V.
491 3128 547 3174 kae
557 3129 718 3190 raiacemper
727 3144 754 3175 ee
764 3128 793 3176 V.
829 3128 870 3176 Sic
881 3129 906 3176 S.
918 3133 942 3175 et
953 3129 983 3177 V.
996 3128 1061 3187 quod
1071 3125 1224 3174 scribendum
1236 3134 1274 3175 est

176 3204 220 3250 pro
230 3196 267 3236 ut.
376 3191 386 3229 1
404 3193 483 3238 mena
500 3198 574 3238 eram
592 3192 622 3238 V.
732 3202 755 3231 m
766 3195 884 3240 restituit.
913 3193 1043 3240 Remansit
1057 3197 1141 3238 antem
1153 3193 1179 3238 in
1190 3192 1273 3238 msam

174 3269 256 3314 genna
265 3261 407 3316 atrumque,
420 3254 451 3301 al.
462 3270 525 3314 gena
541 3261 657 3317 atraque,
669 3258 748 3304 testei
762 3263 789 3303 et
806 3259 878 3317 dues,
891 3258 971 3316 Angli
982 3263 1007 3303 et
1020 3255 1156 3314 Brittones,
1168 3269 1273 3318 quorum

175 3319 255 3378 Angli
261 3334 308 3381 pro
320 3334 405 3378 regno,
417 3318 546 3366 Brittones
556 3335 602 3380 pra
619 3323 672 3366 nita
683 3321 813 3368 certatant
825 3321 853 3368 V.
929 3331 943 3359 ¹¹
957 3323 1034 3368 multa
1042 3325 1099 3380 past
1110 3319 1140 3366 V.
1183 3339 1186 3345 ·
1206 3329 1220 3359 0
1233 3325 1273 3366 ta-

176 3389 261 3430 eretur
270 3384 298 3431 V.
366 3393 381 3430 12
392 3383 493 3430 verbum
504 3383 556 3431 Dei
567 3384 629 3430 V.G.

212 3539 249 3590 17.
267 3529 437 3590 Triumphum
449 3529 590 3591 pontifices]
611 3529 644 3576 ln
660 3545 723 3590 agro
742 3531 875 3589 Plintenri,
886 3527 968 3592 juata
983 3533 1098 3594 oppidum
1114 3533 1181 3594 qiwd
1194 3532 1273 3592 Angli

174 3592 254 3649 Mota,
269 3594 494 3640 Cambmddtaani
509 3593 635 3640 Gnidcnac
647 3597 780 3655 appellant,
793 3598 838 3642 toa
853 3602 951 3656 gestam
965 3599 1055 3643 aiant:
1075 3597 1180 3658 indeque
1192 3599 1272 3643 tecum

175 3656 248 3703 Maec
259 3658 380 3713 Gomon,
388 3658 453 3719 qaod
462 3659 582 3718 Campam
594 3658 714 3705 Germani
721 3665 803 3716 sanat,
810 3674 898 3706 nomen
906 3662 1047 3706 retinuisse:
1056 3661 1272 3724 inproterflaente

174 3721 363 3784 Atenofluvicto
374 3736 445 3767 rama
455 3723 501 3768 toa
511 3723 623 3768 exercita
633 3723 764 3783 daptiento.
783 3723 896 3770 Usserlns
909 3723 969 3772 Brit.
984 3725 1048 3771 Eccl.
1063 3727 1121 3773 Ant.
1133 3727 1166 3772 xi.
1179 3740 1201 3784 p.
1217 3737 1269 3786 179.

208 3799 248 3832 aa.
258 3787 376 3832 restituit.
408 3785 582 3846 Romamn-l
597 3786 712 3833 Clausala
723 3801 777 3847 qua
788 3787 814 3833 in
823 3787 898 3835 variis
909 3787 1053 3834 lectionibus
1062 3789 1169 3848 sequitur
1178 3787 1270 3834 nullam

174 3848 247 3896 babet
262 3856 371 3896 veteram
387 3849 460 3896 MSS.
477 3850 664 3904 auctoritatem
680 3850 751 3898 docet
767 3858 849 3898 minen
866 3851 921 3912 quia
939 3852 1012 3899 suerit
1028 3867 1113 3899 sensus
1129 3851 1196 3899 illius
1210 3859 1271 3900 teui-

174 3914 240 3971 pcris
250 3927 306 3959 cum
318 3913 370 3959 hac
381 3911 454 3959 verba
465 3913 626 3965 addebantur,
635 3914 651 3960 i.
660 3928 681 3961 e.
691 3915 755 3973 quod
766 3915 792 3962 in
804 3915 882 3974 ptimo
891 3931 911 3963 s.
924 3916 1040 3964 &amani
1050 3917 1153 3963 adventu
1162 3918 1271 3964 Saxones

173 3976 200 4022 in
213 3976 335 4023 Brittania
347 3975 506 4024 remanebant
517 3991 560 4036 pro
571 3977 674 4037 imperio
685 3979 844 4026 decertantes.
856 3981 881 4026 S.

208 4051 247 4100 η.
261 4041 317 4087 Nec
326 4040 415 4100 malta]
432 4040 491 4086 Hac
502 4041 576 4088 etiam
588 4041 662 4088 verba
672 4042 793 4089 calculum
804 4043 914 4103 Prosper-l
926 4044 1032 4091 turbant.
1066 4044 1131 4091 Num
1145 4045 1165 4090 si
1178 4045 1271 4103 primus

174 4103 292 4150 &amani
304 4105 423 4151 adnatans
434 4103 480 4150 suit
492 4119 514 4151 a.
523 4116 579 4168 429,
592 4105 630 4152 vel
642 4109 749 4152 multam
760 4106 877 4166 temporls
892 4108 923 4154 ad
940 4108 1072 4154 secundum
1090 4107 1221 4156 adventum
1233 4109 1270 4156 ln·

174 4167 269 4227 terponi
286 4176 392 4226 oportet,
408 4168 446 4216 vel
465 4168 546 4228 plures
565 4170 685 4217 annuale
703 4170 809 4216 oecundo
826 4170 925 4218 fluxisse
943 4186 1014 4230 quam
1033 4171 1103 4220 rebus
1120 4179 1145 4221 et
1163 4172 1271 4221 historia

174 4230 291 4278 Germani
302 4231 433 4280 convenire
444 4232 546 4292 possint,
558 4241 631 4292 prout
641 4233 706 4280 intra
717 4240 791 4294 patet.
802 4235 827 4281 S.

196 4297 328 4356 332.de
338 4296 493 4357 Gemanica}
501 4297 543 4344 Sic
551 4297 710 4344 &namatius
719 4303 745 4344 et
753 4304 838 4344 auctor
846 4297 934 4346 Vitas.
947 4297 1025 4358 Lupi.
1034 4314 1122 4360 nempe
1131 4299 1271 4362 Superioris

175 4359 323 4406 Gemanica.
347 4358 469 4407 Treveros
479 4375 555 4420 usque
567 4377 582 4407 a
593 4361 679 4421 primia
689 4361 784 4422 imperii
796 4361 901 4408 Romani
913 4363 1063 4423 temporibus
1074 4365 1130 4413 huic
1142 4364 1271 4425 provinciae

171 4423 289 4472 adceuacs
299 4423 375 4470 tutae
385 4432 482 4472 constat
493 4439 507 4472 e
517 4424 598 4472 Tacit.
611 4428 674 4472 Anu.
688 4425 704 4471 l.
717 4437 759 4484 31,
771 4438 812 4483 4ο,
825 4438 866 4487 4ι,
878 4429 922 4475 διο.
