3100 5125
277 306 320 370 70
609 300 845 366 fflsroalAE
869 298 1045 365 EOOLES·
1366 299 1416 361 ΙΙ.
1436 321 1464 361 1.

276 461 313 517 ut
335 452 546 539 apostolicum
564 454 651 517 illum
669 455 709 517 de
728 476 766 517 eo
786 454 883 518 liceat
904 451 995 516 nobis
1018 453 1159 537 proferro
1181 470 1381 515 sermonem:

278 538 354 624 quia
376 540 437 603 etsi
459 539 529 603 aliis
551 562 614 603 non
635 547 686 605 est
706 539 879 640 apostolus,
896 540 951 604 sed
966 546 1074 603 tamen
1094 537 1186 600 nobis
1208 542 1276 609 est;
1302 560 1382 602 nam

278 625 476 710 signaculum
489 626 690 711 apostolatus
705 647 773 709 eJus
788 646 845 689 nos
860 646 970 688 sumus
983 623 1015 685 in
1031 623 1179 687 Domino.

115 718 140 765 S·
149 716 262 778 Gregorii
321 709 404 775 Erat
422 719 531 775 autem
548 710 678 775 natione
696 712 868 787 Romanus,
884 720 921 774 ‘a
936 717 1028 795 patre
1043 708 1215 786 Gordiano,
1259 731 1338 775 enus
1358 733 1383 774 a

115 791 192 830 ⁰³¹¹*
277 796 404 881 proavis
418 819 483 861 non
497 798 598 861 solum
612 797 726 874 nobile,
738 797 795 860 sed
810 803 844 861 et
858 795 1039 881 religiosum
1051 795 1179 858 ducens.
1209 734 1382 880 bdeniquc

279 882 371 947 Felix
382 883 522 966 ejusdem
536 882 722 967 apostolicae
737 881 821 947 sedis
833 881 992 981 quondam
1006 880 1183 965 opiscopus,
1194 883 1242 946 vir
1252 904 1380 967 magnae
1393 900 1425 935 ²⁰

117 975 242 1051 nonme-
277 967 386 1053 gloriae
409 968 441 1029 in
462 968 591 1032 Christo
613 974 646 1031 et
668 968 810 1043 ecclesia,
827 990 894 1051 ejus
915 967 978 1031 fuit
999 974 1122 1031 atavus.
1168 967 1232 1031 Sed
1253 975 1288 1033 et
1309 968 1381 1051 ipse

116 1054 187 1087 ΠΜ·
277 1053 481 1117 nobilitatem
501 1054 662 1153 religionis
684 1075 748 1116 non
769 1054 891 1116 minore
906 1074 1001 1139 quam
1022 1058 1170 1137 parentes
1193 1060 1228 1118 et
1249 1054 1381 1139 cognati

277 1139 396 1202 virtute
411 1140 589 1203 devotionis
604 1138 756 1203 exercuit.
803 1138 1013 1203 Nobilitatem
1028 1158 1102 1201 vero
1122 1138 1207 1202 illam
1222 1162 1319 1225 quam
1337 1140 1383 1201 ad

277 1225 427 1288 saeculum
445 1225 613 1289 videbatur
632 1226 759 1300 habere,
775 1231 880 1288 totam
901 1224 944 1288 ad
965 1224 1212 1288 nanciscendam
1233 1246 1381 1310 supernae

277 1310 412 1395 gloriam
437 1311 605 1396 'dignitatis
629 1310 737 1374 divina
764 1310 872 1394 gratia
897 1309 1052 1395 largiente
1082 1310 1248 1375 convertit.
1295 1310 1425 1385 Nam25

278 1401 404 1459 mutato
425 1418 460 1459 re
500 1404 556 1461 nte
578 1396 691 1460 habitu
713 1396 866 1477 saeculari,
887 1395 1115 1460 monasterium
1137 1395 1240 1479 petiit,
1262 1397 1296 1460 in
1316 1418 1382 1481 qno

279 1490 373 1547 tanta
404 1417 608 1565 perldctionis
636 1482 743 1567 gratia
771 1481 871 1581 coepit
901 1481 1090 1559 conversari,
1121 1487 1166 1557 ut,
1198 1482 1282 1557 siout
1312 1482 1383 1565 ipae

280 1576 391 1652 postea
408 1568 513 1631 flendo
535 1567 658 1632 solebat
678 1568 845 1644 adtestari,
865 1567 972 1631 animo
994 1566 1075 1631 illius
1098 1567 1240 1632 labentia
1262 1576 1383 1632 cuncta

279 1655 504 1731 subteressent,
528 1661 565 1719 ut
586 1655 682 1717 rebus
703 1652 850 1717 omnibus
873 1674 943 1739 quae
966 1654 1134 1717 volvuntur
1155 1653 1318 1731 emineret,
1343 1661 1382 1717 ut

278 1738 365 1803 nulla
389 1740 451 1803 nisi
475 1738 616 1805 caelestia
640 1739 783 1825 cogitare
808 1739 933 1816 soleret,
958 1745 995 1803 ut
1018 1738 1117 1802 etiam
1142 1744 1286 1802 retentus
1310 1761 1380 1803 cor·

278 1847 365 1909 pore,
392 1824 462 1910 ipsa
480 1826 548 1909 jam
569 1824 675 1889 carnis
696 1825 838 1890 claustra
861 1824 1129 1909 contemplatione
1154 1824 1316 1900 transiret,
1342 1831 1380 1888 ut
1392 1818 1436 1897 76

280 1917 417 1975 mortem
432 1931 568 1996 ,quoque
615 1932 664 1974 uae
692 1931 773 1995 pene
804 1909 928 1973 cunctis
957 1929 1053 1994 poena
1082 1902 1140 1985 esi,
1166 1908 1313 1973 videlicet
1341 1917 1381 1974 ut

280 1996 458 2080 ingressum
472 1995 548 2059 vitae
563 2003 597 2059 et
642 1996 728 2059 boris
742 1994 791 2059 sui
806 1995 981 2080 praemium,
997 2001 1130 2058 amaret.
1163 1993 1256 2058 cHoc
1271 2001 1382 2059 autem

282 2080 350 2164 ipse
373 2081 413 2144 de
438 2103 481 2156 se,
506 2102 570 2143 non
593 2081 771 2166 profectum
791 2081 945 2165 jactando
968 2079 1132 2157 virtutum,
1156 2080 1211 2143 sed
1235 2080 1381 2144 deflendo

280 2166 388 2251 potius
409 2166 569 2231 deiectum
587 2188 681 2252 quem
702 2166 763 2230 sibi
785 2188 842 2251 per
864 2187 974 2231 curam
995 2165 1188 2251 pastoralem
1211 2166 1382 2231 incurrisse

282 2251 459 2330 videbatur,
483 2252 620 2317 “referre
644 2258 861 2317 consueverat.
906 2252 1052 2338 Denique
1072 2257 1217 2335 tempore
1243 2252 1407 2337 quodams

281 2345 414 2414 secreto,
430 2360 504 2402 cum
518 2338 653 2402 diacono
667 2360 725 2402 suo
741 2338 841 2403 Petro
857 2338 1057 2423 conloquens,
1073 2338 1266 2401 enumeratis
1284 2337 1382 2401 animi

282 2423 330 2485 sui
353 2423 525 2487 virtutibus
546 2423 668 2509 priscis,
691 2446 766 2487 mox
788 2423 923 2487 dolendo
945 2423 1127 2508 subjunxit:
1162 2427 1209 2487 Ar
1229 2438 1328 2486 ‘auem
1348 2446 1383 2487 aa·

281 2510 430 2574 maricae
450 2532 532 2574 earae
546 2509 715 2596 palmalis
730 2510 929 2576 sacellarium
946 2509 1099 2574 basinam
1113 2510 1231 2594 negotia
1247 2510 1380 2594 pabor,

280 2605 308 2658 et
325 2605 396 2680 post
416 2606 480 2660 tam
494 2597 639 2681 periciam
660 2596 768 2682 qrcietia
786 2617 850 2659 aare
868 2597 1001 2681 spectent,
1026 2597 1139 2659 terreni
1155 2605 1240 2659 ccicc
1255 2596 1382 2680 pulvere

272 2681 426 2764 foedctar.
474 2683 606 2768 Oamqae
626 2705 657 2746 ac
675 2705 738 2766 pce
761 2682 957 2746 fdeacenaione
980 2681 1140 2744 maltorum
1165 2681 1210 2744 ad
1232 2682 1381 2746 celeriora

279 2769 436 2851 merserit,
447 2769 537 2832 eticae
551 2791 619 2833 cam
632 2770 780 2833 interiora
794 2768 919 2853 cymatii,
930 2768 974 2831 cci
987 2768 1051 2831 haec
1059 2767 1172 2852 procul
1181 2765 1272 2830 darbia
1283 2769 1382 2830 minor

314 2928 328 2956 ἃ
339 2933 371 2964 ex
381 2919 442 2966 V.G.
542 2920 670 2966 bDeindc
680 2918 710 2967 V.
817 2919 908 2966 eHaec
916 2917 944 2965 V.
1051 2918 1155 2982 ‘'quem,
1167 2917 1382 2982 (utreserrecora

281 2982 416 3043 sueverat)
432 2984 477 3030 sibi
486 2997 534 3044 per
545 2999 633 3030 curam
639 2985 792 3045 pastoralem
803 2985 937 3030 iac-urracae
949 2983 1079 3030 ridebatur
1091 2984 1150 3031 V.G.
1290 2993 1303 3022 θ
1315 2997 1382 3032 nunc

280 3047 379 3108 iasaelix
388 3048 610 3096 animaech.
707 3048 1003 3096 tarraconensem.

320 3183 357 3232 16.
370 3183 516 3245 sermonem]
533 3197 546 3231 a
560 3183 616 3231 Cor.
628 3183 661 3231 ix.
675 3199 697 3231 a.

282 3263 353 3362 al·
370 3248 771 3362 {libidinibns
792 3247 930 3362 illiti
943 3248 1384 3362 :allts³r⁰llttlz¹itl⁰i”li

283 3345 380 3426 meniis.
391 3380 416 3426 S.
449 3378 518 3425 Felix
534 3378 577 3424 ille
592 3377 640 3426 luit
655 3378 698 3440 qui
712 3329 882 3439 pontiilcatnm
900 3379 957 3426 iniit
971 3349 1004 3426 Al
1011 3379 1042 3426 D.
1058 3376 1113 3439 526.
1126 3385 1233 3440 quartas
1243 3329 1382 3426 stancheim

281 3443 352 3518 illum
370 3443 413 3504 qui
430 3442 528 3490 vivente
548 3443 646 3492 Liberio
664 3452 764 3492 evectus
784 3451 829 3504 est,
850 3446 879 3492 Α.
889 3445 921 3492 D.
940 3455 998 3505 355,
1019 3457 1107 3505 papam
1127 3448 1232 3504 reputes,
1254 3445 1343 3490 terrica
1361 3443 1382 3489 si

281 3514 477 3633 omiilabtacm]
496 3572 554 3619 Non
569 3572 731 3630 necessarium
747 3579 786 3620 est
800 3573 845 3620 boc
863 3572 947 3621 stricte
962 3571 1038 3633 accipi
1056 3585 1099 3632 pro
1117 3577 1186 3630 patre
1197 3571 1279 3628 abavi,
1293 3579 1319 3619 ct
1336 3585 1382 3618 avo

283 3637 377 3698 proavi,
389 3637 431 3684 aed
443 3636 488 3684 bac
498 3651 558 3684 voce
573 3652 638 3684 nnus
653 3652 683 3685 ex
700 3637 844 3698 majoribus,
856 3652 904 3685 non
917 3637 999 3685 babita
1012 3636 1106 3684 ratione
1117 3636 1207 3696 gradus
1218 3643 1262 3683 aut
1276 3649 1380 3684 canaan·

283 3700 411 3762 guinitatia
421 3701 525 3777 intelligi
536 3709 624 3778 potest
638 3703 661 3748 S.
761 3766 768 3779 ο
872 3767 878 3778 .
1226 3763 1231 3776 ⁸
1264 3763 1269 3776 ⁸

283 3767 691 3892 nrttdlll²‘iiiclss',ss⁰.,'li”2i
705 3764 1383 3891 lillitlltfi'srlilsftlztinffabilis

282 3896 344 3954 palis
359 3897 538 3955 auctoritatem,
556 3910 621 3956 papa
634 3895 753 3956 largiente
767 3909 829 3957 pene
846 3896 871 3943 in
888 3896 983 3943 cunctis
1000 3901 1119 3942 secutum.
1132 3894 1158 3940 S.
1192 3894 1264 3940 l'crta
1280 3901 1382 3952 uterque

281 3973 365 4006 eorum
377 3960 428 4007 haec
438 3975 492 4021 qua
507 3961 571 4007 Beda
582 3961 679 4021 scripsit
690 3961 780 4021 partim
791 3959 945 4021 compilavit:
962 3959 1004 4008 sed
1016 3967 1040 4006 et
1052 3957 1100 4005 alia
1113 3957 1190 4006 multa
1201 3958 1297 4018 adjecit.
1333 3959 1381 4005 Vc-

282 4023 384 4072 risimile
395 4031 433 4072 eat
442 4025 522 4085 ipsum
531 4025 623 4072 Bedam
632 4039 730 4086 quoque
741 4040 786 4072 rua
798 4039 811 4072 e
823 4025 912 4074 scrinio
923 4027 1033 4071 Romano
1044 4037 1086 4084 per
1096 4022 1253 4070 Notbclmum
1264 4022 1380 4070 hausisse.

315 4100 354 4150 ²5·
363 4089 550 4150 monasterium]
565 4090 699 4151 Gregorius
710 4097 808 4137 mortuo
819 4097 887 4150 patre
899 4090 1009 4150 protinus
1020 4103 1101 4135 rerum
1114 4101 1213 4134 suarum
1226 4096 1318 4149 partem
1328 4101 1382 4134 mc-

282 4153 394 4200 naateriis
409 4151 541 4200 fundandis
555 4153 683 4214 impendit.
723 4156 770 4201 Sex
786 4153 812 4200 in
831 4154 917 4202 Sicilia
932 4153 1078 4201 fabricavit:
1096 4151 1225 4211 septimum
1243 4167 1261 4200 s.
1276 4152 1382 4200 Andrea

278 4216 351 4277 juxta
362 4217 488 4264 basilicam
500 4232 519 4264 a
528 4233 548 4266 s.
559 4217 681 4266 Johmnn
693 4227 719 4267 et
734 4219 808 4266 Pauli
817 4220 848 4267 ad
863 4219 952 4266 clivum
965 4218 1051 4266 Scauri
1063 4217 1157 4275 Roma,
1170 4217 1211 4264 ubi
1226 4217 1279 4276 ipse
1296 4231 1381 4264 mona·

281 4281 341 4328 clins
359 4282 439 4330 factus
456 4281 526 4328 vixit.
561 4282 664 4344 Reliqua
682 4283 794 4331 vendidit
810 4290 835 4331 et
853 4284 999 4344 pauperibus
1015 4280 1132 4344 erogarit.
1159 4281 1211 4328 Vid.
1235 4281 1338 4329 Paulum
1357 4287 1382 4328 et

280 4345 430 4458 Joidlliicut
440 4412 581 4472 brec-cum
591 4425 635 4458 cuc
647 4411 735 4474 Petro]
751 4412 780 4459 lu
792 4412 893 4474 prologo
907 4411 1071 4474 Dialogorum.
1107 4410 1140 4458 Et
1152 4408 1243 4458 similia
1253 4411 1338 4460 scribit
1355 4408 1381 4458 in

280 4473 376 4523 Proefat.
388 4475 523 4524 Moralium
534 4475 566 4524 ad
578 4474 726 4538 Leandrum,
737 4486 763 4525 et
773 4476 799 4524 in
810 4476 852 4525 lib.
864 4477 880 4526 i.
892 4477 964 4538 epist.
975 4493 1000 4536 4,
1012 4486 1038 4538 5,
1050 4473 1074 4538 6,
1085 4477 1132 4524 &a
1144 4475 1169 4524 S.
