3100 5125
270 259 333 320 res
604 254 835 320 menoare
861 255 1039 322 anonas.
1277 254 1346 320 111.
1366 274 1454 342 13—

269 432 330 494 que
355 409 627 476 reverentissimus
657 409 793 474 antistes
818 410 910 476 Acca
939 410 1020 476 solet
1043 409 1169 486 referre,
1194 410 1372 494 quiscum

269 495 404 558 Romam
419 495 546 572 vadens,
563 496 649 579 apud
671 495 908 560 sanctissimum
924 495 1100 558 Fresonum
1113 495 1219 580 gentis
1241 496 1373 559 ¹archi-

269 580 451 665 episcopum
467 580 675 644 Vilbrordum
690 603 763 644 cum
782 603 840 644 suo
857 580 1005 644 antistite
1020 579 1159 643 Vilfrido
1177 587 1369 658 moraretur,

270 667 381 730 crebro
404 688 476 729 eum
498 667 645 744 audierit,
661 666 701 730 de
722 665 875 730 mirandis
898 688 969 750 quae
990 666 1033 729 ad
1054 665 1203 750 reliquias
1226 667 1372 751 ejusdem

270 751 517 815 reverentissimi
533 752 617 837 regis
632 751 665 815 in
680 753 733 817 illa
748 751 912 838 provincia
928 758 1021 836 gesta
1035 751 1165 829 fuerint,
1182 773 1324 815 narrare.

315 837 378 900 Sed
399 844 433 900 et
452 837 486 899 in
507 836 663 901 Hibernia
686 861 758 902 eum
780 838 947 922 presbyter
960 837 1064 900 adhuc
1087 837 1287 921 peregrinam
1307 859 1369 921 pro
1381 861 1413 894 10

124 941 155 974 ¹·
269 929 391 987 aeterna
412 923 519 1006 patria
540 924 671 986 duceret
693 923 801 1000 vitam,
822 943 981 985 rumorem
1002 922 1186 986 sanctitatis
1207 923 1311 985 ninius
1334 922 1369 986 in
1527 920 1529 989 i

269 1029 308 1072 ea
330 1030 454 1092 qnoque
474 1008 576 1072 insuia
595 1009 687 1094 longe
704 1009 769 1072 late
792 1031 832 1070 ue
851 1009 919 1092 jam
940 1007 1158 1092 percrebuisse
1179 1008 1324 1072 ferebat:
1350 1030 1368 1071 e

269 1094 383 1176 quibus
408 1095 617 1178 unumquod
645 1095 730 1157 inter
758 1031 822 1158 alia
850 1093 961 1157 retulit
989 1093 1184 1168 miraculum,
1214 1093 1367 1178 praesenti

268 1185 387 1242 nostrae
403 1179 557 1244 Historiae
573 1179 774 1243 inserendum
789 1178 988 1242 credidimus.

314 1265 466 1348 Tempore,
486 1265 598 1349 inquit,
619 1265 814 1328 nwrtalitatis
832 1286 899 1348 qna
921 1263 1115 1326 Brittaniam
1128 1262 1367 1348 Hiberniamqae

268 1351 333 1412 lata
347 1359 445 1434 strepa
460 1352 599 1428 vastavit,
608 1372 768 1434 peravasas
783 1360 825 1414 est
845 1349 975 1432 ey‘vsdvm
989 1348 1074 1411 elvele
1085 1350 1181 1432 pestis
1194 1350 1274 1412 inter
1288 1351 1407 1418 alios1s

266 1435 457 1499 sclvlastivns
470 1436 596 1520 qnidam
612 1436 649 1500 ele
665 1447 747 1522 parte
762 1434 1052 1511 tarvannam
1066 1434 1187 1517 qnidam
1201 1435 1251 1496 vir
1263 1435 1366 1498 stveliv

268 1521 452 1594 literaram,·
487 1521 542 1584 secl
568 1543 640 1604 erpa
669 1542 775 1585 varam
797 1530 956 1605 perpetem
985 1541 1051 1582 snoe
1079 1519 1258 1582 salvationis
1285 1521 1368 1584 atta

268 1608 386 1670 omnim
399 1607 496 1670 staini
509 1617 537 1670 et
551 1606 711 1669 indestrice
722 1627 849 1692 perans:
880 1606 935 1689 qvi
949 1627 1016 1668 evan
1036 1626 1066 1666 se
1084 1606 1175 1667 mati
1187 1606 1366 1688 prvaimnm

267 1693 389 1768 videret,
399 1695 502 1756 timere
511 1694 599 1776 capit
607 1702 634 1754 et
637 1713 764 1776 pavere,
775 1713 811 1754 ne
819 1713 887 1754 nwv
897 1700 1040 1764 mertens,
1051 1688 1085 1752 vl
1099 1691 1209 1755 vavae
1222 1691 1365 1755 satanan

267 1778 312 1840 ael
327 1779 443 1860 inferni
463 1779 596 1842 clanstro
616 1787 795 1864 raperetvr:
827 1777 1026 1859 elimavitqve
1049 1797 1104 1852 me,
1128 1797 1196 1838 arm
1218 1798 1308 1839 essem
1330 1777 1367 1838 in

268 1863 386 1926 ²viviav
401 1865 527 1947 positas,
545 1874 573 1926 et
587 1865 665 1926 inter
680 1885 763 1946 capra
784 1872 909 1925 transeas
929 1860 1074 1944 saspiria,
1086 1859 1188 1942 flebili
1202 1883 1268 1924 voce
1286 1861 1409 1924 talia20
1527 1872 1529 1943 i

267 1969 379 2011 mevam
403 1947 603 2032 qnerelatvr:
642 1949 740 2021 Vides,
766 1948 878 2032 inqait,
903 1947 978 2030 qaia
995 1945 1204 2029 jamjvmqma
1225 1957 1369 2010 anana

267 2033 400 2116 eorporis
414 2033 548 2097 molestia
562 2034 608 2096 arl
622 2034 789 2096 articnlam
805 2031 966 2096 salvandae
986 2039 1091 2096 mortis
1110 2032 1289 2116 conpellar:
1313 2054 1368 2095 nee

268 2117 369 2180 (labile
392 2141 437 2180 me
454 2128 666 2202 postmortem
696 2119 829 2202 eorporis
855 2118 960 2181 statim
984 2117 1030 2179 ad
1049 2127 1230 2209 pegpetnam
1252 2119 1368 2180 animer

267 2213 388 2265 mortem
409 2203 602 2287 rapiendam,
624 2226 661 2266 aa
682 2202 883 2286 infernalilm
903 2201 1088 2265 attentas
1108 2224 1166 2265 esse
1187 2204 1366 2265 tormentis:

267 2289 321 2372 qai
343 2299 469 2372 tempore
493 2310 553 2352 nvn
567 2311 669 2373 paaeo
688 2289 769 2352 inter
792 2289 896 2352 stadia
916 2288 1031 2350 <livine
1055 2287 1197 2364 aetionis
1221 2288 1367 2351 vitiorem

264 2373 365 2459 potins
395 2374 625 2458 inplicamentis
654 2396 745 2458 qaam
774 2373 889 2436 divinis
911 2371 1038 2436 solebam
1065 2372 1176 2436 servire
1198 2374 1405 2450 manentiam

268 2459 351 2522 Inest
378 2469 476 2522 antem
505 2460 618 2534 animo,
646 2461 674 2523 si
702 2459 779 2522 mili
803 2459 906 2542 pietas
940 2479 1073 2541 snperna
1102 2457 1209 2542 aliqva
1240 2458 1367 2522 viveneli

267 2546 369 2628 spatia
394 2545 560 2622 dmmvmit,
585 2546 703 2609 vitiosos
731 2566 825 2609 mores
848 2544 1004 2629 vvrrvpere,
1026 2552 1114 2628 atqve
1136 2542 1181 2607 ad
1201 2543 1367 2629 imperivm

268 2632 383 2695 divina
404 2632 566 2695 volontatis
587 2641 678 2695 totam
692 2654 727 2695 en
740 2632 854 2715 inteprv
875 2639 1001 2699 mentem
1022 2630 1172 2713 vitamqav
1186 2631 1364 2712 transferre.

275 2717 384 2779 Veram
409 2718 479 2779 novi
504 2739 563 2781 nvn
596 2718 648 2780 loc
681 2738 737 2780 esse
773 2715 877 2778 meriti
910 2715 978 2790 mei,
1010 2724 1044 2777 vt
1072 2714 1214 2778 induvias
1243 2716 1367 2778 vivendi

260 2802 316 2864 'vel
346 2803 496 2887 avmpiam
530 2802 577 2865 vel
604 2824 649 2865 me
684 2810 877 2884 aeaeptnrvm
912 2822 969 2862 esse
997 2800 1155 2881 confidam,
1193 2800 1257 2862 nisi
1279 2802 1367 2883 forte

267 2886 372 2949 misero
400 2888 476 2950 mili
498 2897 525 2949 et
554 2887 678 2970 indlpno
705 2886 824 2958 bvenia,
842 2906 904 2967 per
927 2885 1081 2947 annilina
1109 2906 1211 2947 nram
1235 2885 1290 2968 qvi
1314 2885 1367 2949 v‘ll‘

258 2971 394 3053 fideliter
421 2973 596 3046 servierant,
627 2971 801 3119 propitiari
836 2970 977 3057 ‹lipnatas
1004 2970 1116 3052 faerit.
1175 2970 1407 3037 Andivimnsso
1443 3018 1449 3023 -

268 3065 366 3119 antem
389 3066 434 3119 etc
451 3058 546 3138 fama
570 3056 626 3119 vele
658 3058 766 3131 rrima,
791 3057 866 3140 qnia
886 3054 988 3139 faerit
1011 3054 1045 3117 in
1071 3064 1154 3138 pente
1177 3065 1281 3136 *vestra
1310 3078 1367 3119 rev

267 3140 418 3204 mirande
437 3141 612 3217 sanctitatis,
636 3140 775 3205 vvealnlv
800 3141 924 3217 Osnalel,
945 3141 1030 3223 capas
1052 3140 1226 3204 evaellentia
1237 3140 1322 3227 fidei
1338 3152 1367 3205 et

268 3226 399 3303 vittatis,
424 3226 514 3289 etiam
536 3237 607 3311 post
633 3237 764 3302 nmrtem,
791 3226 939 3291 virtatem
958 3226 1167 3310 freqaentinm
1195 3228 1368 3311 operatione

250 3310 434 3374 'clamarits
465 3333 635 3395 precorque,
662 3314 690 3375 si
715 3312 839 3396 aliqaiel
864 3312 1063 3396 reliqniarnm
1092 3311 1179 3375 illias
1200 3332 1294 3395 penes
1318 3312 1365 3375 tvd

267 3393 364 3471 labes,
387 3396 513 3479 adferas
535 3397 622 3473 mili,
645 3398 673 3460 si
687 3398 772 3480 forte
794 3396 871 3459 mili
889 3397 1038 3460 Dominae
1053 3418 1114 3480 per
1135 3396 1199 3477 epia
1223 3397 1367 3460 meritam

267 3481 404 3543 misereri
418 3481 553 3545 volverit.
598 3484 644 3545 At
657 3496 724 3573 ‘epa
739 3481 897 3565 respondi:
920 3480 1024 3545 Habeo
1039 3482 1158 3565 qaiclem
1172 3482 1209 3544 de
1224 3482 1314 3565 lipno,
1330 3482 1366 3545 in
1376 3498 1405 3549 35

268 3586 324 3649 qm
338 3577 429 3651 vapnt
447 3566 509 3650 epita
526 3568 615 3631 vvaisi
632 3590 653 3629 a
668 3568 803 3651 papantis
824 3567 952 3649 infimam
965 3575 1027 3639 vst;
1060 3576 1095 3642 et,
1119 3566 1147 3629 si
1161 3568 1256 3647 firmo
1278 3568 1367 3630 verde

268 3652 441 3729 credideris,
451 3662 549 3736 potest
562 3653 671 3715 divina
683 3652 786 3736 pietas
799 3674 862 3735 per
875 3652 955 3714 tanti
976 3651 1129 3715 fmeritam
1147 3652 1220 3727 viri,
1236 3661 1263 3714 et
1276 3652 1367 3734 lajas

267 3738 339 3800 vita
366 3738 468 3823 spatia
497 3738 632 3821 lvnpiora
661 3736 825 3809 convellere,
855 3745 883 3799 et
911 3737 1045 3819 inpressa
1071 3745 1099 3799 te
1127 3735 1200 3799 vita
1221 3737 1368 3820 paenale

301 3934 316 3962 ¹
329 3923 479 3983 Episcopum
490 3922 520 3968 V.
634 3931 649 3971 t
662 3916 715 3981 ejas
726 3919 754 3966 V.
863 3922 976 3967 'mnata
988 3922 1017 3968 V.
1115 3917 1190 3983 ajam
1202 3928 1327 3969 mescente
1336 3921 1365 3968 V.

268 3986 280 4019 b
292 3990 390 4033 veniam
401 3987 430 4033 V.
444 3985 517 4033 tacite
529 3985 565 4032 St.
578 3984 608 4031 G.
713 3994 726 4022 ⁰
732 3982 810 4045 sama
823 3991 859 4031 est
870 3986 1019 4031 creberrima
1031 3986 1060 4032 V.
1169 3988 1184 4025 d
1196 3993 1221 4033 te
1231 3988 1367 4047 depositum

269 4052 342 4098 tates
353 4050 382 4098 V.
465 4060 478 4088 c
491 4049 530 4095 Ita
541 4049 592 4095 cod.
607 4048 671 4095 Mor.
684 4048 746 4095 V.G.
760 4062 820 4108 ergo
831 4048 970 4096 inconsulto
981 4050 1005 4095 S.
1018 4050 1054 4097 St.
1138 4050 1249 4097 fenerem
1261 4050 1292 4096 V.
1378 4041 1387 4056 ‘

302 4218 325 4267 6.
339 4218 511 4279 Viltrardam]
529 4218 600 4265 Conf.
613 4218 668 4263 intr.
682 4232 705 4264 v.
718 4232 754 4264 ιο.

306 4298 341 4343 ¹4·
358 4285 475 4343 Tempore
492 4279 663 4339 mortalitatis]
685 4282 786 4329 Videtur
804 4296 833 4328 ea
844 4296 897 4329 esse
912 4297 967 4345 quae
983 4283 1014 4330 ab
1032 4282 1103 4329 ΑΛ).
1118 4281 1166 4341 664
1178 4282 1260 4345 coepit.
1294 4282 1366 4331 Cous.

270 4348 359 4395 Chron.
374 4348 431 4394 Sax.
444 4354 469 4393 et
479 4346 536 4392 infr.
550 4356 588 4407 27.
603 4346 647 4393 &a
