3100 5125
297 320 362 393 194
626 318 864 387 HISTORIAE
886 319 1064 388 EOOLES.
1370 318 1435 384 IV.
1451 335 1480 403 7.

294 482 402 541 turrim
425 480 531 538 mater
552 493 591 538 ao
619 473 730 538 nutrix
755 481 865 560 posset
893 473 1030 540 existere
1058 472 1256 539 feminarum.
1313 473 1398 555 Quae

294 567 443 646 suscepto
471 559 656 624 monasterii
691 560 853 646 regimine,
883 559 1073 646 oondignam
1105 582 1139 624 se
1175 560 1209 624 in
1244 560 1398 624 omnibus

293 646 442 731 episeopo
460 645 570 723 fratre
585 650 620 709 et
638 645 708 731 ipsa
728 652 815 711 reete
829 646 964 712 vivendo
978 653 1013 710 et
1030 646 1182 732 subjectis
1201 646 1441 731 regular-iteras

293 737 328 796 et
348 731 400 816 pie
422 731 613 796 consulendo
634 730 791 817 praebuit;
824 740 861 798 ut
883 731 981 797 etiam
1003 732 1142 798 eoelestia
1162 731 1282 796 iudieio
1302 733 1397 797 fuere

293 816 454 882 miraeula.

734 943 843 1009 ΟΑΡ.
867 943 947 1008 VII.

309 1048 347 1107 Ut
360 1050 388 1106 ia
401 1049 562 1108 monasterio
575 1048 754 1115 Berioioem,
768 1049 815 1106 ubi
828 1067 944 1124 corporo
957 1047 1199 1106 sanctimonialium
1207 1049 1381 1124 seminarum

513 1131 583 1206 poni
595 1130 728 1194 deterat,
743 1130 841 1186 euboli
853 1131 891 1186 ait
904 1130 963 1186 luce
976 1137 1161 1186 memoratum.
1189 1195 1192 1200 ,

129 1229 251 1308 vineoe·
336 1223 376 1286 In
397 1223 458 1288 boe
479 1223 598 1289 etenim
618 1223 812 1288 monasterio
834 1223 926 1307 plura
947 1221 1103 1287 virtutum
1125 1228 1201 1286 sunt
1222 1221 1314 1322 signa
1336 1245 1436 1307 pru-25

129 1304 276 1346 comneno.
290 1315 388 1386 trata,
404 1332 475 1394 qnae
490 1316 524 1375 et
538 1309 779 1374 admemoriam
798 1307 1103 1392 aedifioationemque
1122 1315 1332 1391 sequentium,
1349 1311 1393 1374 ab

290 1394 341 1460 bis
355 1395 409 1480 qui
427 1417 551 1473 novere,
567 1395 728 1481 descripta
746 1395 907 1460 habentur
923 1417 943 1458 a
960 1394 1086 1458 multis:
1110 1393 1258 1478 equibus
1275 1401 1311 1459 et
1330 1417 1392 1460 nos

288 1481 396 1565 eliqua
405 1481 558 1545 Historiae
569 1488 688 1545 nostrae
700 1480 930 1546 Euolesiastieae
942 1480 1078 1544 inserere
1090 1479 1276 1543 curavimus.
1308 1481 1392 1546 Oum

288 1572 463 1652 tempestas
485 1588 571 1653 saepe
593 1567 687 1632 dietae
710 1567 810 1630 eladis
834 1567 899 1632 late
923 1573 1039 1630 eunetu
1062 1565 1267 1651 depopulans,
1288 1566 1391 1631 etiam

289 1660 415 1738 partem
429 1652 613 1718 monasterii
628 1652 722 1737 hujus
737 1652 823 1717 illam
838 1675 901 1736 qua
916 1651 974 1716 viri
988 1654 1190 1727 tenebantur,
1207 1651 1388 1732 invasisset,

289 1744 324 1803 et
343 1739 462 1823 passim
484 1738 626 1823 quotidie
648 1745 837 1824 raperentur
854 1739 896 1803 ad
912 1737 1102 1802 Dominum:
1126 1736 1260 1801 sollicita
1281 1745 1434 1805 mutereo

288 1824 552 1925 oongregutionis
569 1847 632 1909 qua
652 1823 733 1888 bora
754 1823 854 1888 etiam
875 1845 945 1888 eam
966 1821 1150 1888 monasterii
1172 1829 1390 1910 partemque

287 1911 474 1974 unordarum
489 1911 550 1974 Dei
571 1917 701 1975 aeterra
721 1933 743 1974 a
763 1909 904 1974 virorum
924 1915 994 1974 erat
1020 1916 1143 1974 secretu
1166 1910 1387 1989 oontubernio‚

288 1997 399 2060 eodem
413 1996 508 2081 plaga
516 2002 672 2095 tangeret,
685 1995 828 2060 crebrius
837 1994 870 2058 in
879 1995 1039 2060 'conventu
1048 2017 1193 2059 sororum
1202 1994 1389 2080 perquirere

288 2080 387 2166 ooepit
402 2103 464 2165 quo
480 2081 558 2144 Plooi
581 2104 614 2144 ru
635 2081 830 2146 monasterio
852 2103 987 2166 corpora
1009 2103 1067 2146 sua
1087 2080 1162 2165 poni
1184 2087 1219 2144 et
1240 2081 1387 2146 aeimite

287 2164 371 2229 rium
395 2166 464 2230 fieri
488 2166 612 2244 vellent,
636 2189 709 2232 oum
737 2189 792 2231 eas
815 2167 927 2232 eodem
950 2189 1012 2252 quo
1038 2173 1171 2230 eaeteros
1196 2167 1388 2231 exterminio

287 2251 410 2336 raptari
425 2274 443 2315 e
456 2253 575 2316 mundo
590 2252 799 2338 eontingeret.
831 2254 973 2338 Cumque
984 2252 1061 2316 nihil
1072 2252 1152 2316 uerti
1167 2251 1320 2336 responsi,
1336 2259 1387 2317 ta-

287 2336 381 2401 metsi
392 2337 507 2423 saepius
518 2338 689 2423 inquirens,
699 2361 720 2402 a
728 2339 890 2403 sororibus
899 2339 1081 2423 aooepisset,
1096 2337 1219 2422 aeoepit
1232 2337 1303 2422 ipsa
1312 2360 1386 2402 eum
1396 2352 1428 2404 ³5

286 2422 432 2488 omnibus
452 2423 662 2488 oertissimnm
681 2446 826 2509 supernae
845 2437 856 2469 ¹
860 2423 1046 2511 provisionis
1063 2445 1258 2508 responsum.
1304 2423 1387 2488 Oum
1540 2441 1541 2444 ’

284 2508 370 2573 enim
398 2516 492 2575 noete
522 2511 660 2595 quadam
688 2510 823 2596 expletis
857 2509 1024 2576 matutinae
1053 2508 1155 2575 laudis
1187 2508 1384 2594 psalmodiis,
1538 2445 1541 2639 i

283 2617 419 2681 egressae
441 2597 481 2661 de
495 2597 636 2661 oratorio
655 2598 780 2661 famulae
796 2597 924 2674 Christi,
940 2598 983 2661 ad
1002 2596 1146 2682 sepulcra
1165 2597 1312 2673 fratrum,
1328 2597 1385 2681 qui

95 2757 104 2771 Β
158 2753 162 2759 ,
283 2702 338 2745 eas
360 2703 400 2745 ex
421 2683 482 2747 hae
504 2683 573 2747 luoe
594 2690 832 2768 praecesserant,
849 2683 959 2748 solitas
975 2682 1113 2747 Domino
1134 2682 1244 2745 laudes
1267 2682 1383 2746 deean-
1401 2700 1459 2767 151

283 2772 400 2844 tarent,
416 2790 488 2832 ecee
503 2769 610 2833 subito
624 2769 678 2832 lux
693 2768 809 2833 emissa
824 2769 954 2845 caelitus,
970 2768 1067 2832 veluti
1081 2767 1215 2832 linteum
1229 2790 1385 2853 magnum

283 2854 371 2917 venit
392 2876 488 2939 snper
510 2876 628 2932 omnes,
649 2861 805 2940 tantoque
822 2876 878 2919 eas
902 2862 1033 2939 stupore
1055 2854 1198 2939 peraulit,
1223 2860 1261 2918 ut
1284 2854 1385 2919 etiam

282 2938 442 3003 aantioum
467 2940 552 3024 quod
581 2942 740 3005 oanebant
768 2940 963 3005 tremelaotae
991 2939 1252 3004 intermitterent.
1307 2938 1384 3025 Ipse

281 3030 391 3087 autem
407 3025 556 3110 splendor
570 3027 691 3091 emissae
706 3026 794 3103 lueis,
810 3026 844 3090 in
861 3027 949 3111 eujus
969 3025 1206 3111 comparatione
1222 3025 1269 3089 sol
1288 3026 1384 3089 meri·

282 3108 396 3173 dianus
410 3110 509 3174 videri
523 3119 633 3195 posset
647 3114 810 3188 obscurus,
827 3134 891 3175 uon
903 3112 1005 3176 multo
1024 3118 1099 3197 post
1114 3110 1167 3174 illo
1182 3110 1323 3175 elevatus
1341 3112 1406 3181 des

282 3195 360 3272 loeo,
380 3194 414 3259 in
430 3196 637 3261 meridianem
659 3198 844 3261 monasterii
865 3204 998 3281 partem,
1015 3197 1075 3261 hoe
1097 3204 1157 3274 est,
1172 3197 1216 3261 ad
1236 3196 1384 3261 oooiden-

281 3286 348 3344 tem
363 3281 496 3346 oratorii
518 3283 655 3360 sesessit,
672 3283 779 3367 ibique
793 3283 974 3368 aliquandiu
996 3288 1175 3347 remoratus
1195 3289 1229 3346 et
1251 3304 1290 3346 ea
1312 3283 1385 3348 looa

279 3366 434 3451 operiens,
451 3366 495 3431 sio
510 3368 690 3432 videntibus
707 3368 830 3433 eunetis
851 3369 894 3433 od
916 3367 984 3433 eaeli
1005 3390 1039 3432 se
1058 3369 1125 3433 elta
1143 3367 1315 3443 subduxit;
1344 3374 1385 3433 ut
1533 3312 1535 3457 i

280 3451 358 3514 nulli
383 3460 468 3517 esset
491 3454 631 3532 dubium,
658 3454 733 3539 quin
759 3454 830 3538 ipsa
857 3454 913 3517 lux
938 3476 1009 3538 quae
1038 3454 1162 3517 animes
1190 3453 1385 3517 famularum
1532 3458 1534 3597 A

281 3536 401 3602 Christi
423 3546 506 3603 esset
529 3540 664 3604 ductura
678 3540 726 3604 vel
748 3546 936 3625 susceptura
957 3539 991 3603 in
1012 3539 1105 3617 oaelis,
1122 3539 1220 3603 etiem
1241 3538 1385 3623 eorpori-

279 3622 340 3687 bus
358 3646 468 3688 earum
488 3625 593 3687 loeum
614 3624 647 3687 in
669 3647 732 3709 qno
755 3626 964 3710 srequieours,
981 3632 1015 3690 et
1037 3625 1121 3689 diem
1140 3624 1384 3689 resurrectionis

280 3716 388 3774 esseut
408 3716 641 3795 exspectatura,
665 3717 869 3775 monstraret.
915 3710 1014 3796 (injus
1037 3711 1146 3775 radius
1165 3710 1242 3773 lueis
1267 3716 1383 3775 tantus
1395 3736 1426 3771 ιο

279 3794 492 3873 sessorique
520 3794 650 3880 quidam
676 3796 716 3859 de
740 3796 894 3860 fratribus
914 3797 1020 3861 senior
1045 3796 1100 3881 qui
1129 3796 1221 3881 uipsa
1243 3796 1325 3861 hora
1346 3796 1384 3860 in

311 3908 388 3953 nloro
399 3906 432 3955 V.
498 3908 574 3962 olto,
587 3907 670 3962 tacite,
682 3909 708 3955 S.
720 3910 884 3956 romaniam
896 3907 925 3956 V.
937 3908 973 3957 St.
986 3909 1017 3965 G,
1029 3908 1070 3956 hio
1081 3915 1106 3957 et
1118 3908 1185 3957 alibi.
1254 3910 1385 3970 rpromie-

277 3971 353 4017 oiom'o
364 3970 394 4018 v.
475 3974 834 4035 orequieruroe,expectotoroe
844 3973 875 4021 V.
961 3974 975 4013 -t
986 3980 1041 4021 erut
1051 3973 1081 4020 V.
1158 3974 1273 4035 “inipso
1283 3975 1315 4020 V.

278 4074 324 4120 que
335 4058 392 4120 aliu,
400 4075 503 4108 numero
514 4060 748 4119 sanctimonialium,
757 4067 783 4109 et
793 4061 882 4109 aedium
894 4062 1074 4123 pulchritudine
1082 4062 1113 4109 ad
1121 4076 1261 4124 supremum
1271 4070 1382 4111 erectus.

278 4123 346 4172 idem
359 4125 399 4171 W.
417 4124 505 4172 Mulm.
522 4125 621 4173 ibidem.
656 4125 799 4187 AEdilberga
817 4134 897 4173 autem
917 4126 966 4173 aliu
985 4127 1032 4175 fuit
1049 4127 1109 4175 Orc.
1131 4128 1182 4174 Sex
1201 4126 1305 4188 Regina,
1326 4128 1381 4175 lure

276 4202 404 4250 uxorque
415 4195 472 4251 post
482 4189 642 4237 Hildelitbom
658 4189 808 4238 monasterio
822 4190 995 4253 Berecingensi
1009 4191 1107 4253 prefuit
1117 4198 1143 4239 et
1153 4192 1246 4239 sanctis
1257 4192 1378 4240 adnume-

277 4258 331 4300 rata
341 4263 385 4301 est.
405 4254 431 4301 S,
662 4286 671 4302 .

310 4317 349 4365 26.
361 4318 496 4380 descripto]
511 4318 607 4378 Nempe
619 4318 645 4365 in
655 4319 721 4366 libro
732 4319 762 4366 de
773 4332 823 4379 qno
835 4318 895 4368 dicit
906 4318 982 4377 infra,
997 4334 1035 4369 ro.

311 4395 348 4430 ιο.
361 4383 463 4443 quidum
473 4381 649 4445 desoulribar]
669 4383 816 4443 Exemplum
833 4384 873 4431 bie
890 4384 1006 4433 babemus
1024 4384 1129 4447 duplicis
1144 4382 1296 4445 monasterii,
1312 4384 1380 4447 quod

275 4450 301 4493 at
311 4446 445 4493 monachos
461 4446 603 4494 continebat
618 4454 644 4495 et
654 4447 786 4495 monachas
797 4448 847 4496 sive
864 4462 967 4498 nonnas.
1001 4450 1059 4498 lum
1076 4450 1118 4498 din
1137 4448 1279 4497 institutum
1297 4448 1381 4498 luerat

275 4515 305 4559 ut
319 4510 428 4558 virorum
445 4510 594 4558 monasteria
610 4524 666 4559 cum
683 4510 715 4559 iis
730 4511 890 4562 foemioarom
907 4513 1067 4574 sociarentur,
1084 4514 1198 4577 quumvis
1214 4512 1273 4576 ipsa
1289 4513 1380 4565 domur
