3100 5125
120 309 217 376 —26.
538 307 701 376 GENTIS
724 308 995 378 ANGLORUM.
1035 301 1041 309 ’
1236 311 1301 376 938

614 464 724 549 car.
748 463 887 530 xxvi.

453 566 500 622 De
512 576 597 624 morte
611 568 745 642 Ecstfridt'
757 576 784 623 et
798 567 929 624 Hlortm'
942 586 1044 642 repunt.

261 658 358 721 Auso
388 658 562 723 Dominicae
591 659 819 724 incarnationis
852 659 1080 724 sexcentesimo
1109 658 1302 744 octogesimo
1318 671 1458 731 alteas

205 750 330 828 quarto,
346 742 478 829 Ecgfrid
492 766 550 808 rex
566 745 901 830 Nordanhymbrorum
916 744 1012 808 misso
1028 743 1217 808 Hiberniam
1231 766 1303 806 curn
1314 740 1408 815 sellum
1419 739 1465 786 Hi-

167 847 197 881 10
206 829 350 893 exercitu
375 831 455 892 duce
479 830 606 906 Bercto,
629 831 766 895 vastavit
791 831 905 894 misere
929 835 1058 915 gentem
1084 828 1244 892 innoxiam
1269 805 1446 892 epternacum.

207 914 331 978 nationi
354 914 532 1000 Anglorum
555 936 680 1000 semper
704 915 946 989 amicissimam
974 915 1021 980 ita
1044 922 1081 979 ut
1105 935 1143 978 ne
1168 914 1305 978 ecclesiis

208 999 345 1084 quidem,
357 1007 415 1064 aut
428 1000 628 1064 monasteriis
642 1023 755 1064 manus
769 1007 916 1084 paraenet
931 1000 1063 1064 hostilis.
1096 999 1144 1063 At
1159 998 1303 1076 insulani,

208 1092 243 1149 et
265 1091 421 1169 quantum
442 1085 577 1162 valuere,
601 1085 699 1149 armis
721 1108 812 1150 arma
836 1086 1039 1170 repellebant,
1063 1092 1096 1149 et
1121 1084 1304 1149 invocantes

209 1170 323 1234 divinae
346 1170 499 1234 auxilium
521 1170 660 1255 pietatis,
683 1171 805 1234 caelitus
832 1192 865 1234 se
887 1169 1039 1235 vindicari
1065 1170 1224 1235 continuis
1249 1170 1304 1235 diu

209 1254 513 1340 ”imprecationibus
530 1256 746 1339 postulabant.
792 1256 837 1319 Et
851 1255 994 1341 quamvis
1015 1255 1158 1319 maledici
1172 1276 1305 1341 regnum
1354 1307 1356 1310 .

210 1340 271 1404 Dei
293 1341 455 1426 possidere
477 1362 541 1418 non
565 1341 698 1426 possint,
714 1341 870 1405 creditum
893 1348 942 1405 est
963 1347 1072 1405 tamen
1091 1340 1176 1425 quod
1198 1340 1230 1403 hi
1250 1340 1304 1425 qui

171 1425 325 1492 ¹5men'to
346 1426 520 1511 impietatis
539 1448 605 1490 suae
627 1426 905 1503 maledicebantur,
922 1426 1007 1489 ocius
1030 1427 1169 1490 Domino
1184 1425 1306 1489 vindice

209 1532 321 1610 poenas
336 1511 385 1573 sui
399 1517 508 1575 reatus
522 1511 655 1576 luerent.
701 1512 862 1595 Siquidem
877 1533 961 1574 anno
975 1517 1050 1596 post
1064 1513 1147 1575 hunc
1161 1511 1305 1597 proximo

210 1596 293 1660 idem
308 1618 374 1671 rex,
387 1618 459 1660 cum
473 1602 592 1660 temere
608 1597 782 1661 exercitum
797 1597 839 1659 ad
853 1597 1041 1660 vastandam
1057 1596 1220 1661 Pictorum
1234 1618 1306 1680 pro-
1321 1616 1393 1666 A.D.
1405 1614 1461 1676 685.

209 1680 345 1746 vinciam
370 1681 522 1758 duxisset,
548 1683 682 1746 multum
711 1681 952 1766 prohibentibus
978 1681 1086 1746 amicis
1111 1689 1145 1746 et
1169 1681 1306 1781 maxime
1315 1682 1441 1796 11ξὶθέἑὶῑὲωο

210 1769 314 1830 beatae
338 1767 498 1830 memoriae
521 1767 701 1831 Oudbercto
723 1767 777 1850 qui
802 1789 903 1852 nuper
927 1766 1032 1831 fuerat
1055 1767 1220 1831 ordinatus
1243 1787 1307 1851 epr-

210 1873 333 1936 scopus,
352 1851 553 1917 introductus
575 1859 635 1928 est,
656 1851 878 1916 simulantibus
899 1852 1007 1937 fugam
1024 1853 1178 1928 hostibus,
1200 1852 1232 1915 in
1252 1874 1307 1914 an·

170 1937 333 2022 zogustias
352 1937 584 2001 inaccessorum
604 1937 769 2014 montium,
786 1943 906 2000 etcum
924 1937 1062 2001 maxima
1077 1944 1189 2022 ⁰parte
1204 1937 1307 2021 copia-

211 2043 283 2087 rum
297 2045 376 2106 quas
395 2044 503 2086 secum
517 2024 705 2097 adduxerat,
721 2022 897 2086 exstinctus
919 2045 1003 2086 anno
1023 2023 1130 2087 aetatis
1150 2045 1215 2086 suae
1231 2045 1307 2106 qua—

212 2107 272 2171 dra
327 2108 399 2185 imo,
421 2108 511 2207 regni
531 2116 640 2172 autem
658 2108 769 2192 quinto
792 2109 921 2184 decimo,
938 2109 990 2172 die
1011 2109 1230 2172 tertiadecima
1251 2109 1306 2170 ka

212 2192 263 2257 len
344 2215 377 2255 m
391 2194 415 2256 J
416 2215 571 2257 umerum.
616 2193 662 2257 Et
677 2193 813 2277 quidem,
826 2200 863 2256 ut
878 2193 953 2271 dixi,
969 2195 1199 2278 prohibuerunt
1213 2192 1305 2257 amici
1318 2203 1375 2252 Mat
1389 2204 1412 2251 d.
1422 2216 1460 2250 rr.

212 2299 253 2340 ne
275 2278 335 2341 hoc
356 2278 472 2342 bellum
494 2279 608 2353 iniret,
636 2280 692 2342 sed
707 2278 878 2362 equoniam
899 2293 983 2342 anno
1005 2281 1204 2363 praecedente
1219 2279 1306 2341 nolu-

214 2369 285 2426 erat
298 2363 409 2428 audire
423 2364 710 2428 reverentissimum
723 2370 849 2448 patrem
865 2363 1087 2449 Ecgberctum,
1100 2387 1140 2427 ne
1152 2364 1309 2428 Scottiam

212 2447 258 2510 nil
277 2468 311 2512 sc
331 2449 499 2513 laedentem
523 2448 733 2534 impugnaret,
749 2450 861 2512 datum
881 2457 930 2512 cst
952 2449 995 2514 illi
1015 2471 1055 2513 ex
1074 2449 1309 2534 poenapeccati

311 2578 515 2639 ”precattcattus
525 2577 555 2625 V.
655 2580 875 2645 opartcmwtmu
888 2576 918 2624 V.
1027 2576 1215 2638 uqcomodov.

246 2696 271 2744 9.
284 2681 445 2744 Hibernium]
467 2683 575 2730 Annales
588 2682 714 2733 Hiberuici
727 2688 865 2729 memorant
882 2682 1007 2742 praecisum
1020 2688 1117 2742 tempus
1127 2688 1152 2728 et
1163 2681 1252 2741 locum,
1262 2695 1310 2741 quo

215 2746 326 2807 Ecgfridt
345 2746 467 2794 exercitus
486 2747 631 2795 Hiberniam
653 2746 762 2806 intrauit,
781 2747 836 2794 vide
854 2746 959 2809 Ogygia.
978 2763 1000 2808 p.
1016 2760 1071 2805 230.
1089 2746 1114 2793 S.
1167 2746 1257 2792 Annal.
1277 2748 1309 2792 iv.

217 2811 390 2871 Magistromm
408 2811 517 2858 referunt
533 2812 630 2873 Auglos
647 2819 756 2858 vastasse
776 2825 889 2870 campum
908 2810 1002 2871 Bregiae
1024 2809 1110 2872 (bodie
1128 2808 1195 2857 Eust
1213 2809 1310 2857 Meutlr.

216 2876 300 2933 Usser.
312 2875 396 2935 Autiq.
409 2875 466 2923 xvii.
476 2891 499 2935 p.
508 2880 576 2935 4⁴¹·l
589 2883 614 2923 et
622 2876 737 2923 ecclesias
745 2875 890 2921 subvertisse
901 2889 983 2922 meuse
991 2874 1082 2922 lunio:
1094 2873 1243 2934 captivorum
1252 2888 1311 2920 vero

215 2938 368 3051 &gestibus
378 2940 537 2987 abductorum
548 2940 683 2987 libertatern
696 2939 864 2999 impetravisse
876 2938 1056 2986 Adamnanum.
1078 2936 1194 2998 Scriptcr.
1207 2938 1311 2985 Hibera.

240 3007 247 3024 ⁰
287 3018 350 3050 uuor
362 3019 383 3050 v.
394 3004 430 3050 iii.

251 3067 289 3115 18.
304 3065 452 3129 cudbercto]
470 3068 532 3115 Vide
545 3068 626 3116 Vitam
641 3068 809 3128 acudbcrcti,
820 3081 872 3129 cap.
886 3080 917 3123 ²4
928 3067 975 3113 aad
988 3077 1026 3127 27.
1047 3067 1072 3115 S.

249 3146 288 3193 23·
302 3132 435 3192 Scottiam]
463 3133 586 3193 Quoniam
607 3132 699 3179 mentio
719 3132 756 3178 hic
775 3132 840 3179 facts
860 3138 897 3179 est
916 3130 1065 3189 demetria,
1084 3129 1194 3178 historici
1212 3130 1311 3179 Scotrioe

215 3197 338 3245 moderna
351 3196 460 3257 pralium
471 3199 535 3257 qnod
548 3197 616 3243 Beda
627 3196 697 3257 ponit
708 3196 732 3242 iu
746 3195 827 3255 priore
839 3210 903 3243 anuo
915 3195 941 3242 iu
956 3196 1074 3242 Hibernia
1085 3196 1187 3251 factum,
1199 3210 1266 3255 reque
1283 3210 1312 3241 sc

216 3260 360 3323 posterioris
370 3274 418 3321 quo
430 3262 530 3321 Ecgfrid
544 3261 639 3308 occisus
650 3267 695 3319 est,
707 3261 737 3307 ad
755 3274 781 3307 se
799 3259 907 3315 trabunt,
919 3268 944 3306 et
962 3275 1011 3309 rem
1028 3274 1126 3307 omnem
1143 3260 1193 3306 suis
1210 3261 1313 3305 circum·

217 3324 316 3373 stautiis
327 3326 463 3372 decoratam
476 3326 501 3371 iu
515 3325 653 3373 Gallovidia
665 3331 765 3385 ponam
796 3324 858 3371 Vide
871 3326 902 3373 H.
914 3325 1031 3372 Boethet
1040 3324 1150 3372 Buchan.
1164 3324 1188 3369 in
1203 3324 1312 3383 Eugenic

217 3389 311 3450 quinto.
346 3389 380 3435 Et
391 3388 436 3437 fuit
448 3390 606 3450 proculdubio
617 3389 667 3435 hac
680 3389 762 3436 fatalis
774 3389 890 3449 Ecgfrido
907 3404 989 3450 pugna
1006 3389 1031 3435 in
1048 3390 1141 3436 Scottis
1153 3388 1312 3435 albionensis

218 3453 402 3501 Sim.Duuelm.
411 3453 491 3515 [Hist.
500 3454 617 3501 Duuelm.
629 3453 736 3514 Ecclesl
749 3468 771 3514 p.
786 3467 809 3513 5.
820 3465 845 3512 3.
859 3468 907 3499 nou
926 3452 1004 3501 solum
1023 3453 1155 3514 regionem,
1173 3453 1214 3499 sed
1231 3452 1311 3512 ipsum

218 3518 299 3565 locum
310 3532 398 3579 pugna
407 3518 469 3575 fixit,
476 3522 614 3566 extinctum
623 3517 706 3565 dicens
716 3532 801 3577 regem
813 3519 882 3577 apud
891 3519 1108 3573 Nechtunesmere,
1120 3518 1186 3578 quod
1195 3522 1232 3563 ast
1241 3522 1313 3575 stag·

218 3597 280 3629 aum
292 3582 411 3642 Nectarii,
423 3597 521 3644 ejusque
534 3596 621 3643 corpus
631 3584 658 3629 tn
672 3582 718 3628 Hs
729 3584 812 3628 insula
825 3582 946 3629 Columba
960 3584 1092 3643 sepultum.
1126 3581 1173 3628 Sed
1185 3581 1248 3641 qrrod
1269 3580 1312 3627 Hi-

218 3646 329 3694 berniam
342 3647 439 3706 proprie
450 3646 539 3693 dictam
558 3660 607 3692 nou
624 3645 723 3704 invasit,
735 3645 759 3691 id
777 3644 830 3693 sine
849 3645 925 3691 nimia
942 3644 967 3690 iu
980 3644 1072 3692 Bedsm
1090 3644 1113 3690 vi
1130 3643 1245 3691 affirmari
1263 3657 1311 3690 nou

219 3717 307 3771 potest.
341 3711 396 3757 lruo
412 3711 505 3758 clarum
523 3718 561 3758 est
572 3710 689 3757 Scottiam
707 3710 796 3769 ipsam,
815 3724 830 3755 a
847 3723 894 3769 qus
912 3716 939 3755 ut
956 3707 991 3755 uil
1012 3724 1038 3766 se
1056 3708 1158 3755 loedeute
1176 3708 1314 3755 invadenda

219 3774 371 3835 Ecgberctcs
386 3789 467 3836 regem
481 3775 614 3831 dissuadet,
625 3774 726 3821 eandem
738 3788 792 3821 esse
805 3787 861 3821 cum
878 3772 1005 3832 Hibernia,
1017 3786 1089 3833 quam
1103 3771 1168 3818 Beda
1182 3785 1255 3832 supra
1271 3773 1314 3819 de-

219 3838 318 3900 scripsit
332 3846 361 3885 ut
375 3847 477 3898 gentem
492 3840 590 3886 nutant
605 3839 745 3897 Anpumm
755 3851 852 3898 sonipes·
861 3838 1044 3883 amicissimam.
1077 3834 1133 3883 Hoc
1152 3849 1195 3895 pro
1213 3850 1258 3881 sua
1275 3835 1313 3881 in-

218 3903 345 3965 genuitate
354 3903 480 3951 sociemus
490 3910 528 3950 est
539 3903 570 3950 D.
582 3902 692 3949 Jacobns
704 3900 847 3962 Dalrymple
864 3900 889 3946 in
907 3900 957 3948 suis
973 3900 1004 3946 de
1019 3898 1129 3946 Historia
1141 3899 1247 3946 Scottica
1256 3898 1314 3947 Col-

218 3966 366 4015 lectionibus
376 3982 399 4029 p.
413 3980 451 4028 34.
487 3967 588 4015 Utinam
602 3980 650 4012 non
662 3964 812 4012 insinuasset
823 3964 913 4011 Bedam
927 3964 1008 4012 minus
1017 3962 1152 4025 ingenuum
1169 3977 1217 4009 non
1234 3964 1314 4011 solum

219 4039 307 4080 contra
319 4032 455 4079 naturalem
467 4031 574 4079 bominis
584 4030 700 4086 indolem,
714 4028 756 4076 sed
773 4036 858 4075 contra
876 4028 953 4089 ipsius
965 4028 1083 4076 Historia
1097 4042 1207 4088 scopum,
1218 4035 1246 4073 ut
1256 4040 1314 4074 con·

220 4095 308 4143 terenti
320 4096 335 4143 i.
347 4108 388 4155 3⁴·
401 4095 532 4156 apparebit
553 4096 576 4142 S.
612 4094 744 4153 Disputare
756 4106 810 4139 cum
824 4092 925 4153 illisqui
937 4099 1029 4153 negant
1040 4092 1136 4139 Scottus
1147 4092 1209 4152 apud
1222 4092 1313 4139 Bedam

219 4174 273 4208 esse
284 4159 462 4218 Hiberueuses,
473 4168 512 4208 est
522 4174 581 4207 sane
592 4158 693 4205 laterem
710 4156 801 4204 lavare.
833 4157 898 4204 Rara
909 4163 948 4203 est
961 4156 1081 4217 exceptio,
1093 4156 1172 4216 qualis
1183 4170 1265 4215 supra,
1278 4155 1314 4203 iii.

219 4238 346 4336 ppwpequs
364 4224 400 4271 ibi
416 4231 498 4273 tamen
519 4238 606 4272 nomen
619 4222 698 4268 Scoitr'
713 4220 817 4267 omuino
833 4221 898 4268 nude
915 4221 1021 4283 positum
1038 4227 1083 4281 est,
1095 4221 1137 4267 sed
1153 4219 1249 4268 Scottca
1264 4222 1315 4269 rice

281 4304 314 4337 cs.

251 4352 284 4400 ib.
296 4353 370 4400 nilse
380 4351 518 4412 loedestm]
547 4350 636 4399 Merito
654 4365 713 4397 usus
729 4356 766 4397 est
783 4349 932 4411 Ecgberctas
948 4349 993 4396 boc
1011 4354 1163 4411 argumento,
1180 4347 1237 4408 quia
1254 4347 1315 4397 adeo

218 4418 424 4478 expertnsscerat
439 4422 536 4477 gentem
550 4415 708 4463 Hiberuicarn
726 4428 775 4461 nou
794 4415 873 4462 solnm
891 4417 1027 4471 tanesiam,
1040 4412 1081 4462 sed
1092 4415 1315 4475 smpercmtctsri-

219 4496 295 4528 mous.
318 4480 479 4543 Videiiiap.
498 4481 524 4528 S.

263 4566 360 4607 nans.
747 4565 769 4604 u
783 4541 806 4603 h
