3100 5125
457 325 624 392 GENTIS
646 326 918 394 ANGLORUM.
1228 329 1272 394 83

166 499 244 556 mus,
270 477 414 555 inunum,
440 487 468 542 et
494 477 710 542 Uolurnbanurn
730 478 865 543 ahman
886 479 921 542 in
942 477 1078 542 sanas
1092 479 1270 571 putenam,

112 557 155 642 83
166 564 249 627 nibil
261 563 433 648 &sanare
447 587 467 628 a
484 563 676 628 Brittonibus
695 565 730 628 in
750 587 851 628 aaran
865 563 1083 629 samaram
1096 564 1270 643 didicimus.

166 651 255 712 Nam
268 651 422 734 Daqanus
433 649 586 734 spiscopus
603 649 647 713 ad
665 671 718 714 nos
737 651 866 728 omum,
880 671 940 713 non
958 650 1052 713 wlcan
1066 647 1163 712 abun
1176 649 1271 715 nobie

165 756 243 812 curn,
268 735 320 798 sed
339 757 393 799 nec
413 736 447 798 bn
469 735 568 800 adens
589 735 715 820 tonna
736 757 794 820 quo
815 734 1009 810 vescebamur,
1031 755 1145 798 sumne
1166 735 1269 801 uoluit.

168 819 264 886 Misit
278 820 363 884 idem
379 820 573 885 Laurentius
588 843 659 885 cum
673 820 867 906 coepiscopis
882 821 956 897 suis,
972 819 1071 884 etiam
1086 819 1271 885 Brittonum

166 906 387 970 sacerdotibus
400 905 511 970 literas
522 929 581 970 suo
591 907 705 992 gradui
717 905 899 990 condignas,
910 906 1023 991 quibus
1035 927 1089 969 cos
1101 906 1134 968 in
1145 905 1270 971 unitate
1303 920 1308 930 '

140 991 324 1056 ssarholiss
338 991 526 1057 continuare
541 992 686 1078 rsatagit.
728 992 792 1056 Sed
808 998 962 1075 quantum
976 992 1045 1055 haec
1059 991 1184 1076 agendo
1198 1014 1270 1076 pro-
1356 999 1360 1005 '

163 1077 287 1154 lecerit,
303 1077 407 1142 adhuc
421 1077 594 1161 praesentia
608 1085 754 1162 tempora
768 1078 943 1142 declarant.
969 1098 976 1108 “

204 1162 266 1226 His
277 1163 473 1246 temporibus
484 1163 572 1226 venit
585 1163 737 1238 Mellitus,
749 1163 925 1226 Lundoniae
936 1161 1110 1246 episcopus,
1123 1162 1268 1239 Romam,
1279 1173 1394 1236 Synoaus

165 1249 206 1311 de
220 1247 405 1312 necessariis
420 1248 558 1312 ccclesiae
573 1249 770 1333 ⁸Anglorum
790 1271 862 1312 curn
881 1247 1056 1332 apostolico
1073 1269 1158 1331 papa
1174 1247 1269 1312 Boni·
1279 1237 1399 1288 musana.

164 1332 247 1400 facio
262 1339 470 1398 tractaturus.
509 1333 554 1399 Et
569 1356 641 1396 cum
655 1333 740 1398 idem
754 1356 839 1418 papa
853 1332 1126 1397 reverentissimus
1141 1342 1270 1419 cogeret
1295 1387 1299 1392 .

165 1416 321 1503 modum
336 1417 556 1505 episcoporum
571 1419 700 1496 tItaliea
718 1420 758 1484 de
772 1419 840 1484 vita
859 1419 1088 1483 monachorum
1108 1426 1143 1483 et
1163 1419 1270 1504 quiete

104 1599 109 1608 .
186 1555 501 1633 ‘lGullistaciteapncuria
514 1563 542 1604 ut
553 1555 669 1620 videtum)
684 1558 710 1615 S,
722 1571 795 1618 quem
813 1555 889 1604 secuti
906 1562 964 1603 sunt
978 1555 1014 1603 St.
1027 1562 1053 1602 et
1066 1555 1107 1603 Gr
1124 1557 1166 1603 sed
1181 1557 1270 1605 Galliis

170 1635 398 1750 lllbclrbitathlil
409 1637 662 1688 CodDuuelrueusis.
736 1639 851 1700 *sategit
860 1638 890 1686 V.
966 1639 1130 1699 sAnglorusn
1142 1642 1224 1688 ramis
1233 1640 1263 1689 V.

164 1806 335 1853 contraversis.
370 1807 482 1856 Eundem
495 1807 609 1864 arbitror,
621 1809 679 1855 dam
693 1807 768 1856 abbas
781 1812 876 1856 nutum
890 1813 962 1866 esset,
974 1805 1084 1866 regulam
1096 1820 1115 1852 s.
1128 1805 1218 1852 Molee
1229 1807 1268 1854 vel

165 1869 255 1930 Lugidi
265 1870 384 1932 Gregorio
396 1887 463 1933 papte
475 1872 601 1931 obtulisse,
613 1888 669 1920 nam
681 1873 746 1920 levia
758 1879 818 1919 sunt
827 1885 880 1932 quse
889 1871 1045 1931 objiciuntur.
1071 1869 1174 1930 Scripsit
1184 1870 1267 1931 ctiam,

165 1941 194 1980 ut
205 1933 293 1982 Baleus
304 1944 446 1994 auctorest,
461 1939 490 1984 ad
505 1937 672 1984 Brittaucrum
684 1937 799 1985 ecclesias
810 1935 900 1983 librum
911 1951 998 1993 uuum,
1010 1949 1082 1996 quem
1095 1933 1115 1980 si
1126 1934 1182 1995 quis
1192 1934 1269 1984 sidit-

164 2005 211 2058 set‚
222 1999 291 2058 plura
302 2008 328 2048 et
339 2001 443 2048 certiora
454 2003 484 2049 de
496 2002 601 2064 Dagano
612 2002 764 2050 haberemus.
777 2002 804 2048 S.

196 2074 236 2120 42.
251 2065 438 2129 columbanum]
462 2067 522 2114 Haec
533 2066 671 2127 praejudicia
683 2065 850 2113 Columbanus
861 2079 909 2112 nou
924 2064 1003 2112 solum
1016 2077 1058 2124 per
1071 2061 1214 2117 brittanias,
1226 2065 1267 2110 sed

163 2127 238 2173 etiam
250 2128 276 2174 in
289 2129 378 2177 Galliis
389 2131 496 2178 retinuit.
530 2131 585 2178 Ima
603 2137 628 2178 et
644 2130 757 2190 discipuli
769 2129 832 2190 ejus,
844 2137 970 2177 tonsuram
983 2127 1092 2188 aliosque
1103 2127 1165 2174 ritus
1177 2127 1267 2176 Hiber-

164 2191 234 2238 nicos
245 2193 368 2241 mordicus
379 2195 511 2243 tenebant*
545 2195 672 2242 Eustasius
689 2209 815 2242 successor
830 2194 856 2240 in
874 2191 1269 2252 mon.1.uxoviensi,lactumdc-

163 2255 251 2311 feudit,
262 2257 303 2304 sed
315 2259 428 2306 conscius
439 2259 548 2308 scandali
560 2259 693 2306 tollendum
706 2265 790 2319 postea
805 2258 934 2316 laboravit,
946 2269 972 2306 et
987 2256 1085 2316 regulas
1095 2271 1128 2302 ss.
1143 2256 1268 2306 Benedicti

163 2325 190 2366 et
200 2320 346 2369 Columbani
359 2323 389 2370 ad
402 2324 520 2371 unitatem
533 2326 646 2371 reducere
656 2329 759 2370 conatus
771 2331 816 2370 cst.
839 2323 916 2378 Nota,
929 2323 1005 2370 vitam
1018 2320 1164 2368 columbani
1175 2321 1266 2369 editam

163 2398 216 2432 esse
228 2385 301 2434 Basti.
315 2395 340 2434 et
352 2388 439 2435 Coton.
450 2388 514 2436 inter
525 2388 590 2448 Opp.
602 2388 674 2435 Bedae
683 2387 714 2435 T.
727 2387 773 2444 iit,
786 2387 843 2436 licet
854 2387 934 2434 Jonas
943 2386 1082 2435 Monachus
1090 2384 1219 2433 Bobieusis
1229 2399 1267 2434 se·

163 2448 243 2509 ipsum
256 2451 282 2497 in
295 2452 437 2512 praelatione
449 2460 572 2500 auctorem
585 2451 734 2513 profiteatur.
752 2454 777 2499 S.

195 2526 219 2573 4.
243 2514 298 2627 Sei}
315 2517 449 2581 quaestum]
476 2517 567 2567 Nescio
590 2517 654 2566 uude
675 2517 722 2565 hoc
742 2518 935 2577 interpretantur
955 2514 1053 2578 quidam
1076 2513 1102 2561 in
1126 2528 1266 2577 prosperam

164 2586 268 2638 partem.
300 2614 306 2627 .

197 2654 220 2705 5.
229 2647 364 2705 parensis
376 2646 497 2707 tempora]
512 2644 579 2704 Quid
591 2646 637 2693 hoc
649 2645 682 2693 sit
692 2651 790 2693 consmt
801 2660 832 2693 ex
843 2646 874 2693 iis
883 2660 937 2706 qua
948 2644 1014 2690 dicta
1025 2651 1084 2691 sant
1094 2644 1167 2702 iutra,
1177 2658 1216 2691 no.
1226 2658 1267 2691 ue-

163 2721 211 2768 que
221 2710 292 2756 bodie
301 2712 377 2757 neoris
388 2713 421 2757 sit
432 2710 663 2771 Brittanumfidem
674 2712 868 2771 religionemque
877 2711 1019 2770 Anglorum
1026 2710 1157 2769 pronihilo
1166 2709 1265 2765 natm,

163 2786 241 2833 neque
260 2775 286 2820 in
302 2776 385 2837 aliquo
402 2777 437 2821 eis
453 2777 536 2835 magis
552 2776 735 2823 rommrrnicare
750 2789 827 2835 qaam
838 2776 957 2837 paganis.
984 2773 1058 2819 Plura
1074 2772 1148 2819 etiam
1166 2779 1191 2819 et
1208 2787 1265 2833 gra·

162 2836 233 2883 viora
255 2837 401 2885 Aldhelmus
425 2838 500 2886 abbas
523 2840 574 2887 sie:
608 2839 684 2887 Ultra
707 2838 822 2885 Sabrina
839 2839 958 2901 fluminis
974 2837 1074 2897 fretum
1097 2835 1265 2884 Demetarum

162 2902 299 2949 sacerdotes
315 2904 345 2949 rle
357 2904 460 2964 priuata
473 2906 577 2965 propria
591 2901 723 2965 (proprim
735 2905 927 2950 sanunsntionia
936 2904 1060 2948 munditia
1071 2902 1209 2961 gloriantes
1219 2916 1264 2948 no·

161 2970 242 3016 stram
254 2969 447 3015 communionem
458 2983 607 3029 mugrsopere
617 2968 804 3026 abominaretur,
814 2970 842 3014 in
854 2973 962 3025 tantum,
973 2972 1003 3012 ut
1013 2981 1059 3012 nee
1069 2968 1096 3011 in
1107 2967 1210 3011 eeclesia
1220 2980 1264 3011 na.

162 3029 255 3076 bissum
265 3034 405 3078 cratunum
416 3030 499 3094 efficia
510 3034 642 3089 cebbrare,
654 3047 700 3079 nee
711 3033 746 3078 ad
756 3047 866 3078 mensam
881 3032 990 3077 ciborum
998 3030 1110 3091 serrula,
1118 3043 1166 3089 pro
1178 3032 1261 3075 cbari-

162 3095 223 3141 tatis
233 3097 330 3153 gratia,
340 3098 439 3157 pariter
445 3100 572 3158 percipere
583 3098 736 3157 dignentur:
755 3098 890 3157 quinimmo
901 3095 1054 3157 fragmenta
1060 3094 1226 3155 ferculorum,
1239 3101 1264 3141 ei

161 3160 281 3231 reliquias
297 3163 428 3221 epularwn
447 3164 576 3208 lurconum
592 3176 684 3208 canum
701 3160 806 3207 rictibus
821 3167 846 3207 et
862 3161 997 3207 immundis
1012 3158 1166 3205 devorandas
1179 3160 1264 3219 porcis

157 3224 304 3283 pumiciunt.
339 3225 446 3272 Vaseula
467 3233 603 3287 quoquest
619 3227 728 3287 plrialas,
746 3232 794 3271 aut
810 3227 937 3271 harenosis
952 3225 1080 3269 sablonum
1096 3223 1199 3281 glareis,
1217 3229 1267 3281 aut

156 3284 239 3347 fulvis
248 3287 400 3349 favillarum
413 3290 535 3336 cineribus
545 3291 669 3351 capiunda
681 3290 869 3352 purgandaque
881 3290 1040 3349 prampiunt.
1074 3287 1134 3333 Non
1145 3288 1263 3333 adalasia

157 3352 268 3413 purifica
275 3354 411 3413 metetur,
423 3368 472 3399 non
483 3356 591 3401 osculum
599 3357 648 3415 pia
653 3352 831 3415 fraternitatis
841 3350 957 3415 «assatur,
970 3355 1017 3400 dre.
1039 3351 1161 3399 aldhelm.
1171 3352 1202 3398 ad
1214 3351 1263 3397 Ge·

161 3414 271 3463 ruutlum
283 3432 375 3476 regem,
388 3417 413 3463 iu
426 3418 538 3465 Bonilac
552 3418 629 3479 Epist.
642 3418 702 3464 xliv.
715 3418 795 3465 Serar.

194 3478 219 3527 6.
231 3482 260 3527 rIe
270 3482 423 3542 neceuaris's]
444 3484 504 3543 Qum
515 3482 608 3529 luerint
624 3483 666 3528 illa
683 3482 820 3530 necessaria
832 3482 899 3528 Beda
914 3479 1042 3527 condicit.
1077 3479 1180 3540 Supplet
1196 3480 1261 3527 tunc

161 3542 280 3591 deiectam
298 3546 419 3592 Baronius
434 3560 449 3593 c
464 3546 568 3607 legenda
580 3562 599 3593 s.
613 3547 735 3603 Edwardi,
751 3548 791 3607 (de
802 3561 851 3607 qua
861 3546 917 3592 vide
929 3547 960 3591 G.
974 3542 1131 3591 Mutinense
1144 3545 1214 3591 Pout.
1227 3544 1261 3591 ll.

162 3607 207 3654 sub
219 3608 337 3671 initium)
349 3617 374 3657 et
387 3610 508 3661 Mellitum
522 3612 657 3671 proiectum
668 3611 720 3658 vult
731 3612 762 3657 ad
774 3610 951 3658 consulendum
960 3610 990 3655 de
1000 3608 1125 3655 validitate
1133 3622 1261 3655 consecra·

162 3672 237 3719 tionis
246 3675 353 3721 ecclesie
367 3675 635 3723 Wcstmonasteriensis
651 3690 694 3737 per
710 3690 800 3723 manus
814 3675 880 3735 Petri
897 3673 1012 3735 apostoli,
1023 3673 1049 3719 in
1065 3687 1114 3733 quo
1130 3673 1222 3733 paucis,
1235 3678 1262 3718 ut

162 3743 231 3797 puto,
243 3738 371 3786 satisfacit.
388 3740 414 3786 S.

196 3812 217 3861 7.
233 3802 270 3849 Et
280 3818 336 3851 curu
347 3804 423 3865 aem]
443 3804 564 3852 Fortuitus
576 3819 675 3865 prorsus
686 3804 782 3852 ridetur
792 3803 882 3851 Melliti
895 3804 1013 3850 adventus
1024 3800 1103 3861 quoad
1114 3800 1177 3846 huuc
1188 3813 1261 3861 syno-

161 3867 227 3913 dum.
250 3867 307 3915 Vitc
318 3868 392 3915 etiam
404 3867 519 3930 quiesque
531 3870 704 3917 monachorum
716 3871 746 3916 de
757 3870 846 3929 quibus
857 3868 989 3929 cogebatur
1000 3865 1108 3927 synodus
1120 3879 1168 3911 non
1182 3864 1261 3924 magis

160 3931 277 3991 tangebat
287 3932 458 3993 anglicanam,
469 3948 542 3994 quara
555 3934 628 3981 aliam
639 3933 775 3981 ecclesiam.
810 3934 858 3979 Sed
870 3947 925 3979 curm
941 3932 975 3977 ibi
991 3931 1120 3976 interesset
1136 3927 1258 3984 Mellitos,

159 3996 301 4055 suffragium
310 3997 385 4056 dedit,
394 4004 420 4043 et
430 3998 526 4046 decreta
535 3998 635 4045 domum
646 3999 738 4055 retulit,
749 4013 799 4044 una
808 4012 863 4044 cum
873 3996 951 4043 literis
960 3996 989 4041 ad
999 3993 1170 4045 Laurentium,
1180 3999 1205 4038 et
1215 3992 1259 4038 ΙΕ-

160 4058 313 4109 dilberctum.
337 4062 469 4109 Decretum
479 4062 565 4125 synodi
575 4069 600 4110 et
608 4063 692 4111 literas
701 4063 731 4109 ad
741 4062 919 4109 AEdilberctnm
926 4059 982 4105 vide
991 4058 1017 4104 in
1027 4058 1138 4118 append.
1148 4056 1181 4103 N.
1188 4055 1222 4102 xi.
1232 4057 1258 4103 S.

160 4124 210 4171 Hic
226 4140 287 4186 papa
303 4126 350 4173 luit
366 4126 507 4175 Bonifacius
519 4127 605 4185 lvtus,
616 4128 656 4188 qui
671 4127 734 4175 sedit
749 4126 780 4172 ab
794 4128 825 4173 Α.
832 4126 866 4172 D.
878 4123 935 4172 608.
947 4124 977 4170 ad
989 4121 1045 4183 615.
1081 4122 1138 4168 Pars
1149 4120 1259 4180 epistolis

159 4188 257 4248 eiusad
274 4190 453 4238 AEdilberctum
470 4193 542 4240 datur
556 4192 586 4239 ab
604 4192 717 4241 Eadmer.
734 4191 760 4237 in
780 4189 890 4248 Epistola
907 4187 1039 4235 Alexandri
1057 4186 1093 4242 ii.,
1111 4184 1175 4232 llist.
1194 4186 1257 4232 Nor.

159 4254 187 4299 ii.
199 4268 223 4313 p.
235 4268 276 4315 32,
287 4262 313 4301 et
323 4270 347 4301 v.
360 4270 382 4315 p.
395 4266 435 4317 95,
448 4255 544 4317 integra
555 4256 581 4303 iu
592 4256 648 4303 Gul.
661 4256 790 4303 Malmesb.
803 4254 870 4301 Gest.
884 4252 983 4299 Ponti.
996 4266 1018 4311 p.
1030 4250 1086 4307 208,
1098 4257 1124 4297 et
1137 4249 1163 4295 in
1177 4250 1258 4298 Mans.

160 4333 183 4379 p.
191 4329 236 4379 505
249 4336 255 4365 r
269 4333 311 4379 per
320 4334 374 4366 eam
382 4321 503 4368 concessit
513 4336 575 4381 papa
583 4320 634 4381 regi
643 4318 777 4380 postulanti
786 4318 908 4367 licentiam
920 4325 948 4365 ut
955 4322 1073 4363 statueret
1082 4314 1257 4362 habitationem

161 4383 334 4431 monachorum
340 4383 364 4429 in
371 4385 586 4446 monasterioquod
594 4384 773 4446 Augustinusin
782 4380 1259 4431 Dorovernensicirimteconsccraverat.

191 4446 215 4494 8.
233 4451 410 4495 monachorum
428 4449 519 4510 quiete]
543 4450 635 4497 Contra
654 4448 711 4497 illos
728 4449 770 4510 qui
791 4447 924 4495 monachos
941 4444 1075 4494 sacerdotis
1092 4443 1171 4490 officio
1188 4442 1258 4503 iungi

159 4526 230 4573 posse
247 4513 386 4573 negabant;
404 4513 445 4575 qui
458 4513 552 4562 scilicet
564 4514 712 4561 inonachicae
724 4512 885 4574 professionis
895 4511 1080 4573 impugnatores
1090 4507 1197 4556 decrevit
1208 4508 1258 4555 Bo·

680 4580 740 4639 aa
