3100 5125
521 288 739 357 nannenus
761 290 952 358 CAPITUM.
1257 288 1288 358 xi

188 432 254 499 XX.
278 434 318 499 Ut
333 435 466 501 defuncto
482 445 620 511 Honorio,
635 447 801 521 pontificatu
816 449 853 505 sit
870 448 985 505 functus
998 437 1172 512 Deusdeditt
1194 442 1286 521 etqui

228 523 258 579 in
284 532 412 598 tempore
439 526 487 583 illo
509 527 696 585 Orientalium
721 530 889 605 Anglorum,
913 528 960 604 qui
984 527 1135 584 Hrofensis
1159 528 1286 585 ecclesias

228 603 333 661 fuerint
347 605 496 663 antistites.
521 627 550 682 p.
566 624 631 682 151.

188 693 269 757 XXI.
292 702 333 758 Ut
360 702 504 777 provincia
530 704 806 763 Mediterransorum
833 706 991 782 auglorum
1017 703 1070 762 sub
1096 715 1164 780 rege
1192 703 1286 763 Peada

229 782 392 839 Christiana
405 784 442 841 sit
455 784 540 842 facta.-
564 806 593 861 p.
609 804 676 861 152.

187 871 285 937 XXII.
306 880 344 937 Ut
366 876 526 939 Orientales
548 884 675 941 Saxones
695 877 781 941 fidem
803 896 887 957 quam
908 877 1015 939 dudum
1036 880 1206 957 abjecerant,
1231 883 1284 940 sub

227 975 296 1035 rege
310 961 470 1036 Sigbercta
485 964 657 1038 praedicante
667 964 768 1022 Ceddo
781 964 948 1039 receperint.
970 982 998 1037 p.
1015 982 1024 1019 1
1032 980 1080 1040 54.

186 1056 301 1115 XXIII.
322 1058 364 1117 Ut
383 1059 459 1118 idem
480 1061 723 1136 episcopus·Cedd
742 1061 837 1118 locum
859 1060 1023 1118 monasterii
1043 1061 1226 1117 construendi
1246 1062 1284 1117 ab

226 1138 388 1197 Oidilvaldo
407 1154 476 1217 rege
497 1142 646 1216 accipiens,
661 1142 835 1199 orationibus
855 1160 889 1198 ao
906 1141 1022 1217 Jejuniis
1036 1141 1161 1197 Domino
1180 1159 1281 1199 conse·

227 1222 364 1287 oraverits
386 1230 416 1279 et
429 1222 465 1279 de
479 1224 559 1280 obitu
571 1222 668 1298 ipsius.
692 1243 720 1298 p.
737 1223 803 1297 156.

186 1310 296 1373 XXIV.
317 1316 358 1374 Ut
377 1318 522 1392 provincia
539 1316 723 1383 Marciorum,
743 1318 837 1374 occiso
858 1336 926 1392 rege
948 1317 1052 1381 Penda,
1073 1317 1160 1373 fidem
1174 1316 1283 1374 Christi

226 1398 397 1472 susceperitr
419 1407 448 1455 et
461 1398 554 1457 Osuiu
566 1419 619 1474 pro
633 1400 735 1474 adepta
748 1398 876 1462 victoria,
887 1398 1082 1473 possessiones
1096 1407 1126 1455 11
1139 1397 1283 1455 1111111111

226 1477 262 1534 ad
275 1480 466 1536 construenda
479 1481 651 1538 monasteria
662 1479 781 1537 dederit.
805 1499 831 1553 p.
851 1480 914 1553 158.

185 1567 283 1631 XXV.
304 1575 345 1632 Ut
358 1576 478 1651 quaestio
492 1576 529 1633 sit
544 1584 622 1633 mota
640 1577 675 1633 de
691 1586 820 1650 tempora
835 1576 958 1649 paschae,
972 1575 1108 1631 adversus
1121 1593 1170 1631 eos
1184 1576 1232 1649 qui
1247 1576 1283 1633 de

226 1656 334 1713 Scottis
346 1665 492 1713 venerant.
513 1677 542 1732 p.
560 1658 625 1715 161.

185 1745 296 1808 XXVI.
316 1750 358 1810 Ut
372 1752 493 1811 Colman
507 1754 599 1813 victus
617 1754 732 1810 domum
753 1752 885 1817 redierit;
909 1758 939 1807 et
950 1750 1032 1808 'l'uds
1046 1762 1098 1824 pro
1111 1750 1160 1806 illo
1174 1754 1282 1825 episco-

225 1840 292 1907 patu
307 1832 345 1890 sit
356 1834 487 1891 1111111111
510 1836 654 1910 qualisque
668 1834 722 1890 illis
737 1833 900 1890 doctoribus
916 1832 1001 1888 fuerit
1019 1832 1133 1889 habitus
1147 1833 1281 1891 ecclesiae.

224 1931 253 1986 p.
270 1914 335 1988 167.

184 2001 309 2067 XXVII.
333 2011 374 2067 Ut
387 2012 539 2086 Ecgberct.
561 2012 605 2069 vir
626 2020 740 2068 sanctus
762 2011 1281 2086 11111111111111113111111,1111111111ἢ

223 2108 285 2146 cam
296 2090 326 2148 in
341 2091 480 2149 Hibernia
492 2094 581 2149 vitam
595 2092 713 2149 duxerit.
737 2112 766 2167 p.
783 2092 850 2164 169.

183 2180 328 2245 XXVIII.
351 2188 392 2245 Ut
413 2188 547 2246 defuncto
561 2188 651 2256 Tude,
667 2188 769 2245 Vilfrid
789 2188 818 2245 in
840 2188 942 2257 Gallia,
963 2189 1080 2247 Ceadda
1099 2191 1175 2265 apud
1196 2190 1280 2247 Occi*

212 2268 351 2349 1111111111
372 2270 509 2334 Saxones,
531 2269 561 2325 in
582 2269 727 2344 provincia
748 2269 1055 2345 Nordanhymbrorum
1080 2271 1138 2329 sint
1160 2272 1282 2328 ordinati

221 2349 356 2425 episcopi.
381 2368 411 2426 p.
428 2362 493 2425 171.

182 2440 296 2504 XXIX.
318 2446 360 2505 Ut
374 2448 538 2521 vighardus
559 2448 707 2523 presbyter
721 2446 895 2505 ordInandus
908 2448 937 2504 in
952 2448 1205 2523 archiepiscopum,
1221 2448 1279 2503 Ro-

223 2545 298 2586 mam
319 2529 355 2586 de
375 2529 515 2586 Brittania
536 2528 572 2586 sit
593 2528 712 2585 missust
743 2547 826 2603 quem
851 2528 969 2587 remissa
987 2548 1054 2586 mor
1075 2530 1181 2604 scripta
1199 2547 1279 2604 papa

223 2610 379 2684 apostolici
394 2611 499 2668 ibidem
514 2611 616 2667 obiisse
632 2610 816 2687 narraverint.
841 2630 871 2685 p.
887 2627 951 2682 174.

182 2698 278 2763 XXX.
301 2705 343 2765 Ut
356 2707 517 2766 Orientales
539 2707 666 2764 Saxones
687 2716 817 2780 tempore
837 2706 1017 2762 mortalitatis
1036 2706 1073 2762 ad
1091 2706 1279 2762 idololatriam

223 2787 337 2852 reversi,
352 2788 403 2844 sed
417 2807 468 2862 per
480 2788 644 2844 instantiam
659 2786 826 2842 Jarumanni
839 2785 964 2860 episcopi
981 2805 1049 2842 mox
1063 2786 1120 2842 sint
1133 2787 1169 2842 ab
1183 2805 1279 2843 errore

223 2867 352 2924 correcti.
374 2886 402 2941 p.
419 2866 484 2941 176.

619 3081 756 3152 LIBER
780 3081 840 3150 IV.

181 3238 206 3302 l.
226 3237 267 3302 Ut
287 3239 421 3304 defuncto
443 3245 610 3326 Densdedit.
628 3247 756 3322 Vighard
780 3247 816 3302 ud
841 3247 1051 3321 suscipiendum
1071 3248 1275 3324 episcopatum,

221 3327 341 3384 Romam
362 3327 400 3384 sit
419 3327 539 3383 missus:
564 3328 614 3384 sed
634 3327 683 3383 illo
704 3327 808 3383 ibidem
830 3327 973 3394 defuncto,
994 3329 1161 3386 Theodorus
1182 3332 1273 3387 archi-

219 3401 540 3563 pppscpprppprdinatus,
556 3415 663 3464 etcum
681 3408 826 3464 Hadriano
845 3408 946 3465 abbate
967 3410 1003 3466 sit
1018 3409 1188 3466 Brittaniam
1209 3413 1275 3470 mis-¹

179 3585 219 3641 II.
241 3585 283 3643 Ut
295 3581 446 3642 Theodoro
465 3593 567 3642 cuncta
587 3593 765 3660 peragrante,
783 3584 942 3659 Auglorum
957 3586 1082 3642 ecclesias
1096 3606 1160 3643 cum
1175 3590 1274 3645 catho-

217 3665 272 3724 1111
285 3667 413 3730 veritate,
427 3664 572 3722 literarum
587 3684 697 3740 qnoque
717 3674 876 3720 sanctarum
898 3666 1036 3740 coeperint
1054 3669 1154 3724 studiis
1169 3668 1273 3726 imbui:

218 3755 247 3805 et
268 3756 299 3884 1181
320 3745 405 3804 Putta
425 3765 477 3821 pro
498 3745 637 3803 Damiano
662 3745 810 3802 Hrofensis
832 3745 957 3802 ecclesiae
977 3745 1013 3802 sit
1034 3746 1126 3805 factus
1146 3749 1273 3807 antistes.

218 3847 246 3904 p.
262 3847 273 3885 1
304 3847 326 3884 r.

177 3920 234 3983 ΙΙΙ.
254 3926 296 3983 Ut
310 3923 435 3989 Geadda,
450 3923 485 3980 de
507 3941 563 3997 quo
582 3941 668 3997 supra
686 3917 794 3979 dictum
811 3931 863 3986 est,
879 3922 1032 3996 provincia
1047 3925 1220 3982 Marciorum
1237 3929 1275 3984 sit

217 4007 366 4085 episcopus
380 4006 480 4070 detnsa
502 4013 531 4061 11
544 4003 580 4060 (11
594 4004 652 4060 vita
665 4013 693 4060 et
709 4005 743 4059 de
758 4004 837 4060 obitu
852 4011 882 4060 11
896 4004 1041 4077 sepultura
1054 4007 1125 4080 ejus.
1148 4026 1177 4082 p.
1196 4009 1259 4082 183.

176 4101 231 4162 IV.
256 4105 298 4163 Ut
322 4105 443 4163 Colman
471 4103 631 4178 episcopus,
660 4103 759 4159 relicta
788 4097 938 4165 Brittania,
964 4104 1020 4159 duo
1048 4106 1219 4162 monasteria
1245 4106 1272 4163 in

218 4187 337 4250 Scottis,
362 4203 450 4242 unum
477 4183 590 4246 Scottis,
614 4184 734 4241 alterum
755 4183 867 4256 Anglis,
890 4200 961 4257 quos
986 4200 1082 4240 secum
1105 4187 1271 4253 adduxerat,

216 4267 322 4324 fecerit.
345 4287 373 4342 p.
392 4266 455 4339 187.

177 4361 211 4419 V.
232 4362 276 4419 De
300 4371 391 4420 morte
412 4363 503 4421 Osuiu
528 4373 557 4420 et
580 4361 733 4439 Bcgbercti
756 4379 874 4435 regum;
902 4363 988 4419 etde
1010 4364 1119 4438 synodo
1139 4365 1216 4421 facta
1236 4366 1273 4420 ad

214 4443 308 4499 locum
343 4443 526 4509 Herutforda,
554 4445 599 4508 cui
634 4441 804 4518 praesidebat
838 4443 1066 4519 archiepiscopus
1093 4444 1270 4503 Theodorus.

215 4543 243 4598 p.
259 4522 325 4598 189.
