3100 5125
395 326 397 329 ·
478 326 643 399 cunels
667 325 938 427 suetonum
1191 330 1254 394 9201

159 480 262 559 Hrofi,
278 480 311 546 in
329 504 393 566 que
413 491 485 548 erat
501 485 603 549 Puttc
620 485 795 570 episcopus,
812 483 954 568 quamvis
975 505 1014 547 eo
1036 489 1179 567 tempore
1201 484 1256 547 ab
1266 503 1344 550 Pulsa
1354 507 1392 564 ep

158 588 239 644 sens,
265 569 423 632 communi
452 571 541 634 clade
570 571 757 654 absumpsit.
813 569 907 650 Quod
934 569 985 633 ille
1011 568 1065 631 nbi
1091 569 1256 653 comperit,
1265 581 1392 650 ‘toessutg

157 653 321 716 ecclesiam
334 653 480 720 videlicet
502 679 591 719 suam
613 656 708 720 rebus
730 655 846 719 ablatis
861 655 1006 718 omnibus
1021 654 1256 738 depopulatam,

158 737 288 803 divertit
309 740 351 805 ad
370 741 554 805 Sexuulfum
578 741 771 805 Merciorum
794 740 982 818 antistitem,
1006 746 1039 802 et
1060 746 1192 823 accepta
1215 740 1256 804 ab

158 844 196 886 eo
210 825 406 909 possessione
421 826 560 892 ecclesiae
576 828 740 912 cujusdam
754 832 788 890 et
802 826 894 912 agelli
909 848 972 888 non
986 825 1125 910 grandis,
1140 825 1257 889 ibidem

116 907 190 975 eoin
215 932 294 994 pace
310 910 410 974 vitem
432 911 543 990 finivit,
564 913 607 975 nil
629 913 757 976 omnino
780 913 820 975 de
839 911 1049 974 restaurando
1073 910 1256 995 episcopatu

158 1017 216 1058 suo
237 1017 354 1081 egens:
378 997 452 1081 qnia
473 998 555 1062 sicut
578 1021 673 1082 supra
696 997 841 1072 diximus,
860 996 961 1082 magis
983 996 1017 1058 in
1038 995 1256 1061 ecclesiasticis

158 1101 254 1164 quam
275 1081 308 1142 in
330 1083 499 1146 mundanis
520 1086 616 1147 rebus
637 1091 708 1147 erat
730 1082 923 1156 industrius,
949 1083 1005 1145 sed
1026 1082 1059 1144 in
1081 1081 1135 1144 illa
1155 1083 1256 1145 solum

157 1167 289 1230 ecclesia
315 1167 385 1231 Deo
410 1168 579 1245 l‘serviens
610 1170 799 1252 ubicumque
814 1169 1011 1254 ¹rogabatur,
1042 1167 1084 1231 ad
1114 1167 1256 1232 docenda

84 1250 310 1336 155¹eoclesiae
332 1252 473 1318 cantiina
490 1254 659 1319 divertens.
704 1255 770 1317 Pro
786 1275 848 1338 quo
864 1254 1049 1318 Theodorus
1071 1251 1104 1314 in
1126 1253 1255 1318 civitate

157 1337 252 1400 Hrofi
268 1338 484 1403 Onichelmum
499 1340 693 1404 consecravit
709 1339 900 1424 episcopum.
946 1339 1009 1402 Sed
1032 1337 1085 1400 illo
1103 1346 1177 1422 post
1191 1362 1255 1402 non
1263 1350 1378 1412 Quietu-

155 1423 291 1487 multum
305 1425 466 1508 temporis,
482 1448 548 1510 prae
563 1425 670 1510 inopia
684 1447 800 1501 rerum,
816 1427 858 1488 ab
873 1425 1057 1508 episcopatu
1073 1424 1253 1501 decedente,
1265 1430 1364 1528 'affigi‘

155 1514 254 1593 atque
274 1509 317 1572 ad
337 1510 401 1573 alia
421 1510 491 1574 loca
513 1512 689 1587 secedente,
707 1511 930 1574 Gebmundum
951 1531 1009 1594 pro
1030 1531 1067 1572 eo
1089 1511 1255 1574 substituit
1264 1545 1389 1593 cetmon-

155 1593 343 1658 antistitem.
1263 1611 1317 1657 tius

199 1679 296 1743 Anno
320 1679 493 1744 Dominicae
519 1681 746 1745 incarnationis
769 1682 997 1744 sexcentesimo
1023 1681 1254 1766 septuagesimo
1280 1694 1382 1753 supet

133 1771 304 1842 ecoctam,
321 1765 374 1850 qui
393 1772 444 1828 est
465 1783 566 1829 annus
588 1759 718 1852 imperii‘
732 1767 816 1852 regis
832 1767 973 1852 Ecgi'ridi
996 1775 1135 1843 ootavns,
1158 1789 1254 1865 appa
1265 1759 1292 1802 A.
1304 1756 1399 1818 ¹2⁶7&

154 1849 221 1913 ruit
245 1873 352 1914 mense
378 1851 528 1936 Angusto
558 1853 649 1916 stella
679 1875 749 1937 quse
776 1853 892 1916 dicitur
915 1861 1060 1926 comete;
1095 1859 1128 1915 et
1151 1853 1255 1916 tr1bus
1264 1839 1373 1886 ⁰⁰⁰3*

155 1936 315 1998 mensibus
337 1959 534 2022 permanens,
550 1939 716 2001 matutinis
737 1939 824 2001 horis
844 1937 1016 2014 oriebatur,
1031 1938 1187 2002 excelsam
1205 1960 1254 2002 ra

158 2019 276 2084 diantis
289 2022 425 2086 flammae
441 2023 530 2106 quasi
550 2025 728 2087 columnam
747 2025 927 2109 praeferens.
972 2023 1042 2104 Quo
1060 2024 1157 2087 etiam
1171 2045 1255 2087 anno

155 2113 228 2170 orta
243 2106 327 2170 inter
341 2105 444 2191 ipsum
455 2129 562 2193 regem
573 2109 767 2194 Eogiridnm,
784 2116 818 2173 et
831 2109 1117 2172 reverentissimum
1131 2109 1256 2172 antisti—

155 2197 222 2255 tem
239 2192 410 2257 Vilfridum
425 2193 627 2271 dissensione,
644 2195 751 2279 pulsus
766 2202 816 2259 est
830 2195 915 2258 idem
934 2195 1068 2258 antistes
1083 2218 1103 2258 a
1119 2196 1193 2258 sede
1208 2195 1256 2258 sni
1266 2208 1385 2256 vilfridus

155 2276 365 2362 episcopatus,
381 2285 415 2342 et
430 2279 493 2342 duo
509 2280 541 2342 in
557 2281 659 2343 locum
673 2282 742 2365 ejus
757 2279 924 2344 substituti
943 2279 1088 2365 episcopi,
1106 2279 1159 2364 qui
1175 2280 1205 2344 N
1207 2303 1255 2342 or·
1264 2273 1357 2335 P¹¹¹⁵⁰³·

220 2407 419 2470 hereticosque
430 2408 491 2455 V.G.
583 2407 762 2457 ¹ecclesiostica
774 2410 805 2457 V.
898 2411 1035 2470 *seponto
1058 2423 1121 2455 nono
1133 2409 1165 2456 V.

155 2518 262 2567 dentslis
271 2519 444 2571 Merciaedicta
452 2523 648 2580 Westsnbecsni‚
657 2523 702 2570 snb
711 2521 814 2585 imperio
824 2522 870 2570 fuit
878 2520 1029 2579 Mereweldi,
1041 2519 1093 2581 (qui
1105 2521 1179 2568 etism
1193 2519 1256 2569 eiius

120 2626 125 2635 ,
156 2584 223 2631 filius
240 2584 289 2633 tuit
304 2586 401 2644 Pendet,
414 2588 489 2635 freter
501 2582 595 2642 Pesdre,
607 2585 714 2645 Vulferi,
730 2596 756 2635 et
770 2586 913 2648 AEdilredi‚)
928 2586 997 2647 cujus
1013 2601 1076 2633 uxor
1090 2586 1138 2632 tuit
1154 2587 1256 2633 Erineo-

156 2648 233 2761 Ιέιθιμ
243 2650 301 2761 ¹iilis
311 2650 455 2700 Ermeurodi
466 2653 590 2715 subreguli
604 2659 631 2700 et
646 2652 728 2701 fratris
740 2651 898 2701 Erconbercti
910 2652 974 2713 regis
985 2649 1086 2698 Gentis.
1121 2649 1178 2697 Vid.
1192 2651 1253 2699 Flor.

197 2728 243 2761 nee
271 2716 317 2762 its.

188 2790 230 2836 41.
241 2780 268 2825 in
277 2781 322 2827 itta
332 2782 411 2827 sotum
422 2780 536 2842 ecclesio}
555 2780 603 2828 Ubi
613 2790 705 2841 postes,
713 2796 769 2829 cum
780 2778 893 2841 parochis
902 2778 1087 2826 Hereiordensis
1096 2778 1147 2825 sire
1155 2779 1255 2825 Hecens

156 2842 291 2891 constituto
303 2851 349 2900 est,
362 2845 436 2893 Puttc
453 2846 546 2905 primns
561 2845 614 2906 εῇυε
631 2846 758 2906 episcopus
770 2847 849 2893 fectus
866 2852 910 2892 est.
944 2843 1006 2889 Eam
1019 2856 1077 2889 vom
1088 2843 1155 2889 Beda
1166 2844 1200 2890 ite
1212 2844 1254 2890 de-

156 2907 246 2969 signat
253 2910 339 2969 popula·
355 2911 398 2970 qui
414 2912 482 2955 ultra
495 2925 593 2957 omnem
605 2910 742 2958 Sutritram
754 2912 791 2957 ad
804 2910 947 2957 occidentem
958 2907 1082 2963 habitunt,
1094 2907 1166 2966 intra,
1180 2922 1202 2956 v.
1215 2922 1253 2966 23.

156 2973 232 3019 Sexta
249 2973 299 3021 lioec
315 2973 363 3020 init
379 2973 494 3034 parochis
510 2974 560 3020 iliis
571 2974 677 3034 quinque
695 2975 778 3021 additu
795 2974 819 3021 iu
836 2988 897 3033 quas
911 2970 1047 3019 divisaiuit
1059 2970 1161 3019 Messio.
1196 2973 1252 3020 Vici.

157 3036 223 3085 rior.
235 3036 293 3098 vig.
306 3053 330 3098 p.
342 3036 398 3093 684.
422 3038 478 3084 Gul.
493 3038 580 3085 Malui.
590 3039 657 3085 Gest.
671 3039 739 3085 Pont.
751 3038 784 3085 ir.
797 3053 820 3098 p.
833 3039 889 3098 285.

161 3138 164 3141 .
189 3114 213 3159 4.
225 3102 321 3163 octavo]
343 3102 467 3164 Antiquos
478 3103 599 3149 scribendi
616 3104 702 3149 modus
719 3102 823 3150 lectores
840 3104 923 3149 miuus
939 3100 1085 3149 exercitatos
1103 3098 1129 3146 iu
1146 3116 1253 3149 errorem

156 3164 263 3223 induxit,
276 3174 304 3213 ut
315 3166 446 3226 septimum
458 3181 597 3226 nonumque
610 3182 653 3226 pro
664 3174 751 3214 octavo
763 3168 874 3229 legerint.
892 3168 916 3213 S.

191 3241 213 3291 7.
227 3231 280 3284 Ouo
291 3232 367 3277 etiam
378 3229 456 3289 onoc]
478 3230 540 3277 Flos.
552 3231 606 3290 vig.
617 3231 692 3278 tradit
709 3232 759 3277 inec
770 3232 836 3278 facts
847 3230 922 3278 fuisse
935 3231 963 3277 A.
974 3230 1006 3277 D.
1014 3227 1078 3290 677;
1097 3230 1255 3289 quemadmo-

155 3294 307 3342 dometium
326 3295 437 3341 nonnulli
459 3294 514 3340 libri
531 3295 621 3342 hubent
636 3299 738 3357 septimo
755 3310 799 3357 pro
815 3302 900 3342 octavo
914 3295 939 3341 in
955 3294 1000 3340 boc
1014 3293 1084 3340 Bedae
1096 3293 1156 3341 loco.
1193 3295 1254 3342 Aliae

156 3357 215 3405 item
227 3358 336 3406 rationes
347 3360 452 3406 strodent
462 3358 596 3406 vilfridum
611 3374 640 3405 co
651 3374 717 3406 enno
733 3359 827 3420 pulsum
841 3360 915 3407 fuisse
927 3358 1091 3420 potiusquam
1106 3357 1134 3404 A.
1145 3359 1175 3406 D.
1188 3356 1254 3419 678,

155 3422 317 3484 Lsppeuberg
327 3429 398 3483 putet
408 3423 473 3469 bunc
485 3439 576 3469 ennom
594 3425 701 3472 indicare
717 3439 787 3483 posse
798 3432 894 3485 tempus
905 3421 1096 3470 consecrationis
1108 3423 1254 3471 successoris

156 3486 265 3534 Viliridi.
297 3487 355 3535 Vid.
369 3487 492 3548 Lappcub.
505 3504 528 3548 p.
538 3488 583 3548 183
597 3488 724 3550 (Thorpe,)
739 3496 765 3536 et
775 3489 917 3536 Stercuson.

187 3551 210 3598 8.
220 3554 308 3613 pulsus
318 3550 366 3611 est]
386 3553 491 3598 Causam
503 3554 607 3612 quereiae
618 3562 696 3599 ostam
709 3568 761 3600 esse
773 3569 787 3599 e
799 3554 884 3613 regina
897 3552 1064 3612 Ermeuburgs
1077 3552 1151 3598 tradit
1164 3552 1254 3599 Eddius

155 3615 207 3663 vis
217 3616 290 3663 wlfr.
303 3630 341 3674 ²4.
376 3616 423 3663 Sed
433 3625 487 3663 acts
496 3632 534 3663 tus
542 3625 580 3664 est
588 3632 643 3664 cerm
653 3632 773 3666 consensu
779 3616 901 3664 Theodori
912 3632 917 3661 :
935 3616 977 3677 qui
988 3615 1047 3662 illuc
1057 3615 1164 3672 veniens,
1172 3617 1253 3663 habito

155 3680 186 3727 de
203 3680 308 3727 Vilfrido
324 3680 425 3741 jndicio,
445 3696 501 3729 enm
519 3681 655 3737 damnarit,
675 3689 700 3728 et
716 3696 774 3728 mox
796 3680 933 3742 parochiam
951 3682 1005 3740 ejus
1023 3680 1088 3726 iuter
1108 3688 1157 3726 tres
1177 3696 1253 3725 noros

154 3746 281 3806 episcopos
292 3745 383 3792 divisit
401 3745 463 3792 ibid.
498 3746 619 3793 Credibile
630 3755 668 3794 est
678 3755 801 3793 erectorem
818 3745 843 3791 in
857 3745 971 3791 omnibus
987 3743 1061 3791 inisse
1078 3758 1158 3805 regem
1171 3746 1252 3805 Egiri-

155 3810 221 3856 dum.
256 3808 356 3856 Simeon
366 3810 442 3869 Dua,
454 3810 495 3870 qui
512 3810 561 3857 boec
578 3818 660 3870 aperte
671 3810 780 3871 exponit,
791 3817 816 3856 et
833 3817 954 3870 postcom
966 3808 1064 3863 Stubbs,
1077 3808 1120 3863 uit,
1133 3808 1183 3854 Sed
1192 3810 1252 3868 qaia

155 3888 203 3920 ret
209 3874 352 3935 pontificem
364 3875 394 3920 de
403 3888 450 3921 suu
461 3876 517 3921 sede
528 3881 623 3935 praenr
634 3889 776 3921 consensum
790 3874 912 3921 Theodosi
922 3872 1097 3932 archiepiscopi
1108 3873 1200 3931 pellere
1211 3888 1253 3919 nc-

154 3938 241 3999 quitos
252 3939 381 3984 mandavit
391 3939 570 3999 archiepiscopo
581 3945 610 3984 ut
620 3941 724 3995 adesset,
734 3940 779 3985 &o
805 3937 866 3984 Sim.
880 3938 945 3983 Duu.
959 3937 997 3983 De
1013 3935 1158 3996 Arcbiepisc.
1179 3936 1250 3984 Ebor.

155 4016 179 4062 p.
190 4002 227 4062 78.
243 4001 340 4049 Stubbe.
366 4004 420 4049 Act.
431 4002 503 4050 Pont.
512 4002 586 4049 Ebor.
595 4016 617 4061 p.
631 4001 699 4066 1691.
710 4002 832 4063 (Twysd.)
869 4002 1004 4047 Eutimerus
1015 4014 1073 4046 vero
1085 4000 1120 4046 its
1131 4015 1183 4047 rem
1196 4016 1252 4048 usr-

154 4074 194 4113 rst
210 4080 239 4112 sc
256 4065 276 4112 si
291 4066 376 4113 omnio
387 4066 488 4113 arbitrio
500 4074 525 4113 et
540 4074 601 4135 nutu
617 4068 693 4113 soiius
705 4064 878 4126 archiepiscopi
891 4074 959 4125 gesta
970 4071 1066 4111 essent:
1089 4079 1145 4111 nem
1158 4066 1187 4111 do
1197 4065 1252 4113 Vil-

154 4129 219 4176 frido
230 4130 325 4187 scribit,
340 4130 417 4177 Hunc
427 4137 502 4176 ettam
509 4132 663 4191 postmodum
674 4130 855 4189 emergentibus
866 4130 980 4192 querelis,
988 4142 1050 4191 quas
1062 4144 1253 4178 commemorare

154 4195 326 4254 longissimum
337 4200 382 4251 est,
397 4196 423 4241 in
435 4209 481 4240 sua
493 4196 593 4241 ecclesio
606 4194 724 4252 Eboraci,
737 4209 786 4239 nort
799 4196 877 4240 solum
889 4197 1027 4254 episcopatu
1035 4194 1148 4253 priuauit
1162 4194 1252 4254 [ibeo-

153 4257 253 4319 corun,
265 4260 380 4305 sedetis
390 4260 578 4328 tres-episcopos,
586 4259 665 4305 litera
676 4264 748 4304 uim
754 4264 885 4317 potestate,
896 4257 1029 4305 distribuit.
1058 4258 1164 4313 Deinde,
1176 4261 1254 4305 soluto

153 4323 645 4448 waffimbtfflttttt
652 4325 796 4434 ittet
804 4334 1180 4433 ilttttt‘ttttttt
1193 4338 1255 4435 3:222

153 4451 214 4506 tac,
227 4457 252 4496 et
262 4453 421 4512 antiquorum
431 4458 505 4509 gestu
515 4452 648 4497 scientibus
660 4450 849 4498 evidentissima.
876 4451 940 4498 ilist-
952 4450 1016 4498 Nov.
1028 4464 1048 4497 v.
1062 4465 1085 4511 p.
1095 4464 1134 4512 97.
1169 4452 1254 4515 Longe

153 4514 227 4561 aliter
237 4528 288 4561 rem
300 4523 385 4564 censet
396 4514 453 4562 Gul.
464 4515 592 4563 Melmesb.
605 4516 671 4564 Gcst.
684 4515 755 4561 Pont.
767 4512 802 4561 iii.
815 4529 837 4575 p.
850 4512 905 4562 262.

198 4600 296 4641 unos.
687 4600 707 4639 u
723 4577 744 4640 d
