<?xml version="1.0" encoding="UTF-8"?>
<!DOCTYPE html PUBLIC "-//W3C//DTD XHTML 1.0 Transitional//EN"
    "http://www.w3.org/TR/xhtml1/DTD/xhtml1-transitional.dtd">
<html xmlns="http://www.w3.org/1999/xhtml" xml:lang="en" lang="en">
 <head>
  <title>
</title>
<meta http-equiv="Content-Type" content="text/html;charset=utf-8" />
  <meta name='ocr-system' content='tesseract 3.04.00' />
  <meta name='ocr-capabilities' content='ocr_page ocr_carea ocr_par ocr_line ocrx_word'/>
</head>
<body>
  <div class='ocr_page' id='page_1' title='image "./historiaecclesi00hussgoog_0008.png"; bbox 0 0 3100 5125; ppageno 0'>
   <div class='ocr_carea' id='block_1_1' title="bbox 521 841 980 943">
    <p class='ocr_par' dir='ltr' id='par_1_1' title="bbox 521 841 980 943">
     <span class='ocr_line' id='line_1_1' title="bbox 521 841 980 943; baseline 0.013 -6"><span class='ocrx_word' id='word_1_1' title='bbox 521 841 980 943; x_wconf 85' lang='lat' dir='ltr'><strong>PRAEFATIO.</strong></span> 
     </span>
    </p>
   </div>
   <div class='ocr_carea' id='block_1_2' title="bbox 586 1120 914 1131">
    <p class='ocr_par' dir='ltr' id='par_1_2' title="bbox 586 1120 914 1131">
     <span class='ocr_line' id='line_1_2' title="bbox 586 1120 914 1131; baseline 0.003 -2"><span class='ocrx_word' id='word_1_2' title='bbox 586 1120 914 1131; x_wconf 51' lang='grc' dir='ltr'>*Ἢ</span> 
     </span>
    </p>
   </div>
   <div class='ocr_carea' id='block_1_3' title="bbox 276 1330 1301 1416">
    <p class='ocr_par' dir='ltr' id='par_1_3' title="bbox 276 1330 1301 1416">
     <span class='ocr_line' id='line_1_3' title="bbox 276 1330 1301 1416; baseline 0.003 -22"><span class='ocrx_word' id='word_1_3' title='bbox 276 1330 337 1394; x_wconf 90' lang='grc' dir='ltr'>ΟΝ</span> <span class='ocrx_word' id='word_1_4' title='bbox 339 1330 503 1395; x_wconf 88' lang='lat' dir='ltr'>SILIUM</span> <span class='ocrx_word' id='word_1_5' title='bbox 519 1332 613 1416; x_wconf 90' lang='lat' dir='ltr'>hujus</span> <span class='ocrx_word' id='word_1_6' title='bbox 624 1331 771 1396; x_wconf 72' lang='lat' dir='ltr'>editionis</span> <span class='ocrx_word' id='word_1_7' title='bbox 783 1330 889 1395; x_wconf 85' lang='lat' dir='ltr'>Baedae</span> <span class='ocrx_word' id='word_1_8' title='bbox 902 1330 1057 1395; x_wconf 86' lang='lat' dir='ltr'>Historiae</span> <span class='ocrx_word' id='word_1_9' title='bbox 1072 1330 1301 1397; x_wconf 83' lang='lat' dir='ltr'>Eeelesinstieae</span> 
     </span>
    </p>
   </div>
   <div class='ocr_carea' id='block_1_4' title="bbox 203 1416 1302 2529">
    <p class='ocr_par' dir='ltr' id='par_1_4' title="bbox 203 1416 1302 2529">
     <span class='ocr_line' id='line_1_4' title="bbox 296 1416 1301 1502; baseline 0.003 -23"><span class='ocrx_word' id='word_1_10' title='bbox 296 1416 366 1493; x_wconf 85' lang='lat' dir='ltr'>fuit,</span> <span class='ocrx_word' id='word_1_11' title='bbox 384 1423 421 1480; x_wconf 90' lang='lat' dir='ltr'>ut</span> <span class='ocrx_word' id='word_1_12' title='bbox 443 1416 559 1480; x_wconf 89' lang='lat' dir='ltr'>librum</span> <span class='ocrx_word' id='word_1_13' title='bbox 577 1416 687 1481; x_wconf 89' lang='lat' dir='ltr'>utilem</span> <span class='ocrx_word' id='word_1_14' title='bbox 708 1425 750 1489; x_wconf 90' lang='lat' dir='ltr'>et,</span> <span class='ocrx_word' id='word_1_15' title='bbox 771 1439 844 1481; x_wconf 88' lang='lat' dir='ltr'>oum</span> <span class='ocrx_word' id='word_1_16' title='bbox 862 1424 955 1481; x_wconf 88' lang='lat' dir='ltr'>textu</span> <span class='ocrx_word' id='word_1_17' title='bbox 976 1418 1084 1502; x_wconf 87' lang='lat' dir='ltr'>probae</span> <span class='ocrx_word' id='word_1_18' title='bbox 1106 1417 1190 1491; x_wconf 90' lang='lat' dir='ltr'>fidei,</span> <span class='ocrx_word' id='word_1_19' title='bbox 1232 1441 1301 1483; x_wconf 81' lang='lat' dir='ltr'>ern·</span> 
     </span>
     <span class='ocr_line' id='line_1_5' title="bbox 203 1442 1302 1587; baseline 0.004 -24"><span class='ocrx_word' id='word_1_20' title='bbox 203 1499 308 1577; x_wconf 88' lang='lat' dir='ltr'>bilem,</span> <span class='ocrx_word' id='word_1_21' title='bbox 330 1502 362 1565; x_wconf 93' lang='lat' dir='ltr'>in</span> <span class='ocrx_word' id='word_1_22' title='bbox 385 1502 560 1566; x_wconf 78' lang='lat' dir='ltr'>studiosam</span> <span class='ocrx_word' id='word_1_23' title='bbox 578 1503 779 1587; x_wconf 87' lang='lat' dir='ltr'>juventutem</span> <span class='ocrx_word' id='word_1_24' title='bbox 802 1502 985 1567; x_wconf 80' lang='lat' dir='ltr'>conferrem.</span> <span class='ocrx_word' id='word_1_25' title='bbox 1032 1502 1131 1582; x_wconf 76' lang='lat' dir='ltr'>Quem</span> <span class='ocrx_word' id='word_1_26' title='bbox 1154 1502 1187 1566; x_wconf 89' lang='lat' dir='ltr'>in</span> <span class='ocrx_word' id='word_1_27' title='bbox 1206 1442 1302 1567; x_wconf 67' lang='lat' dir='ltr'>duem</span> 
     </span>
     <span class='ocr_line' id='line_1_6' title="bbox 203 1586 1300 1672; baseline 0.003 -24"><span class='ocrx_word' id='word_1_28' title='bbox 203 1586 310 1649; x_wconf 83' lang='lat' dir='ltr'>eurnvi</span> <span class='ocrx_word' id='word_1_29' title='bbox 346 1586 499 1672; x_wconf 88' lang='lat' dir='ltr'>imprimis</span> <span class='ocrx_word' id='word_1_30' title='bbox 536 1588 779 1672; x_wconf 89' lang='lat' dir='ltr'>imprimendum</span> <span class='ocrx_word' id='word_1_31' title='bbox 814 1595 940 1652; x_wconf 84' lang='lat' dir='ltr'>textum</span> <span class='ocrx_word' id='word_1_32' title='bbox 979 1587 1126 1652; x_wconf 79' lang='lat' dir='ltr'>editionis</span> <span class='ocrx_word' id='word_1_33' title='bbox 1164 1589 1300 1667; x_wconf 78' lang='lat' dir='ltr'>Snrithii,</span> 
     </span>
     <span class='ocr_line' id='line_1_7' title="bbox 204 1671 1300 1759; baseline 0.002 -24"><span class='ocrx_word' id='word_1_34' title='bbox 204 1671 500 1759; x_wconf 68' lang='lat' dir='ltr'>Oanubng.1722,</span> <span class='ocrx_word' id='word_1_35' title='bbox 524 1672 721 1759; x_wconf 78' lang='lat' dir='ltr'>paucissimis</span> <span class='ocrx_word' id='word_1_36' title='bbox 743 1673 965 1738; x_wconf 80' lang='lat' dir='ltr'>tantummodo</span> <span class='ocrx_word' id='word_1_37' title='bbox 988 1673 1064 1737; x_wconf 89' lang='lat' dir='ltr'>loois</span> <span class='ocrx_word' id='word_1_38' title='bbox 1088 1673 1300 1753; x_wconf 81' lang='lat' dir='ltr'>immutatum,</span> 
     </span>
     <span class='ocr_line' id='line_1_8' title="bbox 204 1758 1302 1844; baseline 0.005 -25"><span class='ocrx_word' id='word_1_39' title='bbox 204 1778 275 1819; x_wconf 88' lang='lat' dir='ltr'>oum</span> <span class='ocrx_word' id='word_1_40' title='bbox 297 1758 430 1844; x_wconf 84' lang='lat' dir='ltr'>integris</span> <span class='ocrx_word' id='word_1_41' title='bbox 447 1760 574 1824; x_wconf 86' lang='lat' dir='ltr'>Smithii</span> <span class='ocrx_word' id='word_1_42' title='bbox 589 1759 683 1832; x_wconf 91' lang='lat' dir='ltr'>notis,</span> <span class='ocrx_word' id='word_1_43' title='bbox 700 1760 756 1823; x_wconf 89' lang='lat' dir='ltr'>sed</span> <span class='ocrx_word' id='word_1_44' title='bbox 770 1781 834 1822; x_wconf 94' lang='lat' dir='ltr'>non</span> <span class='ocrx_word' id='word_1_45' title='bbox 850 1758 1071 1844; x_wconf 78' lang='lat' dir='ltr'>Appendices3</span> <span class='ocrx_word' id='word_1_46' title='bbox 1098 1758 1188 1823; x_wconf 82' lang='lat' dir='ltr'>Alius</span> <span class='ocrx_word' id='word_1_47' title='bbox 1208 1766 1302 1824; x_wconf 83' lang='lat' dir='ltr'>notas</span> 
     </span>
     <span class='ocr_line' id='line_1_9' title="bbox 203 1842 1301 1931; baseline 0.004 -26"><span class='ocrx_word' id='word_1_48' title='bbox 203 1842 306 1927; x_wconf 80' lang='lat' dir='ltr'>adjeci</span> <span class='ocrx_word' id='word_1_49' title='bbox 326 1867 396 1928; x_wconf 87' lang='lat' dir='ltr'>quae</span> <span class='ocrx_word' id='word_1_50' title='bbox 417 1867 435 1907; x_wconf 94' lang='lat' dir='ltr'>e</span> <span class='ocrx_word' id='word_1_51' title='bbox 456 1867 491 1907; x_wconf 88' lang='lat' dir='ltr'>re</span> <span class='ocrx_word' id='word_1_52' title='bbox 512 1867 581 1909; x_wconf 89' lang='lat' dir='ltr'>esse</span> <span class='ocrx_word' id='word_1_53' title='bbox 596 1845 793 1922; x_wconf 81' lang='lat' dir='ltr'>videbantur,</span> <span class='ocrx_word' id='word_1_54' title='bbox 810 1852 967 1929; x_wconf 77' lang='lat' dir='ltr'>quatenus</span> <span class='ocrx_word' id='word_1_55' title='bbox 990 1844 1108 1909; x_wconf 88' lang='lat' dir='ltr'>sineret</span> <span class='ocrx_word' id='word_1_56' title='bbox 1130 1853 1301 1931; x_wconf 76' lang='lat' dir='ltr'>angustum</span> 
     </span>
     <span class='ocr_line' id='line_1_10' title="bbox 203 1929 1301 2017; baseline 0.004 -26"><span class='ocrx_word' id='word_1_57' title='bbox 203 1929 356 2012; x_wconf 90' lang='lat' dir='ltr'>temporis</span> <span class='ocrx_word' id='word_1_58' title='bbox 389 1930 537 2014; x_wconf 85' lang='lat' dir='ltr'>spatium,</span> <span class='ocrx_word' id='word_1_59' title='bbox 567 1930 653 1995; x_wconf 81' lang='lat' dir='ltr'>intra</span> <span class='ocrx_word' id='word_1_60' title='bbox 685 1930 769 2014; x_wconf 90' lang='lat' dir='ltr'>quod</span> <span class='ocrx_word' id='word_1_61' title='bbox 800 1929 1025 2015; x_wconf 77' lang='lat' dir='ltr'>exemplarium</span> <span class='ocrx_word' id='word_1_62' title='bbox 1058 1931 1190 2014; x_wconf 81' lang='lat' dir='ltr'>penurie</span> <span class='ocrx_word' id='word_1_63' title='bbox 1222 1954 1301 2017; x_wconf 92' lang='lat' dir='ltr'>opus</span> 
     </span>
     <span class='ocr_line' id='line_1_11' title="bbox 203 2016 591 2101; baseline 0.005 -23"><span class='ocrx_word' id='word_1_64' title='bbox 203 2016 419 2099; x_wconf 81' lang='lat' dir='ltr'>praestandum</span> <span class='ocrx_word' id='word_1_65' title='bbox 434 2016 591 2101; x_wconf 81' lang='lat' dir='ltr'>exigebat.</span> 
     </span>
     <span class='ocr_line' id='line_1_12' title="bbox 220 2100 1301 2186; baseline 0.004 -23"><span class='ocrx_word' id='word_1_66' title='bbox 220 2109 223 2112; x_wconf 83' lang='lat'>&#39;</span> <span class='ocrx_word' id='word_1_67' title='bbox 248 2100 329 2165; x_wconf 86' lang='lat' dir='ltr'>Haeo</span> <span class='ocrx_word' id='word_1_68' title='bbox 351 2102 383 2163; x_wconf 95' lang='lat' dir='ltr'>in</span> <span class='ocrx_word' id='word_1_69' title='bbox 405 2123 527 2165; x_wconf 89' lang='lat' dir='ltr'>summo</span> <span class='ocrx_word' id='word_1_70' title='bbox 546 2100 607 2166; x_wconf 86' lang='lat' dir='ltr'>fuit</span> <span class='ocrx_word' id='word_1_71' title='bbox 629 2100 769 2165; x_wconf 87' lang='lat' dir='ltr'>instituti</span> <span class='ocrx_word' id='word_1_72' title='bbox 791 2100 852 2165; x_wconf 91' lang='lat' dir='ltr'>mei</span> <span class='ocrx_word' id='word_1_73' title='bbox 875 2100 967 2165; x_wconf 79' lang='lat' dir='ltr'>ratio.</span> <span class='ocrx_word' id='word_1_74' title='bbox 1013 2100 1062 2165; x_wconf 90' lang='lat' dir='ltr'>De</span> <span class='ocrx_word' id='word_1_75' title='bbox 1083 2100 1213 2186; x_wconf 82' lang='lat' dir='ltr'>singulis</span> <span class='ocrx_word' id='word_1_76' title='bbox 1227 2124 1301 2167; x_wconf 89' lang='lat' dir='ltr'>vero</span> 
     </span>
     <span class='ocr_line' id='line_1_13' title="bbox 203 2185 1301 2269; baseline 0.004 -22"><span class='ocrx_word' id='word_1_77' title='bbox 203 2185 294 2269; x_wconf 83' lang='lat' dir='ltr'>plura</span> <span class='ocrx_word' id='word_1_78' title='bbox 316 2193 391 2251; x_wconf 89' lang='lat' dir='ltr'>sunt</span> <span class='ocrx_word' id='word_1_79' title='bbox 411 2186 553 2251; x_wconf 86' lang='lat' dir='ltr'>dioenda.</span> <span class='ocrx_word' id='word_1_80' title='bbox 599 2188 721 2250; x_wconf 85' lang='lat' dir='ltr'>Textus</span> <span class='ocrx_word' id='word_1_81' title='bbox 737 2186 890 2251; x_wconf 88' lang='lat' dir='ltr'>Historiae</span> <span class='ocrx_word' id='word_1_82' title='bbox 906 2186 1138 2251; x_wconf 78' lang='lat' dir='ltr'>Ecclesiastioae</span> <span class='ocrx_word' id='word_1_83' title='bbox 1154 2186 1301 2251; x_wconf 87' lang='lat' dir='ltr'>editionis</span> 
     </span>
     <span class='ocr_line' id='line_1_14' title="bbox 205 2270 1302 2357; baseline 0.004 -24"><span class='ocrx_word' id='word_1_84' title='bbox 205 2270 331 2335; x_wconf 87' lang='lat' dir='ltr'>Smithii</span> <span class='ocrx_word' id='word_1_85' title='bbox 355 2273 539 2357; x_wconf 87' lang='lat' dir='ltr'>desumptus</span> <span class='ocrx_word' id='word_1_86' title='bbox 563 2280 612 2336; x_wconf 88' lang='lat' dir='ltr'>est</span> <span class='ocrx_word' id='word_1_87' title='bbox 636 2295 653 2336; x_wconf 93' lang='lat' dir='ltr'>e</span> <span class='ocrx_word' id='word_1_88' title='bbox 676 2271 783 2335; x_wconf 83' lang='lat' dir='ltr'>oodiee</span> <span class='ocrx_word' id='word_1_89' title='bbox 800 2272 895 2350; x_wconf 94' lang='lat' dir='ltr'>Mori,</span> <span class='ocrx_word' id='word_1_90' title='bbox 911 2273 1001 2356; x_wconf 85' lang='lat' dir='ltr'>eujus</span> <span class='ocrx_word' id='word_1_91' title='bbox 1023 2272 1243 2356; x_wconf 81' lang='lat' dir='ltr'>praestantiem</span> <span class='ocrx_word' id='word_1_92' title='bbox 1265 2280 1302 2351; x_wconf 90' lang='lat' dir='ltr'>ut</span> 
     </span>
     <span class='ocr_line' id='line_1_15' title="bbox 203 2356 1302 2442; baseline 0.005 -25"><span class='ocrx_word' id='word_1_93' title='bbox 203 2356 314 2421; x_wconf 88' lang='lat' dir='ltr'>leotori</span> <span class='ocrx_word' id='word_1_94' title='bbox 329 2365 440 2422; x_wconf 91' lang='lat' dir='ltr'>notum</span> <span class='ocrx_word' id='word_1_95' title='bbox 454 2358 577 2435; x_wconf 77' lang='lat' dir='ltr'>faniam,</span> <span class='ocrx_word' id='word_1_96' title='bbox 593 2379 698 2442; x_wconf 89' lang='lat' dir='ltr'>operae</span> <span class='ocrx_word' id='word_1_97' title='bbox 716 2358 853 2441; x_wconf 89' lang='lat' dir='ltr'>pretium</span> <span class='ocrx_word' id='word_1_98' title='bbox 869 2358 931 2422; x_wconf 89' lang='lat' dir='ltr'>erit</span> <span class='ocrx_word' id='word_1_99' title='bbox 949 2358 1047 2441; x_wconf 92' lang='lat' dir='ltr'>ipsius</span> <span class='ocrx_word' id='word_1_100' title='bbox 1063 2357 1190 2422; x_wconf 86' lang='lat' dir='ltr'>Smithii</span> <span class='ocrx_word' id='word_1_101' title='bbox 1205 2360 1302 2423; x_wconf 84' lang='lat' dir='ltr'>verbe</span> 
     </span>
     <span class='ocr_line' id='line_1_16' title="bbox 203 2442 1005 2529; baseline 0.004 -25"><span class='ocrx_word' id='word_1_102' title='bbox 203 2442 312 2519; x_wconf 84' lang='lat' dir='ltr'>oitnre,</span> <span class='ocrx_word' id='word_1_103' title='bbox 329 2444 382 2528; x_wconf 93' lang='lat' dir='ltr'>qui</span> <span class='ocrx_word' id='word_1_104' title='bbox 399 2444 431 2505; x_wconf 96' lang='lat' dir='ltr'>in</span> <span class='ocrx_word' id='word_1_105' title='bbox 447 2444 634 2529; x_wconf 81' lang='lat' dir='ltr'>praefntione</span> <span class='ocrx_word' id='word_1_106' title='bbox 649 2466 707 2507; x_wconf 79' lang='lat' dir='ltr'>sue</span> <span class='ocrx_word' id='word_1_107' title='bbox 722 2442 769 2507; x_wconf 76' lang='lat' dir='ltr'>ita</span> <span class='ocrx_word' id='word_1_108' title='bbox 784 2465 852 2507; x_wconf 87' lang='lat' dir='ltr'>rem</span> <span class='ocrx_word' id='word_1_109' title='bbox 866 2443 1005 2527; x_wconf 89' lang='lat' dir='ltr'>exponit.</span> 
     </span>
    </p>
   </div>
   <div class='ocr_carea' id='block_1_5' title="bbox 204 2581 1301 3258">
    <p class='ocr_par' dir='ltr' id='par_1_5' title="bbox 204 2581 1301 3258">
     <span class='ocr_line' id='line_1_17' title="bbox 256 2581 1301 2666; baseline 0 -20"><span class='ocrx_word' id='word_1_110' title='bbox 256 2590 275 2618; x_wconf 77' lang='lat'>‘⁶</span> <span class='ocrx_word' id='word_1_111' title='bbox 287 2581 396 2646; x_wconf 80' lang='lat' dir='ltr'>Codex</span> <span class='ocrx_word' id='word_1_112' title='bbox 420 2584 492 2647; x_wconf 89' lang='lat' dir='ltr'>MS.</span> <span class='ocrx_word' id='word_1_113' title='bbox 514 2584 655 2647; x_wconf 90' lang='lat' dir='ltr'>omnium</span> <span class='ocrx_word' id='word_1_114' title='bbox 675 2583 908 2648; x_wconf 87' lang='lat' dir='ltr'>vetustissimus</span> <span class='ocrx_word' id='word_1_115' title='bbox 929 2603 993 2646; x_wconf 92' lang='lat' dir='ltr'>non</span> <span class='ocrx_word' id='word_1_116' title='bbox 1016 2581 1063 2646; x_wconf 81' lang='lat' dir='ltr'>ita</span> <span class='ocrx_word' id='word_1_117' title='bbox 1084 2582 1208 2666; x_wconf 87' lang='lat' dir='ltr'>pridem</span> <span class='ocrx_word' id='word_1_118' title='bbox 1230 2589 1301 2646; x_wconf 81' lang='lat' dir='ltr'>eret</span> 
     </span>
     <span class='ocr_line' id='line_1_18' title="bbox 204 2667 1301 2754; baseline 0 -24"><span class='ocrx_word' id='word_1_119' title='bbox 204 2674 223 2702; x_wconf 88' lang='lat'>“</span> <span class='ocrx_word' id='word_1_120' title='bbox 234 2689 331 2751; x_wconf 89' lang='lat' dir='ltr'>penes</span> <span class='ocrx_word' id='word_1_121' title='bbox 348 2669 509 2754; x_wconf 81' lang='lat' dir='ltr'>egregium</span> <span class='ocrx_word' id='word_1_122' title='bbox 531 2670 618 2732; x_wconf 92' lang='lat' dir='ltr'>illum</span> <span class='ocrx_word' id='word_1_123' title='bbox 639 2669 804 2732; x_wconf 83' lang='lat' dir='ltr'>literarum</span> <span class='ocrx_word' id='word_1_124' title='bbox 823 2669 981 2732; x_wconf 75' lang='lat' dir='ltr'>fautorem</span> <span class='ocrx_word' id='word_1_125' title='bbox 995 2667 1019 2730; x_wconf 86' lang='lat' dir='ltr'><strong>J</strong></span> <span class='ocrx_word' id='word_1_126' title='bbox 1021 2689 1154 2731; x_wconf 82' lang='lat' dir='ltr'>oannem</span> <span class='ocrx_word' id='word_1_127' title='bbox 1172 2667 1301 2730; x_wconf 89' lang='lat' dir='ltr'>Morum</span> 
     </span>
     <span class='ocr_line' id='line_1_19' title="bbox 205 2753 1301 2839; baseline 0.001 -23"><span class='ocrx_word' id='word_1_128' title='bbox 205 2760 223 2788; x_wconf 87' lang='lat'><strong>“</strong></span> <span class='ocrx_word' id='word_1_129' title='bbox 236 2753 416 2838; x_wconf 75' lang='lat' dir='ltr'>episcopum</span> <span class='ocrx_word' id='word_1_130' title='bbox 441 2777 542 2839; x_wconf 89' lang='lat' dir='ltr'>nuper</span> <span class='ocrx_word' id='word_1_131' title='bbox 568 2755 736 2832; x_wconf 88' lang='lat' dir='ltr'>Elieusem,</span> <span class='ocrx_word' id='word_1_132' title='bbox 757 2754 914 2837; x_wconf 90' lang='lat' dir='ltr'>hodieque</span> <span class='ocrx_word' id='word_1_133' title='bbox 939 2753 971 2815; x_wconf 92' lang='lat' dir='ltr'>in</span> <span class='ocrx_word' id='word_1_134' title='bbox 998 2753 1191 2816; x_wconf 72' lang='lat' dir='ltr'>bibliotheca</span> <span class='ocrx_word' id='word_1_135' title='bbox 1212 2753 1301 2838; x_wconf 83' lang='lat' dir='ltr'>regie</span> 
     </span>
     <span class='ocr_line' id='line_1_20' title="bbox 204 2827 1301 2934; baseline -0.003 -31"><span class='ocrx_word' id='word_1_136' title='bbox 204 2845 223 2873; x_wconf 85' lang='lat'><strong>“</strong></span> <span class='ocrx_word' id='word_1_137' title='bbox 235 2827 449 2925; x_wconf 73' lang='lat' dir='ltr'>Oentnbr&#39;igiae</span> <span class='ocrx_word' id='word_1_138' title='bbox 471 2848 661 2916; x_wconf 82' lang='lat' dir='ltr'>asservatur,</span> <span class='ocrx_word' id='word_1_139' title='bbox 680 2839 912 2923; x_wconf 78' lang='lat' dir='ltr'>antiquioribus</span> <span class='ocrx_word' id='word_1_140' title='bbox 933 2837 1301 2934; x_wconf 64' lang='lat' dir='ltr'>literisAngloSexoni-</span> 
     </span>
     <span class='ocr_line' id='line_1_21' title="bbox 204 2923 1301 3009; baseline 0.001 -23"><span class='ocrx_word' id='word_1_141' title='bbox 204 2923 280 2988; x_wconf 87' lang='lat' dir='ltr'>“eis</span> <span class='ocrx_word' id='word_1_142' title='bbox 302 2932 452 2990; x_wconf 75' lang='lat' dir='ltr'>exaratus</span> <span class='ocrx_word' id='word_1_143' title='bbox 473 2926 558 2990; x_wconf 81' lang='lat' dir='ltr'>eirea</span> <span class='ocrx_word' id='word_1_144' title='bbox 578 2947 698 2990; x_wconf 83' lang='lat' dir='ltr'>annum</span> <span class='ocrx_word' id='word_1_145' title='bbox 714 2941 786 3008; x_wconf 83' lang='lat'>737,</span> <span class='ocrx_word' id='word_1_146' title='bbox 802 2932 875 3009; x_wconf 87' lang='lat' dir='ltr'>post</span> <span class='ocrx_word' id='word_1_147' title='bbox 895 2923 997 2988; x_wconf 88' lang='lat' dir='ltr'>nostri</span> <span class='ocrx_word' id='word_1_148' title='bbox 1019 2923 1158 2988; x_wconf 85' lang='lat' dir='ltr'>auotoris</span> <span class='ocrx_word' id='word_1_149' title='bbox 1177 2923 1301 2988; x_wconf 92' lang='lat' dir='ltr'>obitum</span> 
     </span>
     <span class='ocr_line' id='line_1_22' title="bbox 204 3008 1301 3096; baseline 0.003 -25"><span class='ocrx_word' id='word_1_150' title='bbox 204 3016 223 3045; x_wconf 90' lang='lat'><strong>“</strong></span> <span class='ocrx_word' id='word_1_151' title='bbox 235 3010 415 3087; x_wconf 82' lang='lat' dir='ltr'>seeundum,</span> <span class='ocrx_word' id='word_1_152' title='bbox 431 3018 468 3076; x_wconf 91' lang='lat' dir='ltr'>ut</span> <span class='ocrx_word' id='word_1_153' title='bbox 490 3018 581 3096; x_wconf 86' lang='lat' dir='ltr'>patet</span> <span class='ocrx_word' id='word_1_154' title='bbox 600 3033 640 3074; x_wconf 84' lang='lat' dir='ltr'>ex</span> <span class='ocrx_word' id='word_1_155' title='bbox 660 3010 849 3094; x_wconf 82' lang='lat' dir='ltr'>quibusdem</span> <span class='ocrx_word' id='word_1_156' title='bbox 870 3010 988 3074; x_wconf 89' lang='lat' dir='ltr'>notulis</span> <span class='ocrx_word' id='word_1_157' title='bbox 1010 3008 1238 3094; x_wconf 75' lang='lat' dir='ltr'>chronologicis</span> <span class='ocrx_word' id='word_1_158' title='bbox 1259 3011 1301 3074; x_wconf 79' lang='lat' dir='ltr'>ed</span> 
     </span>
     <span class='ocr_line' id='line_1_23' title="bbox 204 3094 1300 3182; baseline 0.001 -24"><span class='ocrx_word' id='word_1_159' title='bbox 204 3101 223 3130; x_wconf 87' lang='lat'><strong>“</strong></span> <span class='ocrx_word' id='word_1_160' title='bbox 235 3094 354 3159; x_wconf 83' lang='lat' dir='ltr'>enloem</span> <span class='ocrx_word' id='word_1_161' title='bbox 373 3095 444 3160; x_wconf 91' lang='lat' dir='ltr'>libri</span> <span class='ocrx_word' id='word_1_162' title='bbox 460 3097 581 3182; x_wconf 86' lang='lat' dir='ltr'>positis,</span> <span class='ocrx_word' id='word_1_163' title='bbox 598 3119 667 3180; x_wconf 86' lang='lat' dir='ltr'>quae</span> <span class='ocrx_word' id='word_1_164' title='bbox 688 3097 721 3159; x_wconf 92' lang='lat' dir='ltr'>in</span> <span class='ocrx_word' id='word_1_165' title='bbox 744 3097 829 3161; x_wconf 86' lang='lat' dir='ltr'>hune</span> <span class='ocrx_word' id='word_1_166' title='bbox 852 3119 970 3160; x_wconf 81' lang='lat' dir='ltr'>annum</span> <span class='ocrx_word' id='word_1_167' title='bbox 992 3102 1193 3159; x_wconf 86' lang='lat' dir='ltr'>oonourrunt.</span> <span class='ocrx_word' id='word_1_168' title='bbox 1238 3095 1300 3159; x_wconf 90' lang='lat' dir='ltr'>His</span> 
     </span>
     <span class='ocr_line' id='line_1_24' title="bbox 204 3182 673 3258; baseline 0.002 -14"><span class='ocrx_word' id='word_1_169' title='bbox 204 3188 224 3215; x_wconf 80' lang='lat'>‘⁶</span> <span class='ocrx_word' id='word_1_170' title='bbox 234 3188 343 3244; x_wconf 80' lang='lat' dir='ltr'>eutem</span> <span class='ocrx_word' id='word_1_171' title='bbox 357 3182 460 3247; x_wconf 89' lang='lat' dir='ltr'>verbis</span> <span class='ocrx_word' id='word_1_172' title='bbox 475 3183 673 3258; x_wconf 73' lang='lat' dir='ltr'>scribuntur:</span> 
     </span>
    </p>
   </div>
   <div class='ocr_carea' id='block_1_6' title="bbox 204 3314 1304 4665">
    <p class='ocr_par' dir='ltr' id='par_1_6' title="bbox 204 3314 1304 3836">
     <span class='ocr_line' id='line_1_25' title="bbox 277 3314 1301 3402; baseline -0.005 -21"><span class='ocrx_word' id='word_1_173' title='bbox 277 3326 296 3353; x_wconf 75' lang='lat'>‘⁶</span> <span class='ocrx_word' id='word_1_174' title='bbox 313 3321 406 3381; x_wconf 78' lang='lat' dir='ltr'>Auno</span> <span class='ocrx_word' id='word_1_175' title='bbox 433 3317 528 3381; x_wconf 81' lang='lat' dir='ltr'>dxlvii</span> <span class='ocrx_word' id='word_1_176' title='bbox 558 3319 623 3382; x_wconf 78' lang='lat' dir='ltr'>Idu</span> <span class='ocrx_word' id='word_1_177' title='bbox 656 3339 781 3402; x_wconf 70' lang='lat' dir='ltr'>reynero</span> <span class='ocrx_word' id='word_1_178' title='bbox 811 3316 899 3402; x_wconf 76' lang='lat' dir='ltr'>eoepit</span> <span class='ocrx_word' id='word_1_179' title='bbox 930 3338 950 3379; x_wconf 85' lang='lat' dir='ltr'><strong><em>a</em></strong></span> <span class='ocrx_word' id='word_1_180' title='bbox 984 3337 1041 3400; x_wconf 81' lang='lat' dir='ltr'>quo</span> <span class='ocrx_word' id='word_1_181' title='bbox 1069 3314 1193 3400; x_wconf 68' lang='lat' dir='ltr'>Eupolis</span> <span class='ocrx_word' id='word_1_182' title='bbox 1220 3315 1301 3376; x_wconf 81' lang='lat' dir='ltr'>Nor·</span> 
     </span>
     <span class='ocr_line' id='line_1_26' title="bbox 204 3399 1302 3547; baseline -0.005 -80"><span class='ocrx_word' id='word_1_183' title='bbox 204 3402 488 3486; x_wconf 68' lang='lat' dir='ltr'>“daulpmtnrum</span> <span class='ocrx_word' id='word_1_184' title='bbox 504 3405 654 3488; x_wconf 73' lang='lat' dir='ltr'>prosapia</span> <span class='ocrx_word' id='word_1_185' title='bbox 676 3404 822 3488; x_wconf 74' lang='lat' dir='ltr'>oripinem</span> <span class='ocrx_word' id='word_1_186' title='bbox 843 3411 920 3466; x_wconf 80' lang='lat' dir='ltr'>tenet</span> <span class='ocrx_word' id='word_1_187' title='bbox 938 3411 965 3465; x_wconf 76' lang='lat' dir='ltr'>et</span> <span class='ocrx_word' id='word_1_188' title='bbox 984 3399 1028 3464; x_wconf 91' lang='lat' dir='ltr'>xii</span> <span class='ocrx_word' id='word_1_189' title='bbox 1044 3423 1138 3466; x_wconf 79' lang='lat' dir='ltr'>annos</span> <span class='ocrx_word' id='word_1_190' title='bbox 1159 3400 1193 3463; x_wconf 77' lang='lat' dir='ltr'>iu</span> <span class='ocrx_word' id='word_1_191' title='bbox 1215 3421 1302 3547; x_wconf 51' lang='lat' dir='ltr'>roffio</span> 
     </span>
     <span class='ocr_line' id='line_1_27' title="bbox 205 3485 1303 3587; baseline -0.006 -34"><span class='ocrx_word' id='word_1_192' title='bbox 205 3490 408 3587; x_wconf 76' lang='lat' dir='ltr'>“permensit</span> <span class='ocrx_word' id='word_1_193' title='bbox 452 3489 620 3552; x_wconf 76' lang='lat' dir='ltr'>Postluno</span> <span class='ocrx_word' id='word_1_194' title='bbox 636 3488 759 3573; x_wconf 81' lang='lat' dir='ltr'>Glappa</span> <span class='ocrx_word' id='word_1_195' title='bbox 774 3489 785 3550; x_wconf 95' lang='lat' dir='ltr'>i</span> <span class='ocrx_word' id='word_1_196' title='bbox 800 3509 925 3551; x_wconf 82' lang='lat' dir='ltr'>anuum.</span> <span class='ocrx_word' id='word_1_197' title='bbox 971 3485 1066 3550; x_wconf 80' lang='lat' dir='ltr'>Addo</span> <span class='ocrx_word' id='word_1_198' title='bbox 1080 3486 1142 3562; x_wconf 93' lang='lat' dir='ltr'>viii,</span> <span class='ocrx_word' id='word_1_199' title='bbox 1157 3485 1243 3548; x_wconf 83' lang='lat' dir='ltr'>AEdi</span> <span class='ocrx_word' id='word_1_200' title='bbox 1279 3485 1303 3547; x_wconf 81' lang='lat' dir='ltr'>&#39;o</span> 
     </span>
     <span class='ocr_line' id='line_1_28' title="bbox 204 3569 1300 3654; baseline -0.004 -18"><span class='ocrx_word' id='word_1_201' title='bbox 204 3581 275 3650; x_wconf 84' lang='lat' dir='ltr'>“rv,</span> <span class='ocrx_word' id='word_1_202' title='bbox 306 3574 452 3637; x_wconf 78' lang='lat' dir='ltr'>Tleodrie</span> <span class='ocrx_word' id='word_1_203' title='bbox 475 3574 527 3651; x_wconf 92' lang='lat' dir='ltr'>vii,</span> <span class='ocrx_word' id='word_1_204' title='bbox 552 3574 736 3638; x_wconf 76' lang='lat' dir='ltr'>Friduuald</span> <span class='ocrx_word' id='word_1_205' title='bbox 758 3573 797 3652; x_wconf 91' lang='lat' dir='ltr'>vi,</span> <span class='ocrx_word' id='word_1_206' title='bbox 825 3573 928 3636; x_wconf 78' lang='lat' dir='ltr'>Hussu</span> <span class='ocrx_word' id='word_1_207' title='bbox 950 3571 1001 3650; x_wconf 90' lang='lat' dir='ltr'>vii,</span> <span class='ocrx_word' id='word_1_208' title='bbox 1028 3571 1196 3654; x_wconf 77' lang='lat' dir='ltr'>AEdilfvid</span> <span class='ocrx_word' id='word_1_209' title='bbox 1216 3569 1300 3646; x_wconf 85' lang='lat' dir='ltr'>xxiv,</span> 
     </span>
     <span class='ocr_line' id='line_1_29' title="bbox 205 3655 1304 3741; baseline -0.004 -19"><span class='ocrx_word' id='word_1_210' title='bbox 205 3659 376 3722; x_wconf 78' lang='lat' dir='ltr'>“AEduini</span> <span class='ocrx_word' id='word_1_211' title='bbox 395 3660 469 3735; x_wconf 90' lang='lat' dir='ltr'>xvii,</span> <span class='ocrx_word' id='word_1_212' title='bbox 495 3660 613 3724; x_wconf 72' lang='lat' dir='ltr'>Osuull</span> <span class='ocrx_word' id='word_1_213' title='bbox 629 3659 672 3735; x_wconf 87' lang='lat' dir='ltr'>ix,</span> <span class='ocrx_word' id='word_1_214' title='bbox 698 3660 794 3724; x_wconf 79' lang='lat' dir='ltr'>Osuiu</span> <span class='ocrx_word' id='word_1_215' title='bbox 814 3658 919 3734; x_wconf 88' lang='lat' dir='ltr'>xxviii,</span> <span class='ocrx_word' id='word_1_216' title='bbox 943 3658 1080 3741; x_wconf 70' lang='lat' dir='ltr'>qufrid</span> <span class='ocrx_word' id='word_1_217' title='bbox 1092 3681 1143 3734; x_wconf 92' lang='lat' dir='ltr'>xv,</span> <span class='ocrx_word' id='word_1_218' title='bbox 1164 3655 1304 3739; x_wconf 72' lang='lat' dir='ltr'>Aldsrid</span> 
     </span>
     <span class='ocr_line' id='line_1_30' title="bbox 205 3743 1035 3836; baseline -0.001 -29"><span class='ocrx_word' id='word_1_219' title='bbox 205 3752 224 3780; x_wconf 83' lang='lat'>“</span> <span class='ocrx_word' id='word_1_220' title='bbox 237 3768 289 3822; x_wconf 87' lang='lat' dir='ltr'>xx,</span> <span class='ocrx_word' id='word_1_221' title='bbox 308 3745 404 3808; x_wconf 66' lang='grc' dir='ltr'>ΟΜ</span> <span class='ocrx_word' id='word_1_222' title='bbox 417 3745 459 3819; x_wconf 86' lang='lat' dir='ltr'>xi,</span> <span class='ocrx_word' id='word_1_223' title='bbox 475 3745 608 3836; x_wconf 61' lang='lat' dir='ltr'>Coinrod</span> <span class='ocrx_word' id='word_1_224' title='bbox 621 3745 641 3816; x_wconf 80' lang='lat' dir='ltr'>i,</span> <span class='ocrx_word' id='word_1_225' title='bbox 660 3745 747 3808; x_wconf 77' lang='lat' dir='ltr'>Osrio</span> <span class='ocrx_word' id='word_1_226' title='bbox 761 3745 804 3822; x_wconf 88' lang='lat' dir='ltr'>xi,</span> <span class='ocrx_word' id='word_1_227' title='bbox 823 3743 966 3828; x_wconf 80' lang='lat' dir='ltr'>Oeoluulf</span> <span class='ocrx_word' id='word_1_228' title='bbox 973 3743 1035 3807; x_wconf 93' lang='lat' dir='ltr'>viii.</span> 
     </span>
    </p>

    <p class='ocr_par' dir='ltr' id='par_1_7' title="bbox 334 3830 1211 4665">
     <span class='ocr_line' id='line_1_31' title="bbox 336 3830 941 3895; baseline 0 -3"><span class='ocrx_word' id='word_1_229' title='bbox 336 3832 398 3892; x_wconf 89' lang='lat' dir='ltr'>“B</span> <span class='ocrx_word' id='word_1_230' title='bbox 439 3831 546 3895; x_wconf 71' lang='lat' dir='ltr'>timuit</span> <span class='ocrx_word' id='word_1_231' title='bbox 559 3830 717 3894; x_wconf 79' lang='lat' dir='ltr'>Paulinus</span> <span class='ocrx_word' id='word_1_232' title='bbox 731 3841 799 3893; x_wconf 62' lang='lat' dir='ltr'>anm</span> <span class='ocrx_word' id='word_1_233' title='bbox 813 3852 863 3894; x_wconf 81' lang='lat' dir='ltr'>an.</span> <span class='ocrx_word' id='word_1_234' title='bbox 882 3830 941 3893; x_wconf 86' lang='lat' dir='ltr'>oxi.</span> 
     </span>
     <span class='ocr_line' id='line_1_32' title="bbox 335 3915 761 4000; baseline -0.007 -20"><span class='ocrx_word' id='word_1_235' title='bbox 335 3923 353 3951; x_wconf 77' lang='lat'>‘⁶</span> <span class='ocrx_word' id='word_1_236' title='bbox 364 3917 412 3980; x_wconf 79' lang='lat' dir='ltr'>Ee</span> <span class='ocrx_word' id='word_1_237' title='bbox 423 3917 498 4000; x_wconf 79' lang='lat' dir='ltr'>ipsis</span> <span class='ocrx_word' id='word_1_238' title='bbox 511 3928 580 3981; x_wconf 79' lang='lat' dir='ltr'>ante</span> <span class='ocrx_word' id='word_1_239' title='bbox 594 3939 646 3981; x_wconf 82' lang='lat' dir='ltr'>an.</span> <span class='ocrx_word' id='word_1_240' title='bbox 662 3915 761 3978; x_wconf 87' lang='lat' dir='ltr'>lxxiii.</span> 
     </span>
     <span class='ocr_line' id='line_1_33' title="bbox 335 4001 883 4084; baseline -0.002 -20"><span class='ocrx_word' id='word_1_241' title='bbox 335 4009 353 4036; x_wconf 91' lang='lat'>“</span> <span class='ocrx_word' id='word_1_242' title='bbox 365 4002 478 4064; x_wconf 67' lang='lat' dir='ltr'>Pande</span> <span class='ocrx_word' id='word_1_243' title='bbox 491 4003 620 4066; x_wconf 72' lang='lat' dir='ltr'>moritur</span> <span class='ocrx_word' id='word_1_244' title='bbox 634 4011 703 4065; x_wconf 80' lang='lat' dir='ltr'>ante</span> <span class='ocrx_word' id='word_1_245' title='bbox 718 4024 766 4064; x_wconf 78' lang='lat' dir='ltr'>au.</span> <span class='ocrx_word' id='word_1_246' title='bbox 784 4001 883 4084; x_wconf 67' lang='lat' dir='ltr'>lxxix,</span> 
     </span>
     <span class='ocr_line' id='line_1_34' title="bbox 335 4086 879 4171; baseline -0.002 -22"><span class='ocrx_word' id='word_1_247' title='bbox 335 4095 353 4122; x_wconf 73' lang='lat'>‘⁶</span> <span class='ocrx_word' id='word_1_248' title='bbox 365 4088 480 4170; x_wconf 73' lang='lat' dir='ltr'>Pupno</span> <span class='ocrx_word' id='word_1_249' title='bbox 493 4087 639 4171; x_wconf 78' lang='lat' dir='ltr'>Eopfridi</span> <span class='ocrx_word' id='word_1_250' title='bbox 653 4097 722 4150; x_wconf 79' lang='lat' dir='ltr'>ante</span> <span class='ocrx_word' id='word_1_251' title='bbox 736 4109 787 4149; x_wconf 84' lang='lat' dir='ltr'>an.</span> <span class='ocrx_word' id='word_1_252' title='bbox 803 4086 879 4148; x_wconf 89' lang='lat' dir='ltr'>lxiii.</span> 
     </span>
     <span class='ocr_line' id='line_1_35' title="bbox 334 4172 749 4255; baseline -0.007 -20"><span class='ocrx_word' id='word_1_253' title='bbox 334 4181 353 4208; x_wconf 78' lang='lat'>‘⁶</span> <span class='ocrx_word' id='word_1_254' title='bbox 366 4173 511 4255; x_wconf 79' lang='lat' dir='ltr'>AElsuini</span> <span class='ocrx_word' id='word_1_255' title='bbox 525 4184 595 4237; x_wconf 78' lang='lat' dir='ltr'>ante</span> <span class='ocrx_word' id='word_1_256' title='bbox 609 4195 659 4236; x_wconf 78' lang='lat' dir='ltr'>me.</span> <span class='ocrx_word' id='word_1_257' title='bbox 675 4172 749 4235; x_wconf 86' lang='lat' dir='ltr'>lviii.</span> 
     </span>
     <span class='ocr_line' id='line_1_36' title="bbox 335 4254 1098 4323; baseline -0.009 0"><span class='ocrx_word' id='word_1_258' title='bbox 335 4267 353 4293; x_wconf 87' lang='lat'>“</span> <span class='ocrx_word' id='word_1_259' title='bbox 364 4260 589 4323; x_wconf 79' lang='lat' dir='ltr'>Mouasterium</span> <span class='ocrx_word' id='word_1_260' title='bbox 604 4269 642 4322; x_wconf 75' lang='lat' dir='ltr'>cet</span> <span class='ocrx_word' id='word_1_261' title='bbox 663 4257 861 4322; x_wconf 79' lang='lat' dir='ltr'>Uiuroemodo</span> <span class='ocrx_word' id='word_1_262' title='bbox 876 4266 945 4320; x_wconf 80' lang='lat' dir='ltr'>ante</span> <span class='ocrx_word' id='word_1_263' title='bbox 960 4277 1010 4319; x_wconf 79' lang='lat' dir='ltr'>an.</span> <span class='ocrx_word' id='word_1_264' title='bbox 1026 4254 1098 4320; x_wconf 85' lang='lat' dir='ltr'>lxiv.</span> 
     </span>
     <span class='ocr_line' id='line_1_37' title="bbox 334 4342 809 4408; baseline -0.002 -1"><span class='ocrx_word' id='word_1_265' title='bbox 334 4352 352 4379; x_wconf 73' lang='lat'>‘⁶</span> <span class='ocrx_word' id='word_1_266' title='bbox 367 4345 495 4408; x_wconf 62' lang='lat' dir='ltr'>dumetae</span> <span class='ocrx_word' id='word_1_267' title='bbox 509 4345 583 4407; x_wconf 78' lang='lat' dir='ltr'>nisce</span> <span class='ocrx_word' id='word_1_268' title='bbox 597 4355 666 4408; x_wconf 80' lang='lat' dir='ltr'>ante</span> <span class='ocrx_word' id='word_1_269' title='bbox 681 4366 731 4406; x_wconf 81' lang='lat' dir='ltr'>an.</span> <span class='ocrx_word' id='word_1_270' title='bbox 748 4342 809 4407; x_wconf 91' lang='lat' dir='ltr'>viii.</span> 
     </span>
     <span class='ocr_line' id='line_1_38' title="bbox 335 4425 1211 4513; baseline -0.006 -18"><span class='ocrx_word' id='word_1_271' title='bbox 335 4438 353 4465; x_wconf 91' lang='lat'>“</span> <span class='ocrx_word' id='word_1_272' title='bbox 366 4431 482 4494; x_wconf 74' lang='lat' dir='ltr'>Eodem</span> <span class='ocrx_word' id='word_1_273' title='bbox 496 4452 547 4493; x_wconf 84' lang='lat' dir='ltr'>an.</span> <span class='ocrx_word' id='word_1_274' title='bbox 562 4433 661 4494; x_wconf 79' lang='lat' dir='ltr'>Pater</span> <span class='ocrx_word' id='word_1_275' title='bbox 674 4427 819 4513; x_wconf 73' lang='lat' dir='ltr'>Ecpderet</span> <span class='ocrx_word' id='word_1_276' title='bbox 833 4427 976 4493; x_wconf 78' lang='lat' dir='ltr'>transivit</span> <span class='ocrx_word' id='word_1_277' title='bbox 991 4427 1035 4491; x_wconf 85' lang='lat' dir='ltr'>ad</span> <span class='ocrx_word' id='word_1_278' title='bbox 1051 4425 1211 4490; x_wconf 80' lang='lat' dir='ltr'>Odristum.</span> 
     </span>
     <span class='ocr_line' id='line_1_39' title="bbox 335 4512 960 4601; baseline -0.008 -22"><span class='ocrx_word' id='word_1_279' title='bbox 335 4524 353 4551; x_wconf 91' lang='lat'>“</span> <span class='ocrx_word' id='word_1_280' title='bbox 364 4516 462 4601; x_wconf 64' lang='lat' dir='ltr'>Anyti</span> <span class='ocrx_word' id='word_1_281' title='bbox 476 4516 511 4579; x_wconf 81' lang='lat' dir='ltr'>in</span> <span class='ocrx_word' id='word_1_282' title='bbox 525 4516 687 4579; x_wconf 79' lang='lat' dir='ltr'>Brittania</span> <span class='ocrx_word' id='word_1_283' title='bbox 701 4525 772 4579; x_wconf 77' lang='lat' dir='ltr'>ante</span> <span class='ocrx_word' id='word_1_284' title='bbox 786 4536 836 4578; x_wconf 79' lang='lat' dir='ltr'>an.</span> <span class='ocrx_word' id='word_1_285' title='bbox 853 4512 960 4578; x_wconf 84' lang='lat' dir='ltr'>ooxoii.</span> 
     </span>
     <span class='ocr_line' id='line_1_40' title="bbox 727 4618 783 4665; baseline 0.018 -1"><span class='ocrx_word' id='word_1_286' title='bbox 727 4623 747 4664; x_wconf 78' lang='lat' dir='ltr'>a</span> <span class='ocrx_word' id='word_1_287' title='bbox 764 4618 783 4665; x_wconf 78' lang='lat'>2</span> 
     </span>
    </p>
   </div>
   <div class='ocr_carea' id='block_1_7' title="bbox 0 0 1554 5125">
    <p class='ocr_par' dir='ltr' id='par_1_8' title="bbox 0 0 1554 5125">
     <span class='ocr_line' id='line_1_41' title="bbox 0 0 1554 5125; baseline 0 0"><span class='ocrx_word' id='word_1_288' title='bbox 0 0 1554 5125; x_wconf 95' lang='lat' dir='ltr'> </span> 
     </span>
    </p>
   </div>
  </div>
 </body>
</html>
