3100 5125
513 343 677 420 GENTIS
700 353 974 421 ANGLORUM.
1227 358 1291 425 175

186 501 232 567 Et
253 510 324 588 pm
345 502 517 586 pretam:
552 504 636 570 Dedi
661 512 695 570 ie
724 505 758 570 in
781 504 885 572 foedus
910 507 1027 593 populi,
1052 514 1092 573 ut
1120 506 1291 574 suscitares

145 612 177 661 45
188 595 317 665 terram,
333 595 368 652 et
382 590 559 674 possideres
574 592 779 656 haereditates
793 594 973 679 dissipatas,
988 601 1023 658 ei
1037 594 1157 658 diceres
1171 595 1221 659 his
1236 596 1291 679 qui

187 674 284 738 vincti
306 681 399 740 suni:
425 675 542 750 Exite3
568 677 674 742 ethis
697 679 805 764 quiin
828 680 977 758 tenebris,
999 680 1203 744 Revelemini.
1247 683 1292 745 Et

186 781 329 824 rermm:
357 760 428 846 Ego
453 761 609 826 Dominus
632 764 796 828 vocavite
821 765 854 829 in
876 765 1013 849 justitia,
1038 772 1072 829 ei
1093 767 1290 850 adprehendi

187 867 318 909 menum
335 853 435 925 tuem,
459 853 494 911 ei
517 848 658 924 servavi3
692 856 726 913 ei
751 850 825 914 dedi
849 858 885 915 te
910 852 944 913 in
966 852 1087 914 tfoedua
1115 851 1232 936 populi,
1257 852 1290 915 in

187 930 290 994 lucem
312 933 464 1030 gentium,
487 939 525 998 ui
546 936 685 1019 aperires
706 936 813 999 oculos
835 959 998 1015 caseorum,
1021 944 1055 1001 et
1078 937 1227 1000 educeres
1250 938 1290 1002 de

188 1017 387 1082 conclusione
401 1018 550 1097 vinetum,
566 1021 606 1085 de
624 1022 718 1085 domo
740 1022 876 1086 carceris
895 1024 1065 1086 usedentes
1086 1022 1119 1086 in
1136 1023 1288 1087 tenebris.

147 1102 276 1180 50Ecae,
301 1103 537 1169 eccebbmte'sae'me
551 1107 615 1189 fitt,
702 1129 732 1170 m
756 1108 821 1171 bare
843 1108 958 1172 mmm
983 1117 1033 1184 est,
1055 1129 1114 1172 non
1135 1109 1230 1172 sobam
1252 1110 1290 1174 de

110 1205 174 1271 139
188 1186 278 1265 eabba,
302 1190 356 1253 sed
378 1191 469 1254 etiam
493 1192 531 1255 de
553 1129 936 1278 ometbffxprmmtmm
955 1192 1100 1278 pentibus,
1124 1195 1205 1278 qaod
1227 1195 1290 1260 rint

188 1274 351 1339 meditere
377 1276 412 1339 e‘n
441 1277 558 1340 Obriato
586 1279 718 1342 omnium
741 1279 899 1343 conditore.
958 1277 1154 1358 Quamobrem
1176 1290 1289 1364 oporte

188 1370 317 1424 ecetram
334 1361 549 1438 celsitudinem,
564 1374 661 1448 amoto
675 1363 838 1429 membrum
856 1366 982 1429 mittem
997 1365 1121 1441 Christi,
1137 1366 1172 1428 in
1192 1366 1288 1429 omni·

188 1442 241 1508 brea
248 1447 341 1530 piam
356 1447 492 1533 reprobam
506 1450 588 1532 aequb
596 1451 773 1534 perniciter
780 1450 937 1536 principis
950 1451 1157 1534 opomerum,
1172 1452 1234 1514 siae
1252 1451 1287 1516 in

179 1531 299 1614 parebo
313 1532 664 1609 retrocedentem
674 1534 810 1600 munibat
842 1559 890 1600 ece
904 1536 1098 1600 tradiderunt
1107 1537 1206 1599 abacti
1215 1559 1286 1621 apo

161 1617 255 1686 srtole'
277 1619 390 1681 Petras
413 1627 441 1681 et
462 1619 595 1697 Paulas,
616 1622 670 1705 qm'
691 1631 726 1685 et
747 1622 807 1685 deo
823 1557 998 1686 bmeinarsa
1019 1621 1090 1686 oceli
1109 1621 1288 1686 illuminant

185 1702 340 1851 mmm,
356 1702 399 1767 sie
420 1703 560 1768 doctrina
581 1728 681 1770 eorem
703 1707 797 1771 eorda
817 1707 971 1771 bominem
988 1707 1121 1792 qmte'die
1141 1707 1287 1772 inlustrat

184 1807 234 1851 ere
304 1809 370 1852 eesm

230 1871 275 1937 Et
293 1880 368 1959 posi
386 1875 545 1953 nonnulle,
562 1876 676 1960 quibus
691 1878 730 1942 de
750 1877 940 1942 celebrando
960 1899 1018 1963 per
1030 1878 1141 1942 orbem
1157 1883 1284 1943 ztoturn

184 1979 248 2022 uno
263 1981 338 2023 vero
352 1961 471 2044 paseha
484 1962 644 2045 loquitur3

227 2045 387 2110 Hominem
408 2047 545 2131 denique,
564 2047 677 2130 inquit,
697 2047 863 2125 docibilem,
882 2057 910 2113 et
930 2049 967 2112 e‘n
987 2048 1122 2112 omatibus
1142 2057 1283 2112 ornatrm

144 2154 175 2189 ιο
184 2130 355 2208 antistitem,
370 2133 532 2196 nomadum
550 2143 712 2197 nestrorum
728 2135 909 2218 scriptoram
929 2144 1066 2210 tenorem
1084 2135 1208 2197 minime
1229 2156 1282 2198 aa·

183 2214 295 2279 baimam
308 2219 534 2302 concrepemus
548 2241 610 2301 pro
633 2219 849 2305 bermbaqm‘tate
869 2220 998 2284 itineris.
1041 2221 1185 2302 Profecto
1200 2221 1283 2284 enim

182 2301 257 2364 daem
271 2301 441 2384 hosmundi
455 2313 530 2387 apta
544 2315 733 2390 arepertaque
743 2328 876 2391 perrona
890 2307 1000 2389 faerit,
1016 2327 1083 2369 eam
1103 2305 1282 2369 incinctam

182 2386 227 2449 ad
240 2397 366 2451 nestram
381 2389 546 2473 diripereris
554 2390 704 2474 patriam,
720 2401 755 2454 at
768 2393 832 2476 ipm
846 2402 874 2455 et
886 2393 958 2456 cira
972 2414 1049 2468 eece,
1063 2400 1092 2454 et
1098 2413 1158 2475 per
1172 2391 1282 2454 divina

181 2473 307 2536 craecia
332 2495 445 2537 monem
468 2475 588 2538 inimici
615 2475 769 2540 zizaniam
797 2500 834 2541 eu
856 2479 937 2540 mani
962 2487 1061 2541 oectra
1085 2477 1188 2540 iambe
1214 2497 1281 2539 rem

181 2557 287 2622 (binim
315 2570 391 2623 neta
419 2561 560 2625 eradicet.
609 2561 797 2627 tamarem
825 2587 847 2628 a
875 2574 974 2628 cestra
1001 2563 1174 2627 rebritadine
1200 2560 1281 2626 beato

141 2645 319 2729 npetoept
341 2648 540 2730 apostoloram
567 2647 696 2725 directa,
712 2670 774 2733 pro
797 2659 914 2713 retemta
935 2650 999 2733 ejas
1019 2649 1164 2713 ommeria
1187 2670 1281 2712 aerec-

212 2865 224 2905 i
234 2867 290 2913 dedi
301 2874 325 2913 te
335 2868 362 2914 in
374 2870 452 2914 iucem
462 2869 577 2926 gentium
588 2874 613 2916 et
624 2868 740 2929 infredus
746 2870 833 2930 populi
843 2867 941 2916 V.M.G.
1087 2875 1104 2905 u
1114 2868 1237 2914 sedentem
1249 2866 1279 2914 V.
1308 2902 1312 2907 ‚

179 2934 382 3043 bffltbibemm
395 2931 496 2979 v.G.M.
574 2933 744 2981 rceletrando
757 2932 857 2981 V.M.G.
934 2942 947 2971 ι
958 2932 1039 2979 orbem
1050 2945 1099 2978 ano
1110 2930 1142 2979 v.
1208 2941 1222 2970 a
1233 2945 1281 2994 que

211 3180 252 3239 46.
267 3180 324 3242 ugo
336 3180 470 3243 Dominus]
485 3181 537 3229 xiii.
551 3180 575 3230 6.

212 3248 235 3293 8.
248 3246 286 3294 Et
293 3253 351 3308 post
360 3249 481 3294 nonnulla
492 3248 522 3294 de
533 3247 686 3308 celebrando]
701 3247 812 3309 Qnoestio
822 3248 854 3295 de
865 3246 954 3307 pascha
965 3247 1038 3294 toties
1050 3246 1162 3306 recurrit,
1173 3250 1202 3292 ut
1214 3246 1279 3292 Beda

178 3310 204 3358 in
216 3310 295 3359 literis
306 3311 441 3372 papalibus,
453 3312 499 3358 &c
511 3326 565 3371 qua
576 3312 606 3359 de
617 3326 646 3358 ea
658 3312 748 3372 scripta
760 3312 811 3359 sint
823 3319 930 3373 repetere
942 3310 1089 3358 abstinuerit
1098 3317 1150 3357 tum
1163 3309 1188 3355 in
1200 3308 1279 3357 literis

179 3375 285 3422 Houorii
298 3390 364 3435 pape
373 3376 404 3422 ad
416 3376 506 3423 clerum
519 3375 678 3423 Hibernicum
689 3392 710 3423 a.
719 3376 775 3441 639.
787 3376 813 3424 ii.
826 3390 863 3438 ¹9·
876 3383 929 3423 tum
941 3375 967 3422 in
978 3375 1057 3423 literis
1069 3374 1194 3421 Laurentii
1205 3372 1283 3434 Cant,

178 3440 208 3485 ad
220 3441 318 3487 eosdem
331 3441 355 3488 ii.
368 3452 391 3493 4.
426 3440 493 3487 idern
506 3440 565 3487 facit
576 3440 602 3487 in
618 3441 655 3487 his
671 3441 750 3488 literis
762 3440 878 3487 vitaliani
896 3454 973 3501 papae.
1006 3441 1107 3500 Deque
1120 3439 1235 3487 Usserius
1251 3438 1277 3485 in

177 3504 243 3551 nutis
261 3505 291 3552 ad
309 3506 354 3566 Ep.
369 3504 425 3551 Hib.
439 3504 499 3566 Syii.
512 3504 544 3553 N.
557 3504 591 3551 ix.
604 3520 627 3566 p.
641 3503 693 3552 126.
703 3505 820 3552 'observat
836 3505 901 3552 huuc
914 3504 1034 3553 deiectum
1052 3518 1083 3552 ex
1099 3502 1278 3564 antiquissimis

177 3568 337 3617 Whitbirusis
345 3569 452 3617 coenobii
463 3569 558 3615 schedis
569 3570 650 3631 aliquo
663 3570 734 3616 modo
746 3568 852 3629 suppleri
865 3583 947 3630 posse,
959 3568 984 3615 in
997 3569 1086 3629 quibus
1097 3569 1195 3628 praefixo
1205 3566 1277 3615 titulo

177 3631 290 3694 vitulini,
302 3634 365 3681 baud
376 3634 448 3680 dubie
457 3633 586 3689 vitaliani,
599 3648 666 3695 papae
676 3633 743 3680 urbis
755 3635 849 3688 Romae,
861 3632 996 3695 subjectum
1008 3634 1104 3694 reperit.
1139 3634 1276 3694 Nunquam

177 3699 243 3743 enim
255 3699 379 3746 celebrare
389 3698 503 3745 debemur
513 3705 628 3746 sanetum
642 3700 736 3759 pareda
753 3699 803 3745 riri
816 3699 951 3745 seeundum
962 3699 1121 3759 apostoticam
1137 3703 1161 3743 et
1175 3696 1277 3744 ratioti-

178 3763 329 3823 ramffiem,
340 3769 368 3810 et
379 3764 406 3809 in
418 3768 467 3809 toto
478 3763 535 3808 orbe
546 3763 684 3809 celebratur
694 3777 711 3809 a
726 3762 870 3809 Cbrtatiana
881 3762 963 3824 plebe,
974 3763 1003 3809 id
1014 3769 1058 3821 eat,
1069 3762 1204 3808 secundem
1219 3774 1277 3820 apo·

177 3828 288 3874 stolieam
300 3830 415 3887 regulam
427 3838 549 3873 cccxviii
561 3833 703 3874 sanctorum
717 3833 834 3887 patrum,
846 3834 871 3873 et
881 3832 1021 3887 computum
1031 3842 1062 3873 as.
1079 3825 1166 3885 cyrilli
1176 3830 1201 3870 et
1213 3823 1277 3871 Dio·

176 3892 252 3951 nyrii.
286 3892 357 3939 Nam
368 3894 395 3939 in
403 3898 452 3939 toto
464 3898 590 3939 terrarum
601 3892 657 3938 orbe
667 3893 703 3937 ric
713 3892 809 3939 Cicirri
818 3905 872 3937 aaa
882 3891 1002 3947 columba,
1014 3892 1060 3937 boe
1070 3896 1106 3936 ert
1117 3890 1218 3936 eeclesia
1229 3889 1277 3934 ian·

177 3958 306 4003 maculate
316 3963 430 4004 sanctum
438 3956 540 4017 porcia
548 3957 736 4002 rerurrectionis
747 3956 811 4002 diem
823 3957 937 4003 celebrat.
960 3954 1031 4002 Nam
1043 3954 1151 4001 Victoria
1161 3952 1277 4011 reguiam

174 4021 276 4079 pascha.»
286 4022 353 4068 sedes
364 4023 498 4083 apostolica
508 4034 557 4066 non
568 4020 723 4081 adprobavit,
735 4020 789 4066 ideo
799 4034 846 4067 nee
855 4022 968 4082 requitur
978 4020 1157 4080 dispositionem
1170 4017 1222 4077 ejus
1229 4030 1277 4077 pro

170 4086 275 4144 percha.
289 4085 315 4132 S.

211 4162 249 4197 ιο.
268 4150 402 4196 serendum
418 4154 556 4196 vestrorum
571 4151 719 4209 emptorem
735 4148 856 4209 tenorem]
877 4148 943 4195 Hine
959 4147 1056 4194 ridetur
1071 4161 1154 4207 regem
1172 4145 1275 4194 Osuium

176 4226 264 4273 papam
277 4228 376 4273 rogasse
387 4220 415 4261 ut
426 4213 567 4273 episcopum
579 4212 624 4261 sibi
638 4212 739 4272 eligeret
750 4219 776 4260 et
786 4212 903 4260 mitteret.
937 4213 970 4259 Et
985 4212 1121 4259 notandum
1134 4217 1172 4258 est
1188 4224 1277 4271 papam

176 4275 354 4325 nihii'scribere
366 4278 396 4325 de
407 4277 573 4325 consecrando
585 4277 717 4337 vignerio,
731 4290 810 4337 neque
820 4290 875 4324 eum
887 4284 1002 4337 nuquam
1014 4276 1120 4324 eiectum
1134 4289 1275 4336 agnoscere,

175 4354 220 4389 nec
231 4342 262 4389 de
273 4354 302 4389 eo
314 4357 342 4390 ac
354 4342 375 4389 ai
386 4344 416 4391 de
433 4342 546 4402 episcopo
564 4342 691 4403 designato
708 4342 842 4401 quidquam
859 4341 976 4403 iudicare,
986 4341 1100 4401 quamvis
1112 4341 1181 4390 Beda
1192 4348 1277 4388 narrat

174 4420 230 4453 erim
243 4407 344 4455 missurn
356 4408 431 4455 fuisse
441 4406 619 4455 ordinandum
637 4406 689 4454 sire
700 4406 746 4453 hoc
757 4406 833 4454 fuerit
848 4406 913 4467 quod
925 4420 968 4453 rex
979 4414 1057 4454 tutam
1069 4420 1121 4453 rem
1132 4406 1193 4453 adeo
1205 4405 1276 4465 piene
1317 4445 1319 4450 .

173 4484 243 4531 pape
254 4472 407 4531 permiserit3
423 4471 474 4519 sire
484 4470 549 4531 quod
561 4470 669 4519 noluerit
680 4485 743 4533 papa
751 4470 818 4533 regis
828 4477 853 4519 et
864 4469 1001 4533 Angiorum
1018 4471 1146 4520 arbitrium
1158 4470 1183 4518 ia
1196 4468 1276 4519 nomi·

175 4536 257 4583 nando
267 4535 380 4598 episeopo
392 4536 544 4585 confirmare.
867 4564 872 4571 ι
