3100 5125
73 347 175 424 —rgi
475 334 935 410 GENTISANGLORUM.
1195 347 1259 414 187

159 493 278 579 qnietis
293 493 556 558 omaau'adlcere
575 496 694 558 imis.
746 495 824 560 Vide
838 517 874 560 cs
887 509 973 560 eccas
986 495 1068 575 iada,
1082 518 1134 560 aec
1147 498 1184 562 de
1199 500 1259 566 leco

160 580 317 657 macons,
331 580 422 642 donec
440 579 516 642 tora
535 582 703 644 raeccioais
711 579 850 664 filliam
868 582 1031 649 trancas
1079 583 1168 648 Tunc
1191 584 1258 670 ipse

161 665 299 742 intrabo,
315 672 349 729 et
363 666 495 728 educam
509 672 544 729 te
558 666 641 729 iude.
687 666 780 730 Fecit
796 674 833 730 ut
847 667 898 730 ille
913 675 1067 745 suaserat,
1083 668 1258 733 sedentem-

162 762 240 836 queq
262 752 310 815 ad·
319 752 465 815 tumbam
482 752 595 829 sancti,
611 752 781 816 infirmitas
802 760 935 837 tangere
956 775 1157 839 nequaquam
1178 779 1258 841 prae-

120 837 319 921 258U1nPSli3
353 836 444 936 rquiu
469 836 503 899 in
524 844 653 902 tantum
676 837 792 920 timens
816 839 948 923 aufugit,
976 845 1013 902 ut
1038 861 1095 902 nec
1119 843 1258 904 secunda

162 921 293 999 dienen
307 928 414 1000 tertia,
426 943 529 1007 neque
544 942 694 1009 umquam
708 921 822 986 exinde
836 945 908 987 eum
920 925 1052 989 auderet
1064 926 1257 1010 contingere.

162 1007 255 1087 Quod
270 1009 317 1072 ita
332 1028 400 1072 esse
414 1014 540 1093 gestum
555 1010 608 1093 qui
622 1010 781 1072 referebat
795 1009 871 1072 mihi
886 1010 986 1072 frater
1000 1010 1073 1074 inde
1087 1010 1258 1075 adveniens

161 1093 289 1178 adjecit,
320 1094 406 1179 quod
438 1115 476 1157 eo
508 1095 612 1159 adhue
642 1101 786 1178 tempore
815 1117 877 1180 quo
907 1115 1029 1158 meeum
1057 1096 1256 1181 loquebatur,

162 1186 341 1263 superesset
360 1179 393 1241 in
412 1181 524 1243 eodem
542 1180 735 1244 monasterio
750 1181 818 1264 jam
830 1181 953 1264 juvenis
973 1181 1033 1257 ille,
1050 1181 1083 1244 in
1099 1204 1161 1266 quo
1181 1189 1258 1246 tunc

162 1287 260 1347 puero
274 1264 396 1329 factum
411 1272 481 1328 erat
500 1265 561 1329 hcc
580 1265 768 1329 miraculum
788 1266 945 1330 sanitatis.
991 1266 1059 1330 Nee
1078 1267 1258 1331 mirandum

117 1369 272 1434 sopreces
286 1350 371 1435 regis
390 1349 472 1413 illius
487 1352 555 1435 jam
570 1373 643 1414 eum
658 1351 796 1414 Domino
816 1351 988 1437 regnantis,
1004 1353 1140 1416 multum
1154 1354 1258 1417 valere

160 1436 248 1519 apud
262 1457 334 1498 eum
349 1435 403 1520 qui
417 1436 601 1521 temporalis
621 1437 710 1522 regni
725 1438 885 1522 quondam
906 1438 1121 1523 gubernacula
1136 1444 1256 1516 tenens,

159 1521 261 1606 magis
275 1543 334 1606 pro
348 1528 469 1584 aeterno
483 1545 582 1608 regno
596 1544 721 1607 semper
734 1523 880 1586 laborare
895 1545 932 1586 ac
947 1523 1108 1608 deprecari
1125 1524 1257 1588 solebat.

204 1607 349 1692 Denique
363 1606 470 1671 ferunt
485 1609 560 1693 quia
574 1631 595 1672 a
608 1616 752 1693 tempore
769 1609 936 1672 matutinae
959 1608 1061 1672 laudis
1083 1609 1197 1694 saepius
1215 1611 1257 1674 ad
1266 1625 1351 1672 Preces
1362 1639 1400 1672 re·
1478 1637 1481 1646 ¹

160 1691 245 1754 diem
274 1713 373 1777 usque
402 1691 435 1754 in
464 1693 661 1758 orationibus
694 1693 884 1779 perstiterit,
913 1701 1011 1778 atque
1040 1695 1081 1757 ob
1111 1696 1257 1758 crebrum
1266 1689 1310 1750 8³³·

159 1796 281 1840 morem
294 1777 417 1854 orandI,
433 1778 498 1842 sive
512 1779 634 1865 gratias
648 1780 764 1864 agendi
780 1779 917 1843 Domino
931 1801 1056 1863 semper
1069 1780 1257 1865 ubicumque
1325 1825 1329 1830 -

161 1864 283 1940 sedens,
307 1864 436 1949 supinas
462 1885 556 1950 super
578 1887 683 1950 genua
705 1887 763 1929 sua
786 1887 899 1928 manus
924 1865 1042 1928 habere
1068 1865 1179 1928 solitus
1203 1866 1256 1929 sit.

118 1965 150 2012 3⁵
166 1948 340 2034 Vulgatum
354 1956 405 2013 est
421 1956 540 2027 autem,
555 1957 589 2014 et
610 1951 643 2013 in
666 1951 927 2015 consuetudinem
947 1950 1107 2036 proverbii
1122 1971 1255 2028 versum,

161 2035 366 2117 quodetiam
388 2035 473 2098 inter
491 2037 589 2101 verba
610 2035 763 2100 orationis
786 2036 885 2100 vitam
906 2035 1033 2100 finierit.
1079 2036 1162 2100 Nam
1184 2058 1257 2100 eum

159 2121 257 2184 annis
281 2128 314 2184 et
337 2121 483 2184 hostibus
513 2122 751 2206 circumseptus,
771 2123 972 2206 jamjamque
988 2121 1110 2185 videret
1131 2143 1164 2186 se
1189 2144 1257 2186 esse

159 2206 386 2290 perimendum,
417 2209 537 2280 oravits
568 2229 626 2291 pro
655 2207 822 2271 animabus
852 2208 1010 2272 exercitus
1039 2207 1095 2270 sui.
1160 2208 1255 2270 Unde

159 2291 273 2356 dicunt
295 2291 328 2355 in
351 2294 537 2376 proverbio:
576 2297 659 2356 Deus
681 2295 818 2356 mamere
841 2293 1009 2370 animabus,
1035 2294 1116 2357 dicit
1141 2294 1259 2357 Osacld

158 2377 314 2440 cadensis
327 2388 451 2441 terram.

203 2463 285 2526 Ossa
308 2463 409 2548 igitur
426 2463 508 2525 illius
531 2463 688 2527 translata
709 2471 742 2527 et
759 2463 890 2527 condita
912 2470 987 2526 sunt
1011 2463 1042 2525 in
1063 2464 1255 2527 monasterio
1264 2483 1407 2531 Tonantio

115 2551 237 2633 coique
252 2547 407 2613 diximus:
431 2572 527 2635 porro
542 2555 640 2634 eaput
655 2555 688 2613 et
707 2570 820 2613 manus
839 2570 911 2613 cum
927 2548 1066 2614 brachiis
1086 2574 1106 2614 a
1124 2572 1255 2633 corpere
1265 2548 1378 2635 reliquia-

159 2635 318 2717 praecisas,
331 2635 429 2719 jussit
444 2658 501 2699 rex
517 2636 570 2718 qui
585 2635 754 2711 occideret,
771 2636 803 2696 in
819 2634 982 2718 stipitibus
997 2635 1156 2720 suspendi.
1185 2636 1255 2714 Quo
1265 2613 1419 2726 puppemq-

157 2726 232 2803 post
246 2743 364 2783 annum
376 2721 503 2783 veniens
518 2721 747 2784 eumvexereitu
762 2741 925 2783 successor
939 2720 1028 2804 regni
1040 2721 1107 2803 ejus
1123 2719 1253 2797 uOsuiu,

157 2806 292 2870 abstulit
315 2828 362 2882 ea,
388 2814 421 2870 et
445 2815 544 2891 caput
569 2806 696 2890 quidem
722 2807 754 2868 in
781 2804 964 2869 ooemeterio
990 2805 1256 2868 Lindisfarnensis

157 2892 315 2956 ccclesiae:
338 2891 371 2953 in
385 2891 475 2977 regia
488 2914 563 2955 vero
578 2892 707 2956 civitate
722 2913 835 2955 manus
851 2912 923 2955 eum
938 2890 1078 2953 brachiis
1093 2890 1244 2955 condidit.

80 3037 146 3097 1¹6
588 3049 696 3114 dAP.
720 3050 823 3112 XIII.

229 3155 267 3211 Ut
280 3157 307 3211 in
321 3154 457 3212 Hibernia
475 3156 513 3211 sit
531 3157 638 3230 quidam
651 3174 705 3229 per
718 3156 847 3230 reliquias
862 3156 919 3228 ejus
933 3174 949 3211 c
963 3158 1059 3212 mortis
1073 3158 1188 3214 articulo

632 3245 780 3293 revocatus.

202 3328 268 3392 Nnc
290 3330 390 3393 solum
412 3330 521 3415 inclyti
543 3330 628 3393 fama
643 3330 702 3393 viri
717 3330 888 3394 Brittaniae
910 3332 988 3394 fines
1014 3331 1162 3395 lustravit
1188 3330 1387 3392 uni-Miracula

158 3428 275 3492 versos,
292 3416 347 3479 sed
363 3415 460 3479 etiam
475 3422 565 3479 trans
580 3437 731 3479 occanum
751 3417 843 3501 longe
858 3415 965 3479 radios
985 3416 1154 3480 salutiferae
1175 3414 1255 3515 lucis
1265 3407 1391 3517 2332?sp

134 3522 322 3586 5spargens,
339 3502 517 3565 Germania
533 3502 674 3565 simulet
690 3500 855 3565 Hiberniae
870 3508 979 3587 partes
994 3500 1115 3585 attigit.
1161 3502 1255 3563 Deni-

188 3666 203 3703 11
216 3667 273 3701 am
283 3656 320 3701 cd
329 3655 390 3702 V.G.
507 3658 646 3715 rquonicm
659 3654 688 3700 V.
799 3630 900 3699 ''orevil
911 3646 1094 3700 cd'Domiaum
1102 3668 1182 3714 pro-
1195 3652 1254 3699 V.G.

155 3720 242 3781 tquod
248 3720 310 3765 V.G.
410 3730 422 3751 ¹¹
436 3719 513 3766 Oraia
524 3720 554 3765 V.
929 3738 931 3743 ·

187 3862 227 3910 39.
244 3849 317 3910 Ossa]
337 3849 458 3911 Tempore
475 3847 626 3896 DenIearum
645 3847 807 3907 lrnrptionum
826 3862 848 3894 a.
861 3862 909 3911 910
926 3860 982 3893 ossa
999 3862 1018 3893 s.
1030 3846 1137 3894 Osweldi
1156 3844 1256 3891 sBear-

155 3915 242 3961 densis
259 3914 289 3961 ud
306 3914 467 3962 Gloccetrism
485 3914 604 3961 translate
620 3912 743 3968 dicuutur,
761 3919 862 3958 cornute
881 3910 1006 3957 AEdilredo
1024 3910 1173 3957 Merciorum
1191 3923 1255 3969 rege,

158 3980 216 4040 [leg.
228 3980 306 4025 duee:
324 3979 389 4025 conf.
402 3978 549 4038 Bmmpton,
565 3992 588 4037 p.
600 3976 670 4036 833]
686 3976 746 4022 Sim.
760 3976 828 4022 Dun.
864 3975 973 4035 Brompt.
1006 3973 1107 4021 Infinita
1125 3988 1181 4020 vero
1199 3980 1256 4020 sunt

156 4044 211 4091 locs
228 4057 277 4089 non
298 4042 378 4089 solum
395 4043 421 4090 in
434 4042 534 4103 Anglii,
546 4042 588 4100 sed
603 4040 629 4086 in
648 4040 735 4099 Belgio
751 4038 835 4098 etiam,
852 4047 877 4086 et
893 4038 1021 4096 Hibernia,
1034 4052 1087 4097 quae
1103 4036 1218 4099 reliquias
1235 4052 1254 4085 s.

151 4106 262 4154 Osrraldi
271 4108 412 4162 vendIcent,
425 4112 453 4153 ut
464 4108 544 4167 plures
555 4105 663 4165 legendae
674 4118 757 4151 earum
770 4102 933 4163 disquisitioni
948 4116 995 4149 uon
1009 4101 1152 4149 sufficerent.
1170 4104 1195 4148 S.

189 4184 229 4229 40.
251 4172 337 4233 caput]
362 4172 400 4219 Ab
417 4170 541 4227 omnbus,
561 4177 588 4217 ut
608 4176 677 4229 puto,
697 4181 838 4214 concessum
860 4174 897 4213 est
913 4174 986 4227 ceput
1006 4182 1026 4213 s.
1043 4166 1152 4213 Osweldi
1172 4172 1253 4225 postea

156 4236 287 4294 repositum
305 4235 330 4282 in
347 4235 429 4283 loculo
445 4250 500 4282 eum
519 4248 619 4293 corpore
634 4248 654 4279 s.
666 4230 802 4285 Cuthberti‚
819 4238 843 4277 et
861 4245 916 4278 cum
935 4245 964 4277 eo
984 4232 1082 4277 tandem
1095 4230 1254 4278 Dunelmiam

155 4300 262 4347 deletum
276 4305 301 4346 et
312 4300 376 4347 luter
387 4299 486 4347 brechia
497 4299 550 4358 ejas
562 4299 696 4348 Inventum.
731 4295 795 4343 Vide
806 4296 845 4341 W.
859 4296 947 4341 Malm.
959 4295 988 4342 de
999 4294 1090 4343 Pontis.
1101 4294 1143 4342 lib.
1158 4294 1203 4353 iii,
1220 4295 1254 4356 [p.

156 4362 211 4425 27'6.
226 4363 293 4424 278.]
309 4363 334 4410 in
347 4361 478 4411 Edmnndo
488 4372 514 4411 et
525 4362 657 4423 Ranulpho
668 4360 789 4421 episeopis
801 4358 917 4407 Duuelm.
936 4360 959 4405 S.

188 4440 228 4489 43.
240 4443 330 4475 manus
341 4444 397 4475 eum
409 4426 528 4487 baetin]
549 4427 610 4474 Vide
621 4425 693 4486 hujus
705 4424 760 4470 libri
772 4431 845 4485 ceput
858 4430 961 4471 scutum.
981 4425 1005 4472 S.

199 4514 297 4555 BAEDA.
699 4512 717 4548 Τ
