3100 5125
71 297 152 362 -8.
477 299 641 365 GENTIS
663 300 936 366 ANeLORUM.
1209 306 1253 374 89

156 449 291 515 flammis
311 451 470 516 consumi:
495 452 608 536 quibus
630 475 701 516 cum
723 453 808 517 nullo
829 475 984 537 aquarum
1006 453 1124 537 injectu
1146 462 1255 539 posset

156 535 269 621 aliquis
285 537 448 615 obsistere,
461 539 591 624 jamque
613 538 749 602 civitatis
772 546 857 602 esset
877 561 952 624 pars
967 546 1094 603 vastata
1114 563 1177 602 uon
1197 543 1255 604 mi·

156 621 251 700 nima,
267 629 365 708 atquc
384 624 426 687 ad
447 622 651 709 lepiscopium
664 625 772 688 furens
790 647 824 688 se
838 625 966 689 flamma
981 625 1139 702 dilataret,
1159 628 1254 689 confi·

158 708 236 772 dens
259 708 423 795 episcopus
448 709 481 772 in
503 710 651 788 divinum,
674 711 728 773 ubi
754 711 926 774 humanum
948 712 1069 786 deerat,
1092 711 1252 790 auxilium,

153 794 249 878 jussit
264 817 298 860 se
312 795 438 859 obviam
450 796 660 872 saevientibus,
674 803 707 860 et
722 797 784 859 huc
800 796 934 880 illucque
945 796 1122 860 volantibus
1135 797 1254 882 ignium

118 879 258 964 reglobis
278 881 390 945 efferri.
445 881 527 944 Erat
550 888 658 946 autem
677 903 715 944 eo
738 881 799 945 loci
820 883 875 945 ubi
896 883 1095 946 flammarum
1116 883 1254 968 impetus

156 967 293 1030 maxime
315 968 526 1044 incumbebat,
548 967 736 1052 martyrium
758 968 926 1031 beatorum
949 969 1093 1048 Quatuor
1115 969 1254 1033 (lerona

156 1056 273 1116 torum.
319 1053 368 1115 Ibi
390 1053 531 1137 perlatus
551 1054 782 1136 obsequentum
800 1053 947 1116 manibus
967 1053 1139 1139 episcopus,
1155 1055 1253 1139 coepit

156 1139 278 1202 orando
292 1137 465 1221 periculum
479 1139 622 1201 infirmus
636 1138 773 1223 abigere,
790 1139 875 1222 quod
890 1139 982 1203 firma
997 1139 1126 1204 fortium
1140 1161 1253 1204 manus

155 1223 291 1287 multum
312 1223 486 1287 laborando
508 1225 702 1308 nequiverat.
749 1224 815 1287 Nec
833 1246 931 1301 mora,
948 1232 1061 1288 ventus
1075 1226 1128 1310 qui
1148 1249 1168 1289 a
1188 1249 1253 1290 me-

155 1307 236 1372 ridie
250 1310 339 1386 flans,
356 1308 456 1372 murbi
471 1309 615 1374 incendia
626 1315 797 1394 sparserat,
809 1317 922 1373 contra
932 1310 1095 1374 meridiem
1105 1312 1251 1389 reflexus,

117 1394 992 1546 ¹⁵tibursulturus.ssusluu.us
1139 1404 1251 1547 ur

154 1571 253 1652 atq1m
276 1531 440 1631 existiuotis
463 1505 665 1652 compescuiii.
710 1566 756 1630 Et
779 1529 854 1650 quis
876 1567 925 1630 vir
950 1504 1025 1630 Deip
1039 1568 1112 1652 igne
1137 1505 1252 1633 diiii-d

156 1652 300 1717 caritatis
314 1653 442 1716 fortiter
459 1653 603 1729 ardebat,
621 1652 717 1736 nquia
732 1659 940 1736 tempestates
957 1660 1153 1736 potestatum
1170 1654 1253 1718 aeri·

154 1759 246 1802 arum
262 1761 283 1802 a
302 1760 360 1802 sua
382 1761 572 1822 suorumque
591 1738 718 1802 laesione
733 1737 852 1801 crebris
865 1739 1062 1802 orationibus
1077 1739 1125 1802 vel
1140 1740 1253 1802 exhor-

154 1824 331 1888 tationibus
360 1825 510 1909 repellere
539 1829 753 1897 consueverat,
785 1823 898 1887 merito
924 1824 1026 1888 ventis
1055 1824 1253 1908 flammisque

155 1909 366 1974 mundialibus
387 1911 566 1995 praevalere,
583 1919 616 1974 et
639 1932 679 1972 ue
701 1909 760 1972 sibi
783 1908 910 1993 suisque
931 1917 1092 1986 nocerent,
1109 1910 1253 1974 obtinere

176 2001 292 2060 oterat.

113 2017 175 2154 wp
200 2080 246 2145 Et
274 2081 325 2144 hio
355 2103 431 2167 ergo
459 2089 629 2166 post-quam
657 2080 748 2144 annis
779 2080 917 2165 quinque
948 2080 1033 2146 rexit
1069 2080 1250 2156 ecclesiam
1263 2090 1353 2138 Melliti

155 2167 342 2231 AEodbaldo
359 2177 513 2252 regnante
531 2167 679 2252 migravit
700 2167 742 2230 ad
763 2167 865 2243 caelos,
886 2166 1089 2252 sepultusque
1109 2173 1159 2230 est
1180 2155 1350 2230 oum⁰b¹‘⁰⁸·

155 2253 300 2337 patribus
325 2253 390 2317 suis
412 2253 444 2316 iu
467 2253 636 2352 saepedicto
658 2252 852 2316 monasterio
873 2259 907 2316 et
929 2251 1058 2316 ecclesia
1079 2253 1253 2319 beatissimi

154 2338 371 2422 apostolorum
392 2339 550 2424 priucip1s,
566 2360 650 2402 anno
672 2339 715 2402 ab
736 2337 954 2402 incarnatione
976 2338 1104 2401 Domini
1125 2360 1252 2402 sexcen-

154 2423 269 2488 tesimo
284 2423 430 2488 vicesimo
445 2431 568 2509 quarto,
581 2424 635 2493 ,die
651 2431 764 2487 octavo
778 2423 985 2488 kalendarum
1000 2425 1190 2488 ⁰Maiarum.
1260 2431 1414 2494 sputum

1269 2496 1404 2557 anea

587 2568 694 2633 OAP.
723 2568 822 2632 VIII.

113 2696 145 2745 ²5
168 2673 206 2730 Ut
219 2674 380 2749 Bonifatius
388 2693 463 2749 popa
476 2674 558 2731 Justo
571 2675 720 2731 successori
733 2676 793 2747 ejus
802 2675 918 2750 pallium
932 2683 958 2731 et
972 2676 1112 2751 epistolem
1126 2676 1241 2731 miserit.

199 2768 258 2831 Our
278 2768 390 2833 statim
408 2768 559 2832 successit
576 2768 612 2831 in
632 2768 853 2853 pontificatum
866 2769 992 2847 «iustus,
1009 2770 1061 2854 qui
1077 2776 1147 2833 erat
1165 2768 1414 2831 Hrotustuscan·

153 2852 250 2917 sensis
265 2854 402 2919 ecclesius
417 2853 592 2938 episcopus.
637 2854 687 2917 Illi
709 2862 818 2919 autem
838 2854 976 2919 ecclesiae
992 2856 1170 2918 Romanum
1191 2852 1322 2937 promr-
1335 2846 1377 2893 IV·

153 2959 188 3002 se
203 2940 397 3004 consecravit
411 2940 600 3025 episcopum,
617 2940 694 3003 data
708 2940 768 3003 sibi
784 2940 951 3004 ordinandi
965 2942 1128 3026 episcopos
1142 2946 1250 3003 aucto-

152 3024 250 3089 ritate
274 3048 294 3089 a
319 3025 468 3110 pontifice
490 3024 661 3102 Bonil'acio,
685 3046 779 3110 quem
800 3048 1013 3091 successorem
1033 3027 1129 3090 fuisse
1151 3026 1251 3088 Deus·

153 3110 243 3175 dedit
257 3133 354 3196 supra
367 3110 584 3185 meminimus;
609 3110 698 3194 cujus
712 3111 915 3176 auctoritatis
929 3113 993 3176 ista
1007 3119 1057 3176 est
1071 3113 1191 3176 forma:

111 3222 145 3271 30
196 3197 400 3261 Dieotsemo
405 3198 512 3280 fratri
525 3197 626 3272 Justo,
640 3197 831 3280 Bortifccios.
871 3198 969 3276 Qscorn
983 3199 1090 3274 decom
1106 3218 1253 3282 quomque
1261 3208 1382 3257 bonifacii

151 3282 243 3345 etiam
265 3282 430 3367 cipimtcr
443 3303 504 3367 pro
526 3283 640 3346 Olm'sti
660 3282 827 3367 Ecoupclio
847 3281 1045 3347 ehtlmcoerit
1065 3292 1163 3346 oestro
1176 3275 1370 3366 frofepistola

151 3368 362 3441 mitescere
380 3368 474 3431 solum
493 3368 625 3452 epistole
641 3390 662 3430 o
680 3366 760 3431 cobis
774 3368 901 3432 directe
914 3377 1007 3445 uror,
1021 3369 1112 3433 oneo
1128 3368 1252 3433 inducito

186 3484 192 3517 ¹
204 3488 340 3549 episcopum
350 3487 412 3535 V.G.
514 3498 538 3527 m
549 3488 591 3535 ubi
602 3488 631 3535 V.
739 3498 755 3527 1¹
768 3490 812 3550 qui
823 3486 886 3535 V.G.
993 3498 1007 3527 0
1018 3488 1175 3536 Martiarum
1186 3488 1218 3537 V.

190 3598 226 3632 ιι.
238 3585 364 3633 beatorem
376 3584 495 3647 ,Quotuor
510 3584 697 3646 Coronctmm]
713 3584 809 3644 Nempe
821 3583 916 3640 Severi,
929 3584 1069 3641 severiani,
1082 3585 1214 3644 Victorini,
1227 3592 1252 3633 et

153 3648 314 3711 Carpophori,
325 3649 367 3711 qui
379 3649 538 3697 DIoclesisuo
556 3656 674 3712 regnante
685 3650 771 3697 Romus
786 3649 850 3709 pessi
867 3664 920 3696 esse
937 3650 1055 3697 feruntur.
1089 3651 1151 3698 Cum
1169 3658 1249 3698 sutem

150 3714 204 3761 dien
221 3713 310 3761 usulis
326 3728 370 3776 per
386 3714 506 3761 incuriam
524 3714 657 3776 neglectus,
675 3714 777 3761 minime
794 3713 895 3775 reperiri
913 3721 1019 3775 poteret,
1033 3721 1152 3762 statutum
1169 3722 1207 3761 est
1223 3722 1251 3762 ot

150 3792 236 3827 comm
247 3778 365 3827 memoris
377 3778 446 3827 fieret
456 3779 528 3827 simul
540 3793 595 3826 cum
607 3778 662 3825 eliis
672 3778 780 3840 quinque
790 3792 893 3840 quorum
902 3779 954 3826 dies
965 3778 1055 3826 ustslis
1065 3778 1216 3835 serrabatur,
1225 3787 1251 3826 et

151 3844 178 3889 in
193 3843 279 3890 borum
297 3842 408 3901 ecclesis,
427 3844 520 3891 scilicet
536 3842 642 3901 Claudii,
660 3842 806 3898 Nicostrati,
822 3843 1004 3905 SymphorIeni,
1019 3843 1134 3897 Castorii,
1146 3849 1171 3890 et
1187 3842 1252 3890 Sim-

151 3906 228 3970 pIIcii.
257 3906 289 3956 Et
300 3908 356 3956 hinc
367 3908 482 3971 perfacile
493 3914 530 3955 cst
540 3905 669 3955 obtendere
679 3907 759 3954 locum
771 3908 842 3955 illum
854 3907 880 3953 iu
892 3909 992 3955 Auctor.
1005 3908 1036 3954 ud
1047 3906 1106 3955 Bed.
1120 3907 1250 3969 Martyrol.

152 3986 204 4019 uuo
215 3971 290 4019 verbo
305 3974 341 4019 od
355 3972 484 4034 suppleto3
501 3986 588 4033 nempe
605 3974 626 4019 si
643 3971 778 4019 scribetur:
797 3971 845 4018 VI.
857 3970 896 4020 Id.
907 3971 1036 4035 (Novem.)
1053 3972 1139 4019 Rmuoe
1154 3978 1252 4019 sancto.

149 4050 210 4083 ream
219 4036 338 4099 ,ῥυσίων
349 4037 576 4093 correcturarum
588 4037 686 4083 OEoudii
697 4036 838 4083 Nicostrati
846 4035 1023 4098 Symphoriaui
1032 4038 1139 4083 Gostcrii
1147 4042 1173 4083 et
1184 4035 1250 4083 Sirr-

146 4102 227 4163 plicii
260 4101 321 4150 Hrsc
337 4103 403 4149 euim
416 4108 498 4162 aperte
510 4114 579 4149 meus
590 4107 628 4148 est
637 4100 762 4161 scriptoris
773 4101 834 4147 Cod.
846 4100 890 4158 A,
900 4114 972 4162 quem
984 4100 1063 4147 Smith
1074 4100 1142 4160 citat,
1154 4108 1181 4147 ut
1198 4114 1250 4149 me·

150 4166 230 4276 piloris
239 4164 352 4243 Qustuor
360 4166 538 4278 compatrum
544 4165 677 4277 gepeffiupiu
684 4172 782 4276 ppnppm
792 4164 818 4276 lu
827 4165 867 4277 ἷξε
878 4164 1008 4276 nsvtrplipied
1017 4164 1133 4277 dfiasm‘lli
1147 4164 1250 4213 ecclesis

149 4242 249 4277 ionum
277 4245 319 4277 inu
337 4245 431 4278 nemer
459 4244 521 4277 rum.
567 4245 600 4276 1.
633 4244 670 4277 e.
713 4244 727 4276 a
769 4244 813 4276 ro.
851 4244 890 4276 or.
941 4243 1040 4276 .1.e.
1073 4244 1106 4276 nu
1134 4261 1141 4276 .

188 4302 225 4357 17.
231 4245 384 4357 poiesrcitum
394 4246 532 4355 umbrisne]
546 4295 634 4355 Ephes.
647 4294 672 4341 ii.
683 4309 705 4341 s.
751 4244 767 4291 y

185 4370 225 4420 31.
234 4374 283 4407 oon
292 4360 488 4419 sotum—immo]
504 4360 595 4406 Eadem
608 4359 688 4406 forms
698 4366 736 4405 est
747 4355 821 4414 infre,
837 4371 878 4405 ιιι
896 4357 982 4420 supple
992 4361 1084 4411 etium
1102 4359 1250 4421 velquoque,

148 4430 179 4471 ut
190 4422 255 4472 infra
266 4423 297 4471 sd
308 4424 392 4481 linem,
404 4440 453 4471 non
464 4426 648 4471 solum-immo
662 4437 757 4485 quoquc
765 4425 914 4471 carinarum.
947 4424 994 4471 Sed
1011 4424 1089 4487 stylus
1105 4424 1173 4473 hicce
1187 4424 1250 4472 sale·

149 4486 238 4535 brosus
249 4494 321 4550 etque
331 4489 439 4537 insulsus
448 4488 489 4535 rix
502 4488 532 4536 sd
544 4502 656 4535 normam
670 4487 753 4535 Latini
764 4488 885 4535 sermonis
896 4488 974 4550 redigi
986 4496 1074 4551 potest.

194 4574 292 4615 BADA.
689 4573 711 4612 N
