3100 5125
99 323 188 380 —4
266 327 270 333 ·
493 310 658 378 GENTIS
680 314 952 379 ANcLonUM.
1226 321 1289 386 187

191 462 627 613 reverso,ipse0pereg1inus
652 488 711 549 pro
737 465 875 529 Domino
901 488 1000 551 usquo
1025 466 1067 531 ad
1092 466 1188 530 finem
1213 467 1288 532 vitae

191 548 376 629 permansit.
448 572 502 614 um
521 572 597 636 ergo
616 551 738 616 veniret
760 552 804 615 ad
828 574 901 615 eum
922 553 1017 637 longo
1042 559 1117 636 post
1135 559 1287 637 tempore,

192 633 298 717 gratia
312 634 516 716 visitationis,
531 638 570 701 de
589 637 751 702 Brittania
768 639 816 702 vir
835 638 1051 702 sanctissimus
1073 645 1107 703 et
1127 639 1289 702 continen-

153 718 344 800 latissimus,
373 722 525 788 vocabulo
555 722 716 808 Hygbald,
747 723 801 808 qui
830 729 900 788 erat
929 724 1030 788 abbas
1058 724 1091 787 in
1128 724 1290 810 provincia

195 803 344 889 Lindiam,
358 815 393 872 et
412 815 450 872 ut
469 815 597 876 sanctos
617 808 761 885 decebat,
776 809 898 874 devita
917 810 1059 894 priorum
1077 817 1206 893 patrum
1226 833 1290 874 ser·
1308 885 1309 888 Ἴ

192 913 319 956 monem
343 893 497 972 facerent,
519 901 618 978 atque
639 895 722 959 hano
743 895 886 959 aemulari
910 896 1096 980 gauderent,
1119 896 1290 960 intervenit

192 978 313 1042 mentio
333 981 578 1046 reverentissimi
599 981 754 1062 antitistis
770 981 917 1056 ceadda,
950 981 1093 1066 dixitque
1109 981 1288 1067 Eegberct:
1373 1033 1374 1040 ,

194 1064 264 1127 Seio
278 1065 424 1131 bominem
442 1067 478 1134 ia
491 1067 548 1131 Irae
567 1067 670 1130 insula
686 1067 786 1130 adlice
805 1067 839 1129 in
860 1088 950 1130 carne
965 1077 1139 1143 manentem,
1155 1069 1209 1152 qni
1223 1089 1291 1130 cam

194 1150 245 1212 cir
265 1151 317 1216 ille
337 1152 374 1216 de
393 1153 503 1220 moade
524 1155 676 1229 transiret,
695 1153 774 1217 cidit
795 1153 931 1215 animam
949 1152 1045 1215 Oedda‘
1055 1153 1175 1235 fravas
1193 1153 1291 1238 ἐφείω

152 1256 261 1312 iscam
279 1238 398 1322 aymim
418 1239 592 1327 onpebram
615 1237 801 1302 idescendere
824 1238 860 1300 de
882 1238 961 1312 aaa,
980 1248 1009 1301 ot
1029 1239 1170 1302 adsumta
1193 1260 1290 1302 secam

193 1321 300 1385 anima
314 1323 386 1408 esna
401 1325 453 1388 ad·
465 1325 596 1388 scelestis
616 1346 710 1408 repon
731 1324 841 1388 redire.
889 1324 980 1404 Quod
1002 1331 1110 1388 utrum
1131 1325 1171 1387 de
1193 1347 1227 1388 se
1248 1347 1290 1388 an

194 1407 234 1470 de
257 1407 319 1472 alio
342 1409 449 1494 aliquo
472 1410 602 1486 diceret,
626 1410 717 1474 nobis
742 1417 851 1474 manet
876 1409 1040 1488 incertum,
1063 1410 1158 1474 kdum
1181 1417 1290 1474 tamen

193 1493 253 1592 boc
279 1492 365 1577 quod
387 1498 498 1562 tantus
524 1492 572 1562 vir
594 1489 677 1560 dixit
702 1489 776 1584 quia
800 1517 909 1559 verum
935 1496 977 1559 sit
1003 1518 1071 1559 esse
1100 1518 1164 1559 non
1188 1495 1290 1580 possit

192 1587 358 1644 incertum.
655 1606 658 1611 ·

238 1665 328 1731 Obiit
341 1674 450 1735 autem
465 1670 595 1735 Ocadda
616 1675 708 1731 sexto
730 1667 781 1731 die
803 1689 958 1731 nonarum
975 1663 1176 1744 Martiarum,
1193 1674 1226 1731 et
1244 1689 1290 1731 se-
1301 1685 1377 1733 Mara
1387 1684 1410 1731 d.
1424 1699 1446 1732 α.

194 1751 303 1834 pultus
318 1760 368 1817 est
388 1755 491 1838 primo
507 1755 633 1840 quidem
649 1754 744 1837 juxta
764 1754 926 1817 ecclesiam
946 1762 1063 1817 sanotae
1078 1753 1210 1826 Mariee3
1236 1754 1291 1816 sed
1302 1751 1373 1797 M>-
1387 1748 1442 1810 ⁶7²·

154 1839 398 1921 eopostmodum
413 1848 598 1904 constructa
612 1840 731 1902 ibidem
746 1839 876 1903 ecclesia
890 1839 1064 1903 beatissimi
1075 1840 1292 1923 apostolorum
1301 1815 1405 1927 8532}ae

195 1923 346 2008 principis
361 1926 460 2003 Petri,
476 1927 509 1989 in
529 1927 662 1991 eandem
684 1933 759 1989 sunt
780 1927 847 2009 ejus
870 1947 943 1989 ossa
964 1925 1130 1989 translata.
1175 1925 1214 1988 In
1230 1946 1292 2009 quo

195 2014 332 2095 utroque
352 2010 431 2087 loeo,
455 2013 497 2076 ad
519 2012 671 2076 indicium
692 2011 821 2074 virtutis
843 2011 933 2087 illius,
949 2011 1052 2074 solent
1074 2011 1186 2074 crebra
1211 2009 1293 2074 sani-

194 2100 302 2158 tatum
315 2096 467 2163 miracula
481 2098 615 2183 operari.
661 2097 808 2181 Denique
822 2119 923 2180 nuper
937 2095 1139 2181 phreneticus
1154 2095 1292 2179 quidam,

195 2181 271 2243 dum
300 2205 358 2266 per
387 2191 502 2248 cuncta
530 2184 666 2247 errando
695 2183 894 2258 discurreret,
926 2181 1052 2246 devenit
1081 2181 1125 2245 ibi
1155 2203 1293 2266 vespere,

196 2267 418 2346 nescientibus,
434 2270 499 2334 sive
520 2292 584 2333 non
606 2269 791 2333 curantibus
813 2268 872 2331 loci
894 2267 1086 2344 custodibus,
1103 2274 1136 2331 et
1157 2265 1201 2330 ibi
1223 2273 1294 2330 tota

196 2359 290 2415 nocte
309 2355 517 2438 requiescens,
533 2378 626 2418 mane
643 2361 757 2418 sanato
772 2376 866 2417 sensu
882 2376 1035 2438 egressus,
1052 2353 1240 2417 mirantibus
1260 2360 1294 2416 et

156 2465 187 2513 25
197 2439 410 2522 gaudentibus
425 2442 557 2516 cunctis,
573 2441 662 2526 ¹quid
678 2441 723 2503 ibi
737 2439 886 2504 sanitatis
901 2440 1039 2503 Domino
1053 2440 1101 2502 lar
1124 2439 1206 2502 'ente
1222 2459 1293 2500 con-

196 2532 391 2608 sequeretur,
407 2528 556 2593 ostendit.
603 2527 664 2591 Est
686 2533 794 2590 autem
815 2525 903 2590 loeus
923 2525 1006 2589 idem
1028 2461 1161 2610 sepuldri
1181 2524 1294 2588 tumba

196 2609 302 2695 lignea
323 2611 356 2673 in
379 2614 507 2675 modum
528 2613 708 2677 domunculi
727 2613 814 2675 sacta
829 2618 1006 2697 ooopertus,
1024 2611 1193 2673 mhabente
1207 2610 1292 2672 fora-

196 2718 270 2759 men
291 2697 324 2761 in
346 2698 480 2783 pariete,
494 2721 553 2783 per
567 2700 648 2783 quod
671 2697 775 2762 solent
794 2697 828 2761 hi
851 2698 905 2782 qui
927 2718 1022 2760 causa
1043 2694 1219 2758 devotionis
1241 2695 1293 2757 illo

197 2782 379 2861 adveniunt,
395 2807 525 2848 manum
544 2806 635 2848 suam
656 2784 838 2859 immittere,
853 2805 891 2846 ac
912 2789 1038 2867 partem
1061 2779 1196 2865 pulveris
1220 2780 1293 2843 inde

197 2868 382 2934 adsumere:
407 2893 502 2954 quarn
517 2892 589 2933 cum
608 2870 641 2932 in
655 2891 755 2953 aquas
773 2868 919 2931 miserint
938 2875 1036 2951 atque
1055 2867 1113 2929 has
1133 2865 1293 2929 infirman-

155 2979 190 3025 ³0
198 2954 285 3018 tibus
301 2956 454 3039 jumentis
469 2956 534 3020 sive
554 2955 732 3018 hominibus
751 2955 927 3039 gustandas
941 2952 1097 3030 dederint,
1112 2973 1187 3016 mox
1208 2952 1293 3014 infir-

197 3040 320 3105 mitatis
335 3041 444 3105 ablata
458 3041 613 3116 molestia,
630 3040 767 3124 ncupitae
783 3039 946 3123 sospitatis
982 3038 1077 3101 audia
1091 3037 1267 3101 ⁰redibunt.

241 3126 280 3188 In
309 3128 399 3211 cujus
424 3127 527 3191 locum
556 3126 714 3190 ordinavit
744 3126 930 3189 Theodorus
960 3062 1161 3209 lyddam,
1192 3122 1294 3186 virum
1303 3144 1422 3207 Wyufnd.

196 3211 315 3275 bonum
329 3234 368 3276 ac
381 3214 570 3288 modestum,
587 3213 650 3298 qui,
667 3213 749 3276 sicut
768 3213 1015 3296 praedeeessores
1033 3210 1110 3293 ejus,
1126 3207 1294 3293 provinciis

140 3326 148 3345 ·
198 3297 394 3362 Marciorum
413 3306 446 3363 et
468 3299 778 3362 Mediterraneorum
797 3298 973 3381 Anglorum
993 3303 1026 3359 et
1043 3294 1294 3358 Lindisfarorum

196 3383 398 3467 episcopatus
420 3385 524 3449 officio
538 3390 709 3469 praeesset:
733 3384 766 3445 in
791 3383 906 3467 quibus
925 3381 1047 3445 cunetis
1063 3379 1223 3453 Vulfheri,
1240 3378 1293 3462 qui

196 3469 301 3532 adhuc
316 3477 491 3554 supererat,
507 3478 667 3555 sceptrum
688 3469 777 3554 regni
799 3469 940 3532 tenebat.
985 3467 1068 3531 Erat
1082 3472 1191 3529 autem
1207 3464 1295 3547 Vyn-

154 3572 187 3621 35
196 3554 259 3616 frid
273 3554 313 3617 de
329 3556 412 3619 clero
428 3557 496 3639 ejus
511 3555 562 3619 eui
578 3556 645 3639 ipse
663 3561 857 3618 successerat
878 3552 1043 3630 antistitis,
1060 3558 1093 3615 et
1108 3551 1294 3616 diaconatus

196 3640 299 3704 officio
314 3642 427 3705 subeo
442 3663 506 3704 non
515 3663 622 3726 pauco
637 3648 781 3725 tempore
795 3640 997 3726 fungebatur.

644 3790 755 3854 OAP.
787 3789 848 3853 IV.

200 3896 237 3952 Ut
263 3895 374 3952 Colman
397 3898 546 3971 episeopus,
570 3896 666 3952 relicta
688 3896 838 3962 Brittania,
864 3897 916 3952 duo
943 3894 1105 3951 monasteria
1126 3894 1154 3949 ia
1177 3892 1292 3955 Scottis,

278 3996 358 4033 unum
371 3976 485 4041 Scottis,
499 3978 613 4033 abnam
627 3976 736 4050 duplis,
751 3994 817 4051 quos
830 3994 917 4031 seeum
931 3976 1088 4038 adduceret,
1093 3973 1208 4047 fecerit.

156 4074 191 4121 ⁴⁰
243 4070 380 4133 laruam
407 4071 585 4147 Colmanus
610 4070 663 4153 qui
689 4070 730 4132 de
758 4068 883 4133 Scottia
906 4075 976 4132 erat
1002 4068 1174 4152 episcopus,
1200 4065 1292 4127 relin-
1301 4082 1414 4131 Colman

199 4178 298 4240 quens
319 4155 521 4232 Brittaniam,
543 4156 618 4220 tulit
641 4177 748 4219 secum
770 4176 878 4218 omnes
902 4177 981 4239 quos
1003 4154 1035 4217 in
1060 4151 1417 4215 Lindisfarnon-reoessus

229 4300 239 4339 ἰ
249 4302 456 4358 descendentium,
468 4302 626 4348 descendente
637 4300 668 4347 V.
764 4298 777 4330 Ε
788 4300 848 4346 dum
859 4305 942 4345 tamen
954 4301 998 4345 hoc
1008 4298 1073 4360 qnod
1083 4303 1169 4343 tantas
1180 4298 1219 4341 nir
1230 4295 1294 4341 diret

197 4367 257 4427 quia
269 4366 355 4411 versem
365 4368 398 4411 sit
409 4381 518 4412 essenon
526 4368 604 4426 pos-at
616 4368 736 4412 irreerlum
748 4364 817 4411 deest
829 4365 858 4409 A.
871 4364 881 4409 l
902 4372 927 4411 et
939 4364 1010 4411 Cbifl.
1069 4364 1077 4400 1
1089 4362 1153 4423 qnod
1162 4363 1295 4409 sanitatem

197 4430 228 4475 V.
239 4430 305 4491 qaod
314 4430 378 4476 idem
390 4431 424 4477 ili
434 4445 453 4476 r.
466 4430 526 4479 CL.
539 4430 647 4491 quodibi
659 4446 679 4475 r.
690 4429 720 4475 G.
827 4438 851 4467 m
863 4428 953 4475 babens
965 4428 994 4475 V.
1102 4438 1118 4466 ¹1
1130 4428 1249 4484 molestia,
1261 4429 1297 4475 ad

195 4497 287 4555 ercpitoe
299 4493 362 4541 V.G.
461 4504 473 4526 0
482 4496 586 4542 redeant
598 4493 627 4542 V.

704 4557 794 4619 aba
