3100 5125
93 368 181 433 —3.
511 348 675 414 cunels
699 347 970 414 ANGLORUM.
1225 351 1290 416 188

191 502 320 566 veniens
338 523 414 566 mox
432 500 466 563 in
486 498 618 566 civitate
633 499 737 578 Hrofi,
752 499 807 564 ubi
825 500 976 564 defuncto
991 500 1149 564 Damiano
1171 501 1289 586 opisco-
1298 511 1370 560 Puta
1380 513 1426 574 Ep.

149 613 180 662 ³5
190 594 287 673 patus
297 588 368 672 jam
380 585 436 649 diu
451 592 639 663 cessaverat,
655 585 815 650 ordinavit
830 585 933 649 virum
950 585 1052 671 magis
1069 577 1369 652 ecelesiasticisflfflss

191 673 270 738 disci
291 672 364 736 linis
377 671 562 738 institutum
575 678 610 736 et
624 670 698 735 vitae
713 671 918 755 simplicitate
936 677 1130 749 contentum,
1146 694 1243 758 quam
1256 673 1290 736 in

190 697 296 824 saecrrli
310 759 407 822 rebus
421 765 594 834 strenuum,
607 756 658 820 cui
672 778 788 820 nomen
802 763 874 820 erat
885 756 1006 832 Putta;
1029 757 1167 822 maxirne
1181 765 1290 823 autem

189 843 374 910 modulandi
398 842 433 905 in
456 842 587 907 ecclesia
607 863 696 906 more
718 843 945 919 Romanorum,
968 863 1062 926 quem
1084 864 1105 906 a
1126 842 1289 931 discipulis

191 930 279 994 beati
291 951 385 1015 papae
400 929 550 1014 Gregorii
566 927 731 1005 didicerat,
747 927 896 1012 peritum.

641 1087 750 1153 OAP.
774 1087 839 1152 ΙΙΙ.

148 1210 183 1257 40
195 1192 233 1250 Ut
247 1192 364 1257 Ceodda
379 1194 412 1250 de
425 1211 476 1267 qao
489 1211 573 1267 supro
587 1193 748 1257 dictumest,
758 1192 909 1268 provincie
916 1191 1085 1248 Marciorum
1098 1192 1136 1248 sit
1149 1193 1290 1267 episcopas

386 1274 466 1330 dotus
473 1296 484 1340 ,·
504 1282 532 1329 et
546 1274 578 1330 dc
590 1274 648 1330 vita
662 1274 734 1328 etde
747 1273 821 1330 obitu
834 1280 860 1329 et
873 1271 1011 1347 sepultura
1025 1273 1091 1344 ejas.

235 1367 284 1430 Eo
297 1374 441 1453 tempore
455 1365 624 1451 provinciae
640 1366 835 1429 Marciorum
848 1388 905 1429 rex
921 1365 1071 1448 Vuliheri
1086 1366 1223 1450 praefuit,
1234 1368 1288 1453 qui
1299 1377 1449 1443 [A.D.669.]

192 1475 266 1518 oum
288 1459 415 1516 mortuo
436 1452 646 1529 Jarumanno,
670 1451 731 1515 sibi
754 1465 903 1536 uquoque
926 1451 1052 1536 suisque
1075 1474 1096 1516 a
1120 1451 1288 1518 Theodoro
1298 1441 1411 1492 νωθῆ
1420 1461 1440 1492 ¹·

149 1557 182 1608 45
192 1539 375 1624 episcopum
389 1538 459 1602 dari
473 1543 607 1624 peteret,
623 1558 687 1601 non
701 1535 748 1601 eis
761 1559 879 1601 novum
893 1536 992 1601 voluit
1007 1537 1155 1602 ordinare
1169 1538 1288 1622 episco-
1298 1507 1375 1556 Mero.

175 1647 287 1710 .pum;
312 1625 368 1688 sed
388 1623 561 1724 postulavit
578 1645 600 1687 a
617 1644 693 1708 rege
708 1623 817 1698 Osuio,
837 1629 875 1686 ut
895 1621 955 1685 illis
977 1621 1144 1708 episcopus
1159 1623 1443 1699 OeaddaCeaudaep.

134 1775 139 1780 Α
191 1711 332 1787 daretur,
348 1733 402 1796 qur
416 1716 494 1774 tunc
508 1709 542 1772 in
556 1708 750 1772 monasterio
764 1730 831 1784 suo,
848 1708 933 1791 quod
947 1714 997 1771 est
1014 1707 1047 1770 in
1064 1708 1285 1794 Laestingaeu,
1296 1700 1374 1749 Mete.

213 1796 333 1860 uictam
357 1795 457 1860 vitam
481 1796 608 1880 agebat,
634 1792 772 1857 Vilirido
797 1793 1041 1858 administrante
1070 1794 1383 1879 episcopatummlfrid
1394 1827 1432 1874 ep.

192 1818 401 1945 llboraccnsis
420 1879 569 1957 ecclesiae,
584 1901 709 1943 necnon
728 1885 763 1943 et
782 1878 922 1944 omnium
939 1877 1406 1964 Nordanhymbrorum,E}>⁰f50¹

118 1968 249 2039 144sed
269 1974 304 2030 et
326 1966 501 2043 Pictorum,
523 1986 686 2052 quousque
707 1986 765 2028 rex
788 1964 887 2028 Osuiu
909 1964 1077 2049 imperium
1098 1966 1288 2050 protendere
1295 1941 1400 1992 Ludat.

191 2058 329 2137 poterat.
374 2052 420 2116 Et
443 2051 518 2136 quia
534 2051 632 2116 moris
651 2057 722 2115 erat
739 2050 843 2113 eidem
865 2051 1118 2115 reverentissimo
1138 2050 1287 2129 antistiti,

192 2159 272 2222 opus
294 2138 447 2222 evangelii
470 2137 573 2222 magis
594 2136 787 2200 ambulando
810 2157 867 2220 per
890 2136 968 2214 loca,
995 2157 1091 2220 quam
1117 2137 1289 2220 equitando

191 2223 360 2307 perficere3
382 2222 479 2307 jussit
500 2244 572 2287 eum
594 2221 780 2286 Theodorus
801 2221 990 2306 ubicumque
1011 2221 1135 2307 longius
1157 2221 1219 2286 iter
1240 2221 1289 2286 in-

192 2314 303 2386 staret,
319 2309 472 2394 equitare,
493 2307 689 2391 multumque
709 2306 909 2384 renitentem,
931 2307 1037 2371 studio
1060 2315 1093 2371 et
1115 2329 1223 2372 amore
1245 2307 1289 2393 pii

190 2393 318 2472 lebonis,
333 2395 401 2480 ipse
421 2416 494 2458 eum
513 2415 609 2457 manu
628 2414 687 2456 sua
707 2393 823 2457 levavit
845 2392 878 2455 in
900 2414 1025 2478 equum,
1044 2391 1119 2478 quia
1140 2392 1289 2456 nimirum

168 2487 338 2544 ssanctum
366 2502 436 2544 esse
460 2479 562 2543 virum
590 2478 753 2564 comperit,
781 2484 878 2563 atque
908 2500 988 2564 equo
1011 2478 1083 2542 vehi
1112 2500 1175 2565 quo
1205 2485 1289 2543 esset

190 2588 329 2644 necesse,
360 2566 521 2666 compulit.
582 2566 772 2649 Susceptum
800 2564 909 2649 itaque
940 2564 1156 2649 episcopatum
1184 2563 1290 2650 gentis

193 2652 387 2715 Meroiorum
409 2652 502 2715 simul
525 2658 558 2715 et
579 2650 854 2715 ¹Lindisfarorum
876 2649 1014 2726 Oeadda,
1031 2650 1127 2733 juxta
1146 2651 1290 2735 exempla

190 2743 320 2821 patrum
337 2738 549 2822 antiquorum,
564 2736 598 2799 in
619 2758 737 2821 magna
754 2736 830 2799 vitae
851 2734 1044 2819 perfectione
1066 2734 1289 2799 administrare

191 2823 332 2888 curavit:
356 2823 406 2886 cui
423 2822 522 2887 etiam
535 2844 593 2886 rex
609 2821 760 2885 Vulfhcri
774 2820 906 2884 donavit
923 2828 1044 2885 terram
1059 2819 1289 2905 quinquaginta

191 2907 390 2986 familiarum,
405 2909 448 2972 ad
462 2908 709 2972 construendum
723 2906 953 2972 monasterium
971 2905 1005 2968 in
1019 2905 1088 2969 loco
1104 2906 1157 2991 qui
1172 2905 1289 2969 dicitur

152 3018 184 3054 ιο
192 2993 247 3057 Ad
267 2994 392 3071 Baruoe,
414 2994 449 3057 id
470 3001 529 3071 est,
546 2994 601 3057 Ad
620 2994 749 3070 Nemus,
762 2992 797 3055 in
817 2991 977 3076 provincia
1001 2990 1147 3069 Lindissi,
1170 2990 1203 3054 in
1225 3000 1434 3075 qqudBarua

190 3101 291 3163 usque
319 3079 413 3143 hodie
441 3079 591 3144 instituta
615 3079 658 3143 ab
687 3078 756 3163 ipso
785 3077 938 3164 regularis
962 3076 1037 3141 vitae
1063 3076 1196 3163 vestigia
1217 3080 1362 3162 per-⁰¹⁰⁰·

189 3171 330 3229 manent.

234 3249 362 3314 Habuit
389 3257 498 3315 autem
527 3249 634 3314 sedem
662 3248 872 3335 episcopalem
905 3248 938 3311 in
972 3248 1042 3312 loco
1072 3248 1125 3333 qui
1154 3254 1434 3326 vocaturtyc'ciofelt

192 3335 396 3419 Lycoidfelth,
417 3336 450 3399 in
470 3357 532 3420 quo
555 3342 590 3400 et
609 3335 776 3398 defunctus
796 3356 834 3398 ac
854 3334 996 3419 sepultus
1018 3341 1086 3409 est;
1111 3332 1166 3398 ubi
1187 3328 1400 3441 usqueffissgl‘·

450 3489 568 3557 u'quique
579 3486 609 3534 V.
707 3496 723 3525 ¹
736 3484 960 3547 Lindissornmm
971 3485 1032 3534 V.G.

189 3625 329 3687 episcopum
339 3624 484 3674 sVilfridoz
500 3625 546 3673 hoc
558 3638 607 3673 non
617 3622 677 3672 dicit
688 3623 790 3682 Eddius,
802 3624 845 3673 aed
856 3623 954 3671 Puttsm
966 3622 1031 3672 inter
1041 3623 1194 3687 presbyteros
1205 3638 1289 3672 recen-

189 3696 228 3739 set
238 3705 299 3751 quos
311 3690 354 3739 ille
364 3690 494 3739 ordinavit.

224 3768 264 3815 42.
281 3756 387 3817 morato]
411 3752 556 3802 Jarumanni
576 3752 659 3801 obitus
677 3767 752 3814 quam
771 3759 937 3813 opportunum
957 3751 1147 3821 deditsseaddoe
1166 3765 1289 3799 recessum

191 3818 223 3866 ad
234 3820 422 3868 conservandam
435 3817 542 3867 ecclesia
554 3816 689 3865 unitatem!
710 3818 735 3864 S.

225 3897 248 3931 α.
259 3882 420 3943 ambulando]
444 3883 505 3930 Vide
517 3881 694 3943 supradicit.
714 3881 740 3928 S.

223 3961 249 4010 9.
259 3948 303 3995 Aa
311 3947 419 4009 Buruae]
441 3946 548 3994 Evanuit
558 3945 631 4007 hujus
642 3946 691 3993 loci
706 3944 803 4005 notitia,
816 3944 898 3993 nescio
914 3952 996 3993 tamen
1014 3957 1045 3992 nn
1064 3942 1096 3991 ad
1108 3942 1200 3992 Rsrtou
1217 3957 1289 4003 super

192 4011 330 4059 Humbrsm
341 4011 400 4072 poni
411 4026 460 4059 nou
472 4010 557 4072 possit.
574 4012 599 4057 S.
632 4011 690 4058 Nou
703 4009 766 4057 male
777 4008 878 4070 conjicit
889 4009 1024 4057 Stcvenson
1041 4022 1097 4055 eum
1114 4006 1195 4055 locum
1212 4007 1288 4055 fuisse

191 4075 242 4186 ‘iil-l,
251 4074 323 4123 hodic
339 4075 448 4122 Barroso
465 4081 566 4123 vocatur
585 4088 659 4136 prope
675 4074 774 4121 Goxhill
792 4073 818 4119 in
836 4087 895 4135 agro
911 4072 1085 4121 lincolniensi.
1108 4071 1200 4119 Bevwc
1217 4080 1289 4120 vocat

243 4145 311 4186 mmn
337 4172 345 4186 .
403 4173 410 4187 .

227 4217 264 4251 ιι.
277 4148 479 4265 Holuiaeedem]
500 4207 565 4252 Ante
580 4203 704 4252 ceaddam
717 4200 802 4249 habuit
814 4200 967 4264 Lycoidfelth
983 4200 1118 4263 episcopos,
1130 4198 1249 4248 Diumsm
1262 4215 1285 4247 ι.

191 4266 250 4329 656,
260 4267 373 4317 ceollach
383 4283 406 4317 a.
413 4267 472 4329 658,
481 4268 617 4316 Trumherc
625 4283 648 4314 a.
657 4265 714 4330 659,
722 4265 887 4314 dammanum
896 4281 919 4313 a.
928 4263 982 4315 662.
997 4266 1059 4314 Vide
1066 4264 1107 4313 lib.
1118 4264 1152 4311 iii.
1162 4278 1201 4312 υ.
1217 4266 1289 4312 Jaru-

190 4347 283 4381 munno
295 4333 412 4381 successit
428 4333 467 4380 hic
479 4332 576 4382 ceadda
587 4348 610 4380 a.
623 4330 680 4394 669.
713 4331 776 4377 Cum
790 4330 816 4377 iu
833 4331 926 4393 synodo
940 4340 1011 4392 1075,
1023 4330 1177 4391 episcopatus
1188 4329 1213 4376 in
1225 4330 1288 4389 eele-

189 4396 274 4444 briora
289 4396 345 4445 loca
364 4398 563 4453 usnsferrentur,
580 4397 666 4445 Petrus
684 4394 813 4457 episcopus
829 4395 911 4443 sedem
929 4409 998 4443 susm
1017 4396 1048 4444 ad
1065 4394 1185 4443 Castriam
1201 4394 1288 4452 morit,

189 4461 313 4509 Robortus
328 4461 382 4523 ejus
398 4476 523 4511 successor
533 4461 699 4511 coventriam.
733 4458 810 4507 Paulo
827 4466 883 4521 post
892 4460 1003 4521 Reganus
1014 4458 1175 4508 Lichfeldiam
1193 4458 1288 4516 retulit,

190 4526 290 4575 condita
307 4525 398 4576 ibidem
419 4526 518 4587 a.1148
535 4525 666 4589 magnifica
685 4524 790 4574 ecclesis
808 4525 835 4573 in
852 4524 944 4574 honore
962 4522 986 4573 b.
1003 4524 1090 4573 Maria
1107 4523 1210 4586 virginis
1225 4530 1251 4571 et
1268 4538 1288 4571 s.
