3100 5125
281 294 323 357 14
611 292 848 358 HISTORIAE
872 290 1047 357 EOOLES.
1353 288 1378 351 1.
1394 304 1465 372 5-

280 444 410 529 poribus
433 466 506 510 cum
530 444 744 511 ¹Eleutherus
768 444 818 509 vir
846 450 974 509 sanctus
1003 440 1203 527 pontificatui
1227 441 1380 505 Romanae

279 530 419 596 ecclesiae
444 538 605 615 praeesset,
631 530 720 594 misit
744 532 882 595 adeum
906 528 1024 593 Lucius
1046 526 1301 592 yBrittaniarum
1324 548 1381 591 rex

229 662 232 665 -
280 615 456 700 epistolam,
472 618 640 680 obsecrans
656 622 693 680 ut
709 638 767 700 per
782 617 849 701 ejus
863 616 1050 679 mandatum
1065 612 1266 677 Christianus
1281 612 1380 676 effice-

280 709 393 765 retur:
428 708 461 765 et
486 724 562 766 mox
587 702 734 765 effectum
761 701 823 786 piae
853 700 1076 784 postulationis
1104 704 1291 763 consecutus
1320 705 1378 775 est,

279 792 521 871 susceptamque
546 788 642 851 fidem
664 786 805 851 Brittani
834 809 934 870 usque
962 786 995 848 in
1018 792 1163 869 tempora
1190 783 1379 848 Diocletiani

279 872 431 957 principis
446 872 630 937 inviolatam
644 872 864 957 integramque
879 872 987 955 quieta
1002 870 1035 934 in
1049 892 1126 955 pace
1141 872 1320 935 servabant.
1389 891 1420 927 10

741 1058 851 1123 GAP.
876 1059 918 1121 V.

329 1176 368 1235 Ut
380 1178 497 1235 Seuerus
510 1187 643 1253 receptam
656 1179 803 1235 Brittania
810 1188 920 1255 partem
932 1177 1007 1235 collo
1021 1197 1037 1233 a
1051 1186 1148 1235 cetae
1162 1177 1326 1235 distinxerit.

126 1303 198 1352 A.D.
212 1301 265 1360 189.
323 1289 420 1352 Auno
434 1291 476 1354 ab
491 1289 708 1354 incarnatione
726 1288 856 1353 Domini
875 1288 1046 1352 centesimo
1069 1288 1261 1374 octogesimo
1282 1310 1375 1366 nono,

117 1432 134 1479 3
151 1368 236 1480 ξιξ]
281 1375 416 1468 Severus
433 1398 549 1461 genere
567 1376 647 1439 Afer
662 1374 888 1459 Tripolitanus,
904 1376 945 1438 ab
966 1374 1084 1459 oppido
1105 1373 1209 1459 Lepti,
1225 1374 1376 1438 decimus-

136 1448 179 1481 Ἠ
209 1448 228 1481 ⁵
280 1460 433 1545 septimus
454 1462 496 1525 ab
518 1461 666 1545 Augusto
686 1460 853 1545 imperium
878 1461 1022 1545 adeptus,
1048 1461 1156 1523 decem
1181 1466 1216 1524 et
1239 1466 1415 1544 ²septem¹5

279 1546 371 1611 annis
385 1547 499 1611 tenuit.
544 1546 608 1609 Hic
630 1552 747 1611 natma
769 1568 880 1623 saevus,
902 1546 1010 1609 multis
1032 1568 1156 1629 semper
1175 1544 1263 1609 bellis
1280 1545 1376 1623 laces

278 1632 367 1709 situs,
383 1632 555 1696 fortissime
566 1632 693 1715 quidem
707 1632 942 1716 rempublicam,
954 1632 1010 1695 sed
1025 1630 1268 1695 laboriosissime
1282 1631 1375 1695 rexit.

280 1717 395 1781 Victor
409 1740 484 1802 ergo
499 1717 634 1781 civilium
652 1718 806 1781 bellorum
821 1740 890 1801 quae
911 1716 940 1780 ei
958 1716 1144 1802 gratissima
1163 1724 1375 1793 occurrerant,

277 1802 311 1865 in
334 1802 512 1868 Brittanias
535 1802 660 1866 defectu
683 1824 763 1886 pene
794 1802 933 1865 omnium
962 1802 1118 1867 sociorum
1145 1802 1295 1879 trabitur,
1322 1802 1376 1865 ubi

278 1888 402 1973 magnis
429 1888 639 1974 gravibusque
668 1887 785 1971 praeliis
815 1910 899 1972 saepe
923 1888 1031 1973 gestis,
1061 1894 1221 1971 receptam
1250 1893 1376 1970 partem

279 1973 388 2036 insulae
412 1996 433 2037 a
457 1974 581 2037 caeteris
604 1972 766 2037 indomitis
788 1974 946 2057 gentibue,
972 1996 1036 2037 non
1061 1995 1161 2050 muro,
1186 1980 1223 2036 ut
1247 1972 1376 2055 quidam

278 2058 449 2136 aestimant,
464 2060 520 2122 sed
535 2058 616 2122 uallo
630 2058 887 2144 distinguendam
899 2058 1034 2143 putavit.
1074 2059 1187 2122 Murus
1202 2057 1321 2122 etenim
1335 2059 1375 2121 de
1385 2082 1418 2119 πο

278 2143 446 2229 lapidibus,
461 2145 577 2209 vallum
592 2167 666 2209 vero
681 2167 744 2229 quo
758 2145 802 2208 ad
812 2145 1024 2227 repellendam
1038 2143 1102 2208 vim
1116 2144 1255 2209 hostium
1269 2150 1376 2209 castra

278 2229 465 2294 muniuntur
480 2231 519 2293 fit
538 2231 577 2293 de
597 2230 779 2313 cespitibus,
802 2230 915 2315 quibus
935 2229 1134 2306 circumcisis,
1151 2251 1169 2292 e
1188 2237 1276 2293 terra
1290 2230 1376 2294 velut

278 2337 386 2379 murus
401 2316 577 2379 exstrmtur
600 2317 684 2380 altus
698 2338 795 2401 supra
808 2324 937 2393 terram,
954 2315 1000 2379 ita
1020 2322 1057 2378 ut
1078 2314 1112 2377 in
1133 2322 1210 2380 ante
1224 2316 1267 2378 sit
1281 2314 1374 2392 fossa,

278 2402 319 2464 de
333 2424 396 2485 qua
410 2402 505 2467 levati
520 2408 595 2466 sunt
609 2402 753 2486 cespites,
769 2424 866 2487 supra
881 2424 977 2485 quam
996 2401 1090 2464 sudes
1108 2401 1147 2463 de
1164 2401 1256 2486 lignis
1271 2400 1374 2464 fortis

276 2485 363 2549 simis
385 2488 602 2574 praefiguntur.
647 2488 761 2573 Itaque
783 2489 916 2553 Severus
938 2508 1086 2573 magnam
1105 2486 1222 2550 fossam
1236 2486 1374 2550 firmissi-

276 2595 425 2658 mumque
435 2575 551 2638 vallum
566 2574 685 2638 crebris
702 2575 831 2659 insuper
844 2574 985 2638 turribus
1005 2573 1241 2650 communitum,
1257 2595 1277 2636 a
1294 2572 1374 2636 mari

117 2664 264 2727 [annu]
275 2659 318 2722 ad
333 2682 419 2724 mare
434 2660 544 2724 duxit:
567 2659 674 2744 ibique
688 2660 774 2744 apud
790 2660 971 2724 Eboracum
990 2659 1140 2744 oppidum
1158 2660 1269 2722 morbo
1285 2658 1373 2724 obiit.
1383 2678 1414 2731 2⁵

275 2745 434 2829 “Reliquit
457 2747 536 2810 duos
562 2745 653 2823 filios,
679 2745 869 2809 Bassianum
898 2751 932 2809 et
958 2745 1092 2808 Getam:
1127 2766 1261 2828 quorum
1291 2745 1375 2808 Geta

274 2829 376 2892 hostis
391 2832 534 2914 publicus
545 2831 706 2916 judicatus
720 2831 862 2905 interiit;
880 2830 1073 2895 bBassianus
1089 2830 1245 2895 Antonini
1261 2852 1374 2917 cogno

274 2915 358 2982 mine
371 2917 551 3001 adsumpto,
566 2939 664 3001 regno
678 2917 801 3000 potitus
814 2923 872 2980 est.

309 3101 500 3149 xEleutterius
509 3101 540 3149 V.
620 3105 828 3150 teutonicorum
839 3102 878 3149 V.·
960 3109 1037 3150 zucco
1049 3103 1078 3150 V.
1169 3104 1333 3164 *relinquens
1344 3102 1374 3150 V.

274 3165 290 3203 b
302 3165 442 3213 Bassianus
452 3181 509 3213 vero
522 3167 551 3214 V.

275 3327 369 3388 primm
379 3327 420 3375 ille
430 3328 541 3376 omnium
553 3331 594 3390 qui
608 3346 673 3379 nuuc
685 3338 770 3378 extant
782 3331 895 3392 scriptam
908 3345 961 3378 eam
975 3329 1099 3391 reliquisse
1111 3331 1213 3378 videtur.
1246 3330 1294 3391 Qui
1306 3330 1375 3391 plura

275 3392 329 3438 vult
345 3393 457 3440 consulat
473 3402 560 3452 prater
577 3395 639 3442 alios
656 3396 783 3443 Usserium
799 3396 826 3443 in
845 3395 958 3443 Britanu.
976 3395 1069 3443 Eccles.
1088 3394 1208 3456 Antiquit
1221 3394 1256 3441 iii.
1268 3401 1294 3442 et
1306 3396 1338 3443 iv.
1350 3402 1376 3443 et

275 3456 432 3517 Stillingfleet
442 3458 540 3520 Origin.
552 3461 665 3508 Britann.
676 3461 702 3508 ii.
1274 3460 1275 3464 ¹

311 3535 347 3581 ¹3·
367 3525 512 3582 octogesimo
529 3524 602 3584 acuo]
624 3525 713 3573 Errseb.
729 3527 884 3584 nonogesimo
902 3525 990 3571 tertio.-
1007 3524 1049 3570 sed
1066 3523 1145 3584 pergit
1163 3523 1231 3571 Beda
1245 3523 1271 3570 in
1289 3525 1374 3572 eodem

274 3593 391 3646 computo
405 3601 475 3646 quem
493 3588 572 3648 capite
589 3590 738 3648 precedente
755 3599 852 3638 secutus
871 3597 915 3637 est.
951 3589 1023 3636 Unde
1041 3589 1131 3650 colligo
1146 3589 1307 3636 variationem
1324 3602 1374 3634 non

275 3650 349 3698 titisse
360 3651 503 3709 scribarum,
515 3653 558 3700 sed
569 3655 683 3701 auctoris.
694 3655 719 3700 S.

310 3729 318 3761 t
324 3726 347 3776 5.
359 3716 442 3763 decent
454 3724 478 3765 et
488 3726 579 3778 septem
590 3718 675 3778 antris]
689 3717 779 3766 Euseb.
789 3725 814 3765 et
825 3717 923 3778 plurimi
934 3718 1148 3778 chronologorum,
1159 3723 1212 3764 octo
1218 3738 1227 3768 ,-
1245 3717 1287 3764 sed
1295 3717 1374 3764 faten-

274 3780 333 3826 dum
351 3782 469 3841 estquod
485 3781 559 3828 Beda
574 3783 658 3841 MSS„
675 3792 728 3831 turn
748 3783 773 3830 in
794 3782 914 3830 Chronico
929 3790 981 3830 turn
999 3783 1025 3829 in
1043 3783 1154 3830 Historia
1170 3781 1261 3829 habeut
1275 3789 1374 3842 septem,

273 3859 358 3891 eorum
370 3846 540 3894 auctoritatem
552 3846 586 3892 ibi
598 3849 697 3908 agnovi,
708 3848 748 3896 hic
757 3862 854 3908 sequor.
888 3847 1022 3908 Imperavit
1031 3857 1112 3894 autem
1126 3847 1230 3894 Severus
1241 3846 1375 3893 necandum

275 3916 385 3956 exactam
398 3910 595 3965 calculationem,
608 3927 628 3961 a.
643 3927 679 3973 17·
692 3928 724 3958 m.
738 3922 760 3972 7.
771 3913 796 3958 d.
807 3926 828 3972 3.
842 3913 867 3958 S.
902 3913 942 3959 Sic
954 3913 1027 3959 Anna
1039 3912 1069 3958 ad
1081 3911 1172 3958 Victor.
1186 3911 1250 3971 Epit.
1263 3925 1303 3958 ao·
1326 3910 1374 3958 Sed

276 3972 325 4019 Dio
342 3973 415 4022 babet
431 3975 589 4032 eunomii,
603 3991 698 4024 aienses
708 3976 770 4033 viii,
783 3977 835 4024 dics
846 3975 881 4024 iii.
893 3975 1017 4038 lxxvi.17.
1043 3976 1113 4024 Obiit
1124 3977 1229 4023 Severus
1240 3975 1302 4037 prid.
1311 3989 1374 4022 non.
1444 3979 1446 3981 ’

275 4037 334 4084 Feb.
349 4037 397 4099 (4.)
409 4039 438 4085 A.
446 4040 478 4086 D.
491 4054 546 4086 211.
559 4041 632 4088 Cous.
644 4042 703 4102 Pagi
714 4041 773 4090 crit

309 4115 349 4148 no.
360 4103 453 4150 Mutus
463 4105 494 4150 de
504 4106 634 4167 lapidibus,
649 4109 742 4153 undum
759 4107 790 4153 de
806 4105 946 4168 caprilibus]
965 4107 1075 4166 Excepta
1088 4105 1133 4152 hec
1144 4103 1302 4152 distinctione
1313 4102 1374 4150 nihil

275 4165 385 4212 additum
397 4175 435 4214 est
445 4167 534 4216 Oresio
547 4169 602 4231 [vii.
615 4171 666 4232 17.]
678 4172 705 4217 in
716 4168 762 4217 boc
772 4171 859 4232 capite.
890 4171 928 4217 An
942 4177 1006 4218 recte
1018 4178 1099 4218 tumen
1113 4183 1208 4216 murum
1221 4185 1236 4216 a
1246 4169 1312 4216 vallo
1324 4169 1374 4214 dis·

276 4229 374 4290 tinguat
390 4231 457 4278 Beda
471 4233 541 4281 valde
559 4236 623 4294 apud
633 4235 730 4282 criticos
741 4235 877 4282 dubitatum
895 4242 940 4282 est.
983 4235 1012 4281 lu
1028 4234 1167 4281 auctoribus
1178 4233 1219 4294 qui
1235 4234 1280 4280 hoc
1295 4233 1373 4293 ipsum

275 4309 336 4354 opus
354 4296 438 4342 Severi
455 4297 579 4345 memoria
592 4299 751 4356 tradiderunt,
768 4313 841 4346 voces
857 4298 905 4346 iltae
923 4300 1059 4359 promiscue
1074 4305 1229 4358 usurpantur,
1247 4297 1289 4346 sed
1303 4298 1333 4345 de
1348 4311 1374 4344 re

276 4359 336 4405 nihil
354 4360 413 4407 certi
427 4364 542 4422 estquod
558 4363 632 4411 Beda
647 4363 838 4425 suppositionem
855 4371 956 4412 evertat.
988 4363 1089 4425 Deque
1108 4363 1204 4424 plenius
1221 4363 1247 4410 in
1267 4377 1320 4425 cap.
1336 4375 1374 4410 te.

276 4423 348 4483 liujus
359 4425 415 4473 libri
427 4425 478 4487 ipse
489 4443 515 4474 se
526 4427 639 4488 explicat.
652 4429 677 4476 S.
