3100 5125
495 317 661 385 annrls
684 317 956 385 Anatolium
1209 321 1274 388 168

170 452 213 536 aa
237 469 430 554 baptizatus,
456 469 582 535 illorum
607 470 705 534 etiam
733 470 843 556 lingua
871 469 992 555 optime
1016 469 1166 547 imbutus,
1195 470 1276 535 nihil

174 556 286 620 melius
301 577 398 640 quam
411 555 498 640 quod
511 555 555 618 illi
570 555 752 620 docuissent
766 557 966 620 autumabat.
1011 555 1114 619 Porro
1128 555 1277 619 Alchfrid

174 641 365 726 magistrum
391 641 515 704 babens
543 641 731 705 eruditionis
761 640 951 706 Christiana
978 640 1150 704 Villridum
1172 641 1382 714 virumvflffid,

172 725 420 802 doctissimum&
437 728 526 809 (nam
540 732 575 789 et
589 726 725 790 Romam
738 725 826 810 prius
840 733 972 811 propter
986 726 1165 791 doctrinam
1179 727 1275 790 cocle-

173 811 339 876 siasticam
351 811 487 888 adierat,
497 817 533 874 et
544 811 633 896 apud
644 811 806 876 Dalliuum
820 811 1091 896 archiepiscopum
1102 810 1275 876 Galliarum

135 922 167 972 ⁴5
179 897 326 982 Lugduni
345 896 481 960 multum
495 896 648 982 temperis
664 902 782 982 egerat,
797 918 819 960 a
833 919 897 980 quo
911 897 1009 961 etiam
1023 906 1163 962 tonsum
1177 898 1275 960 eecle-
1302 951 1305 956 .

175 982 314 1047 siasticae
329 1003 480 1045 coronam
494 983 702 1066 susceperat)
718 981 813 1065 hujus
827 982 1008 1046 doctrinam
1022 982 1169 1047 omnibus
1184 983 1275 1048 Sect-

175 1075 285 1132 torum
298 1067 526 1131 traditionibus
537 1067 609 1150 jure
623 1067 855 1153 praeferendam
869 1067 1009 1131 sciebat:
1033 1069 1118 1132 uude
1132 1067 1161 1132 ei
1175 1068 1276 1132 etiam

175 1153 352 1218 donaverat
377 1152 605 1216 monasterium
628 1151 842 1237 quadraginta
863 1152 1053 1216 familiarum
1076 1152 1110 1216 in
1130 1153 1199 1216 loco
1219 1153 1274 1237 qui

178 1238 294 1302 dieitur
315 1238 509 1321 Inhrypum;
541 1259 635 1322 quem
649 1237 796 1302 videlicet
813 1238 918 1300 locum
938 1239 1033 1321 paulo
1052 1243 1129 1302 ante
1151 1238 1197 1302 eis
1218 1239 1416 1344 (llfilnhrypum

179 1323 308 1387 Soottcs
337 1323 552 1406 sequebantur
580 1322 613 1385 in
649 1322 881 1406 possessionem
915 1322 1099 1386 monasterii
1128 1323 1272 1388 dederat.
1334 1351 1339 1358 ·
1417 1312 1425 1329 ’

137 1408 241 1484 50vSed
258 1408 333 1492 quia
347 1408 391 1472 illi
405 1407 608 1492 postmodum
623 1408 702 1471 data
716 1407 777 1471 sibi
797 1407 935 1492 optione,
949 1407 1052 1493 magis
1071 1408 1140 1472 loco
1159 1409 1274 1472 cedere

173 1515 275 1578 ¹quam
296 1515 386 1558 suam
406 1499 532 1556 mutare
557 1492 818 1556 consuetudinem
841 1493 998 1570 volebant,
1023 1493 1113 1556 dedit
1134 1515 1206 1558 eum
1229 1493 1274 1556 illi

107 1579 861 1750 tau

175 1771 196 1814 c
221 1750 267 1814 'us
290 1769 388 1834 supra
409 1747 617 1824 meminimus,
641 1747 762 1811 amicus
785 1747 942 1810 Alchfridi
970 1749 1064 1833 regis,
1089 1755 1124 1812 et
1143 1747 1275 1812 Villridi

175 1835 218 1899 ab
241 1831 312 1912 atis,
328 1833 371 1898 ad
392 1833 586 1918 provinciam
607 1833 955 1917 Nordauhymbrorum,
978 1840 1013 1897 et
1033 1833 1120 1918 apud
1141 1854 1198 1898 eos
1217 1834 1274 1898 ali-

172 1919 317 2004 quandiu
331 1919 576 1993 demorabatur3
602 1918 655 2002 qui
670 1917 767 1982 etiam
780 1917 961 1994 vilfridum,
976 1940 1014 1981 ro
1054 1926 1093 1982 tu
1104 1918 1273 1996 Alchfridi,

153 2003 209 2084 5in
223 2004 359 2089 praefato
373 2025 431 2068 suc
445 2003 638 2068 monasterio
652 2004 875 2088 presbyterum
887 2003 974 2067 fecit.
1036 2004 1155 2068 abebat
1164 2010 1274 2067 autem

174 2111 282 2153 smum
296 2090 363 2174 ipse
383 2090 604 2173 presbyterum
623 2087 750 2151 nomine
765 2089 980 2172 Agathonem
1025 2089 1121 2152 Mota
1135 2110 1211 2173 ergo
1228 2089 1273 2152 ibi
1281 2100 1389 2164 Αςιιὴο.

175 2174 351 2258 quastione
366 2174 404 2237 de
419 2174 547 2258 pascha,
562 2173 611 2237 vel
625 2179 767 2250 tonsura
783 2173 832 2235 vel
845 2173 916 2236 aliis
933 2174 1029 2236 rebus
1043 2173 1272 2252 ecclesiasticis,
1453 2176 1456 2180 ’

172 2259 365 2344 dispositum
387 2265 437 2322 est
459 2264 497 2321 ut
517 2259 551 2321 in
572 2257 766 2323 monasterio
789 2259 874 2341 quod
895 2258 1014 2322 dicitur
1028 2259 1272 2337 strenaeshalch,

173 2345 263 2428 ¹quod
281 2345 514 2428 interpretatur
529 2343 623 2407 Sinus
639 2342 749 2419 nnat,
765 2343 816 2405 oui
830 2350 907 2407 tunc
923 2343 1003 2406 Hild
1022 2343 1187 2408 abbatissa
1202 2345 1272 2408 Deo
1282 2358 1351 2406 nilo.

170 2429 293 2494 devota
306 2429 424 2492 femina
437 2428 573 2513 praefuit,
590 2429 728 2513 synodus
742 2427 812 2492 fieri
827 2435 861 2492 et
875 2429 943 2492 haeo
958 2428 1094 2512 quaetio
1107 2429 1273 2492 terminari

173 2515 317 2579 deberet.
374 2513 605 2598 Veneruntque
634 2512 687 2577 illo
714 2534 807 2599 reges
834 2515 940 2591 ambo,
969 2519 1064 2597 pater
1091 2513 1211 2578 scilicet
1239 2519 1274 2579 et

139 2600 280 2675 refilius3
313 2599 460 2685 episcopi,
477 2600 608 2663 Oolmsm
632 2620 705 2663 cum
728 2599 851 2663 clericis
876 2598 941 2662 suis
966 2599 1007 2662 de
1032 2599 1166 2675 Scottia,
1182 2599 1273 2684 agil-

176 2686 306 2749 berctus
328 2708 401 2749 cum
415 2684 589 2769 Agathone
611 2690 646 2747 et
664 2683 801 2747 Villn'do
846 2684 1028 2767 resbyteris.
1071 2685 1216 2747 Jacobus
1238 2691 1273 2749 et

177 2770 340 2835 Romanus
354 2770 388 2833 in
402 2770 516 2833 horum
529 2775 623 2855 parto
637 2775 748 2833 erant:
777 2769 822 2831 H'
835 2769 857 2831 d
871 2769 1042 2833 abbatissa
1062 2790 1135 2831 oum
1156 2768 1222 2831 suis
1238 2769 1272 2832 in

175 2864 270 2940 parte
296 2857 489 2932 Scottorum,
515 2856 549 2917 in
578 2876 642 2937 qua
670 2860 741 2917 erat
769 2854 868 2917 etiam
885 2854 1078 2918 uenerabilis
1107 2854 1272 2939 episcopus

176 2941 274 3017 (ledd,
293 2941 481 3025 jamdudum
495 2939 661 3003 ordinatus
675 2960 696 3003 a
711 2939 839 3016 Scottis,
855 2944 893 3002 ut
912 2960 1010 3022 supra
1028 2939 1201 3016 docuimus,
1218 2940 1271 3024 qui
1280 2947 1354 2997 Cede

174 3032 211 3089 et
239 3026 397 3126 interpres
422 3024 456 3088 in
478 3046 517 3089 eo
540 3024 671 3088 concilio
697 3024 954 3109 vigilantissimus
979 3024 1146 3109 utriusque
1170 3025 1273 3109 partis

137 3219 166 3273 ις
175 3116 409 3279 cuffiam
423 3216 480 3259 rex
495 3193 596 3258 Osuiu
612 3192 777 3277 praemissa
795 3194 991 3277 praefatione,
1007 3195 1093 3279 quod
1107 3199 1272 3277 oporteret
1288 3210 1318 3256 a
1327 3208 1359 3255 D.
1371 3204 1427 3283 ⁶⁶9

175 3302 231 3345 eos
246 3282 300 3366 qui
320 3304 384 3345 una
399 3282 469 3343 Deo
488 3279 652 3357 servirent,
668 3300 765 3343 unam
778 3279 902 3343 vivendi
918 3280 1060 3365 regulam
1078 3286 1197 3356 tenere,
1213 3272 1334 3343 necR⁶¹
1345 3272 1425 3347 ΟΨ

176 3366 355 3451 discrepare
384 3365 418 3428 in
450 3364 662 3429 celebratione
698 3372 970 3429 sacramentorum
1005 3365 1187 3440 caelestium,
1217 3364 1271 3448 qui
1280 3337 1435 3449 ffssffilfig

172 3474 275 3515 -unum
300 3472 409 3516 omnes
433 3449 467 3513 in
492 3449 577 3513 caelis
605 3471 738 3534 regnum
766 3455 1010 3533 exspectarent3
1050 3449 1272 3534 inquirendum

175 3538 283 3621 potius
297 3558 368 3620 quae
384 3541 468 3599 esset
482 3534 587 3599 verior
599 3534 743 3611 traditio,
760 3541 794 3598 et
807 3535 890 3599 hanc
911 3536 953 3600 ab
967 3535 1113 3599 omnibus
1134 3557 1272 3598 eommu-

175 3621 262 3686 niter
281 3643 350 3686 esse
371 3621 581 3704 sequendam:
609 3619 706 3704 jussit
726 3619 830 3703 primo
852 3620 956 3684 dicere
975 3620 1157 3705 episcopum
1180 3641 1273 3683 suum

177 3706 373 3784 (lemanum,
389 3705 443 3789 qui
458 3712 542 3769 esset
557 3706 647 3780 ritus,
663 3711 698 3768 et
711 3706 796 3769 unde
810 3706 965 3790 originem
980 3706 1097 3769 ducens
1111 3705 1163 3767 ille
1176 3726 1272 3787 quem

137 3792 245 3876 20ipse
266 3797 460 3875 sequeretur.
505 3791 595 3854 Tunc
616 3790 804 3854 Golmanus:
835 3791 968 3868 Pascha,
990 3790 1102 3873 iuquit,
1121 3789 1173 3851 loc
1193 3788 1423 3873 quedColmanua

175 3899 264 3961 apere
276 3876 358 3953 eobo,
373 3898 394 3941 a
407 3874 572 3959 majoribus
585 3875 657 3937 mac
670 3877 784 3959 caepi,
798 3876 852 3959 qai
872 3897 919 3939 mo
931 3876 989 3938 lac
1001 3876 1169 3959 memma
1186 3875 1272 3937 aare·
1357 3887 1359 3892 '

175 3974 257 4039 ruat,
282 3961 363 4047 quod
385 3982 483 4024 emeca
498 3970 605 4044 patres
629 3961 732 4036 aratri,
756 3959 820 4022 ciri
843 3961 908 4023 Deo
930 3960 1043 4035 dtas,
1067 3959 1165 4022 eedem
1187 3959 1272 4023 medo

174 4046 332 4112 &labasse
353 4047 535 4109 inescatur.
583 4044 670 4123 Quod
689 4065 726 4107 ae
739 4044 791 4107 cai
811 4044 1049 4109 acommodata
1063 4053 1092 4107 ot
1111 4042 1272 4128 reprobun-

208 4226 224 4266 s
235 4216 370 4265 clausulam
382 4216 445 4263 hanc
452 4214 525 4277 iuxta
536 4216 567 4263 G.
577 4211 728 4275 interpunxi,
740 4226 813 4259 sensu
826 4211 962 4274 flagitante.
1128 4212 1230 4274 hpaors
1241 4212 1271 4260 G.

174 4280 378 4342 icognoscunmr
389 4280 420 4328 V.
986 4281 989 4285 '

302 4423 327 4522 ἓξ
337 4408 547 4534 titillata
558 4472 602 4519 aaa
613 4468 811 4593 quassatas-sce
824 4468 935 4528 appone.
948 4469 981 4516 a.
993 4468 1026 4516 11.
1038 4469 1060 4515 r.
1078 4453 1105 4517 s.

698 4554 719 4593 Y
