3100 5125
288 357 353 424 em
619 355 856 420 merorum
879 355 1056 422 nocens.
1327 351 1370 414 V·
1387 369 1466 430 14-
1535 341 1536 344 ‘

287 530 363 594 gere
377 509 409 572 in
424 508 646 586 adoleseentie,
661 531 700 573 se
714 511 796 574 bene
808 510 952 574 seuiendo
967 532 989 575 a
1003 510 1063 573 Dei
1079 507 1179 576 oeulis
1193 507 1390 574 ebseondere

288 601 439 670 curasset,
451 601 559 678 posset
573 617 683 658 eorum
696 617 828 659 numero
842 595 966 672 sociari,
979 595 1018 662 de
1033 596 1148 680 quibus
1161 594 1209 660 ait
1225 594 1387 657 Psalmus:
1403 607 1430 658 ¹5
1535 631 1536 636 κ

289 679 1216 780 Bessiquommremissceeuetieiqeileteaetqeowmteeto
1231 689 1390 826 erotema

289 775 368 829 eote.
414 765 509 829 Hane
523 765 698 844 historiam,
714 766 798 829 sieut
819 789 839 831 e
857 766 1028 830 venerabili
1042 767 1189 831 antistite
1204 765 1306 828 Peoth
1370 784 1391 826 o

289 850 395 925 didici,
411 849 597 935 simpliciter
611 853 654 916 ob
669 852 805 918 salutem
819 851 1001 937 legentium,
1017 852 1082 918 sive
1100 851 1297 917 audientium
1317 871 1391 913 nar·

289 936 423 1002 rendam
437 957 506 1002 esse
519 936 640 1020 putavi.

313 1182 351 1241 Ut
364 1185 428 1240 seer
442 1184 513 1240 aliua
526 1186 675 1244 moutam
689 1185 843 1260 deputetm
856 1187 910 1244 sibi
923 1188 995 1262 epod
1007 1187 1112 1260 iussero
1126 1187 1213 1244 laeum
1228 1203 1371 1262 morum

783 1268 892 1324 viderit.

319 1357 401 1422 Novi
411 1366 521 1424 eutem
529 1358 597 1443 ipse
605 1360 740 1426 fratrem
749 1383 843 1444 quem
853 1360 975 1424 utinam
983 1382 1047 1424 non
1056 1359 1281 1445 nossem,eujus
1290 1359 1390 1423 etiem
1400 1378 1433 1412 20

290 1466 404 1508 nomen
420 1443 446 1508 si
461 1444 521 1508 hoe
536 1444 655 1529 aliquid
669 1446 835 1531 prodesset
850 1445 954 1510 <licere
969 1468 1102 1546 possem,
1118 1446 1258 1530 positum
1271 1445 1306 1507 iu
1323 1467 1390 1508 mo-

231 1534 234 1540 ’
289 1529 430 1594 nasterio
445 1529 550 1607 nobili,
567 1532 623 1594 sed
637 1532 740 1617 ipsum
756 1531 937 1617 ignobiliter
952 1538 1118 1596 viventem.
1149 1530 1392 1615 (lorripiebetur

290 1615 418 1700 quidem
432 1614 541 1678 sedulo
555 1637 576 1680 a
589 1617 743 1682 iratribus
756 1639 795 1682 ee
809 1617 982 1702 majoribus
995 1617 1066 1694 loei,
1080 1623 1179 1700 atque
1192 1617 1236 1681 ad
1252 1616 1390 1700 castige-

289 1700 405 1765 tionem
419 1700 518 1765 vitam
532 1702 675 1786 eonverti
688 1704 940 1768 ammonebatur.
985 1702 1030 1766 Et
1045 1702 1187 1788 quamvis
1204 1724 1259 1765 eos
1278 1701 1391 1766 audire

291 1786 453 1863 noluisset,
471 1787 670 1852 tolerabatur
687 1796 797 1852 tamen
818 1789 861 1853 ab
878 1787 924 1851 eis
944 1787 1178 1874 longanimiter,
1195 1789 1237 1851 ob
1254 1787 1389 1851 necessi-

291 1878 394 1937 tatem
408 1894 539 1956 operum
552 1872 651 1958 ipsius
665 1874 877 1939 exteriorum:
894 1874 1063 1938 eratenim
1078 1873 1182 1937 febrili
1197 1879 1268 1938 arte
1284 1873 1389 1972 siugu—
1399 1893 1430 1940 σε

292 1957 376 2022 laris.
427 1957 591 2023 serviebat
619 1966 728 2023 eutem
756 1961 892 2024 multum
921 1959 1069 2024 ebrietati
1099 1965 1132 2023 et
1162 1959 1285 2023 eaeteris
1314 1965 1389 2022 vrtae

291 2042 478 2106 remissioris
492 2044 679 2119 inlecebris3
703 2045 867 2130 magisque
882 2046 915 2109 in
929 2045 1056 2110 officina
1070 2067 1128 2108 sna
1142 2045 1213 2109 ldie
1228 2051 1390 2131 noetuque

290 2127 439 2203 residere,
455 2151 551 2218 quem
567 2131 611 2195 ad
631 2131 827 2215 psallendum
843 2138 940 2216 atque
960 2130 1115 2195 erendum
1133 2130 1167 2194 in
1184 2130 1317 2196 eeclesia
1334 2153 1390 2194 eu·

291 2212 503 2296 diendumque
516 2237 589 2279 eum
605 2216 759 2281 iratribus
770 2218 900 2281 verbum
911 2216 996 2293 vites,
1008 2237 1195 2282 concurrere
1210 2221 1389 2280 consuerat

292 2298 390 2362 Unde
407 2299 527 2364 eooidit
551 2301 605 2378 illi,
630 2303 714 2386 quod
738 2302 842 2366 solent
865 2302 968 2366 diaere
982 2301 1127 2385 quidam,
1150 2302 1225 2387 quie
1247 2301 1301 2385 qui
1324 2322 1390 2363 non

292 2384 361 2448 vult
375 2384 515 2450 eeclesiae
526 2387 659 2470 januam
672 2395 787 2472 sponte
801 2388 986 2452 humiliatus
1000 2387 1133 2472 ingredi,
1150 2409 1275 2451 neeesse
1290 2387 1390 2450 hebet

291 2469 325 2532 in
335 2471 469 2619 janssstm
482 2470 804 2643 imemtiquonaslponte
819 2474 988 2623 demnaffls
1001 2473 1202 2624 introduci·t
1215 2472 1391 2623 Εζζξὲιέευῖ
1399 2490 1436 2538 30
1539 2560 1540 2643 1

293 2577 376 2618 emm
422 2580 541 2642 nguore
556 2583 576 2623 a
614 2582 653 2622 ue
729 2582 769 2623 ex
785 2582 873 2624 reme
971 2582 1010 2623 ue
1026 2581 1063 2622 us
1077 2581 1185 2623 vocem
1332 2608 1340 2635 ‚
1357 2580 1375 2621 e

292 2641 427 2705 multum
441 2666 579 2709 moerens
593 2667 631 2709 ee
643 2645 795 2709 damnmo
806 2581 1025 2730 similiseooepit
1036 2666 1175 2721 uerrere,
1185 2644 1260 2729 quia
1267 2644 1391 2708 videret

293 2726 410 2793 inferos
429 2738 557 2813 apertos
577 2738 612 2794 et
630 2730 797 2795 Sethansn
811 2731 1001 2794 edimersum
1022 2730 1054 2793 in
1070 2729 1248 2814 sprofundis
1264 2729 1391 2805 tartari,

294 2813 520 2899 &Caiphanque
534 2838 606 2879 eum
617 2817 742 2879 eaeteris
751 2816 805 2901 qui
817 2815 1001 2880 oeoiderunt
1016 2814 1195 2891 Dominum,
1208 2816 1304 2914 juxta
1318 2836 1391 2878 enm

293 2898 428 2963 flammis
442 2901 606 2964 ultrieibus
620 2902 854 2966 contraditum:
878 2902 913 2965 ie
926 2922 1052 2986 quaeum
1066 2902 1191 2977 vicinia,
1207 2900 1319 2984 mquit,
1333 2900 1391 2963 loeo

293 2985 399 3048 misem
413 2986 490 3049 milei
504 2987 599 3049 locem
614 2986 765 3072 hdespe‘ee‘o
776 2998 896 3051 ceterae
903 2986 1089 3071 perstitionis
1098 3008 1157 3049 esse
1164 2996 1390 3071 properatum.
1399 3005 1436 3056 es

294 3069 474 3134 Audientes
494 3072 562 3135 haeo
577 3071 703 3150 fratres,
719 3079 885 3157 ooepernnt
907 3071 1077 3156 diligenter
1096 3072 1267 3145 exhortari,
1286 3078 1324 3135 ut
1341 3070 1391 3135 vel

292 3161 370 3218 tuno
385 3155 508 3238 positus
522 3156 626 3221 adhue
640 3157 674 3220 in
688 3180 821 3243 corpore
835 3157 1058 3242 poenitentiem
1072 3155 1217 3221 ilaceret.
1248 3157 1392 3239 Respon-

293 3240 391 3303 debet
406 3239 457 3303 ille
471 3242 662 3325 desperans:
679 3246 752 3307 Noe
766 3253 807 3307 est
820 3242 896 3307 mili
911 3243 995 3307 mdo
1008 3252 1123 3327 tempus
1135 3242 1230 3306 mom
1240 3242 1392 3320 mutendi,

293 3346 361 3387 oum
375 3325 438 3409 urse
451 3328 582 3390 uiderim
588 3327 744 3409 judaeum
757 3350 854 3393 meum
860 3328 931 3410 jam
945 3350 1003 3392 esse
1016 3328 1196 3413 mmmm.

341 3410 432 3475 Talia
455 3412 571 3491 disens,
595 3413 662 3477 sine
686 3414 801 3479 viatieo
826 3414 936 3478 salutis
960 3414 1049 3489 obiit,
1074 3420 1108 3477 et
1132 3434 1247 3497 eorpus
1268 3413 1336 3498 ejus
1358 3411 1392 3475 in

297 3496 415 3560 ultimis
429 3504 479 3561 est
494 3499 677 3563 monasterii
691 3500 768 3563 loeis
783 3502 957 3575 humetum,
974 3522 1075 3584 neque
1089 3498 1203 3584 aliquis
1217 3520 1276 3582 pro
1290 3520 1329 3562 eo
1342 3497 1392 3561 rel
1401 3515 1438 3557 ⁴0

296 3580 408 3645 missas
422 3582 536 3662 faeere,
552 3584 600 3647 vel
614 3585 752 3668 psalmos
766 3592 906 3661 eantare,
923 3586 970 3648 vel
985 3584 1098 3650 saltem
1113 3605 1205 3649 orere
1224 3604 1392 3668 praesume·

296 3666 363 3730 bet.
408 3668 436 3730 Ο
460 3691 556 3753 quam
575 3670 689 3755 grandi
707 3670 860 3734 distentis
879 3670 986 3735 divisit
1006 3670 1115 3733 l‘Deus
1136 3668 1220 3733 inter
1237 3668 1339 3733 luoem
1360 3674 1393 3733 et

298 3753 465 3817 tenebras!
512 3755 632 3819 Beatus
648 3763 865 3840 protomartyr
885 3756 1066 3855 Stephanus
1085 3776 1236 3839 pessume
1257 3761 1394 3819 mortem

297 3859 356 3921 pro
371 3840 515 3916 veritate,
530 3840 610 3905 vidit
627 3841 721 3905 eaelos
740 3848 877 3926 apertos,
894 3841 976 3905 vidrt
997 3840 1131 3926 gloriam
1146 3839 1217 3917 Dei,
1233 3846 1266 3903 et
1280 3839 1304 3902 J
1306 3861 1394 3903 esum

297 3920 437 3988 stantem
451 3948 472 3989 e
487 3925 609 3989 dextris
623 3925 703 4000 Dei;
728 3934 762 3991 et
776 3927 831 3990 ubi
845 3934 917 3991 eret
931 3927 1056 3990 futurus
1071 3926 1139 4009 ipse
1156 3932 1230 4010 post
1246 3932 1392 4001 mortem,

296 4007 342 4071 ibi
357 4011 463 4073 oeulos
478 4011 593 4074 mentis
607 4018 683 4075 ante
697 4020 842 4087 mortem,
859 4034 923 4096 quo
943 4011 1049 4075 laetior
1068 4013 1277 4087 ooeumberet,
1295 4010 1392 4073 misit

296 4094 346 4157 At
361 4102 481 4172 eontra,
497 4096 587 4160 faber
601 4096 662 4160 iste
676 4098 852 4161 tenebrosae
868 4096 984 4161 mentis
999 4103 1032 4160 et
1052 4096 1194 4173 aetionis,
1211 4096 1393 4162 imminente
1402 4112 1435 4162 45

330 4289 440 4336 Μίαν.
507 4292 707 4339 sdmmmv.
723 4295 864 4339 immersam
874 4292 937 4339 V.G.
1003 4290 1246 4355 fprofimdemvfi.
1312 4288 1396 4337 scas·-

292 4353 478 4465 mgqvffl
489 4354 517 4401 V·
602 4357 720 4426 hospicio
732 4357 794 4403 V.G.
880 4357 1061 4416 legesve.
1152 4354 1397 4402 &divisitDm'm

431 4554 722 4617 15.Psel²uas]xxxi.r.
965 4572 1006 4617 4²·
1018 4558 1091 4623 vidit]
1107 4558 1162 4606 Act.
1173 4556 1213 4605 rii.
1226 4561 1265 4619 5⁶·

1538 4526 1540 4557 l
