3100 5125
89 333 186 397 -142
490 315 655 382 aruris
678 314 948 383 Auaronun.
1222 314 1265 389 aa

127 495 160 530 20
167 472 311 550 tempore
325 465 415 531 bellis
428 489 502 530 cum
514 466 667 534 dBlaedla
681 476 716 533 et
726 469 833 534 Attila
844 469 974 555 regibus
989 469 1023 532 H
1025 492 1181 534 armornm
1195 478 1266 536 erat

167 559 349 636 occupatus.
394 553 441 617 Et
470 555 612 638 quamvis
643 577 728 619 anno
760 561 837 619 ante
867 555 951 618 hunc
980 555 1124 639 proximo
1154 556 1266 621 Bledla

168 637 282 702 Attilae
303 638 413 702 fratris
434 638 483 701 sui
504 639 548 703 sit
569 640 779 724 interemptus
800 640 930 717 insidiis,
947 640 1054 705 Attila
1072 647 1181 705 tamen
1198 641 1266 726 ipse

167 723 249 787 adeo
270 723 478 788 intolerabilis
498 724 677 810 reipublicae
696 726 851 790 remansit
872 726 982 802 hostis,
1001 732 1038 790 ut
1059 733 1164 791 totam
1185 748 1265 811 pene

169 808 332 893 Europam
357 809 470 874 excisis
495 810 673 895 invasisque
698 810 880 875 civitatibus
908 818 1006 895 atque
1031 812 1167 876 castellis
1193 834 1264 876 con·

168 895 305 958 roderet.
351 895 434 975 Quin
447 901 483 958 et
499 895 612 959 iisdem
629 896 826 980 temporibus
843 897 943 959 fames
958 897 1265 982 Constantinopolim
1277 908 1368 955 taines

168 979 303 1044 invasit:
328 1002 386 1043 nec
406 1002 496 1045 mora
514 981 614 1065 pestis
634 989 744 1046 secuta
762 988 832 1056 est;
857 982 913 1045 sed
933 989 966 1047 et
985 982 1111 1067 plurimi
1126 984 1266 1067 ejusdem

128 1095 159 1141 25
168 1065 257 1127 urbis
282 1066 364 1127 muri
389 1087 461 1129 cum
486 1066 717 1152 qninquaginta
741 1074 865 1151 septem
890 1068 1031 1132 turribus
1057 1076 1263 1143 corruerunt;

168 1150 277 1214 multis
298 1172 424 1235 quoque
446 1151 628 1216 civitatibus
650 1152 806 1237 conlapsis
827 1153 927 1217 fames
948 1160 984 1217 et
1004 1175 1113 1218 aerum
1137 1154 1267 1239 pestifer

168 1236 248 1299 odor
261 1236 376 1319 eplura
389 1236 552 1301 hominum
566 1237 652 1301 milia
662 1238 941 1323 jumentorumque
955 1238 1080 1304 delevit.

605 1374 713 1439 CAP.
737 1374 837 1438 XIV.

169 1481 210 1537 Ut
225 1479 365 1535 Brittones
381 1476 475 1555 ffnme
485 1480 599 1555 famosa
613 1481 709 1543 eoacti,
724 1480 865 1536 Barbaros
878 1480 935 1537 sais
952 1499 967 1535 e
980 1481 1084 1554 finitas
1092 1483 1266 1557 pepuleriat;

210 1579 257 1616 nee
271 1578 356 1625 mora,
362 1560 481 1635 fraqam
494 1561 581 1635 eopia,
596 1570 613 1614 8
621 1560 738 1625 larario,
748 1560 917 1635 pestilentia,
932 1569 958 1617 et
977 1563 1161 1619 ertermininm
1177 1565 1267 1637 pratis

210 1649 328 1696 secutum
340 1641 389 1697 sit.

128 1759 163 1807 30
215 1735 352 1797 lurrann
367 1734 530 1799 Brittones
545 1734 671 1798 hfamen
685 1728 893 1818 sua'praet‘ata
910 1735 1011 1819 magis
1030 1735 1193 1820 magisque
1213 1736 1268 1799 ad-

123 1880 125 1884 .
170 1820 288 1897 ficiens,
303 1844 342 1885 ac
355 1821 473 1885 famam
488 1843 552 1884 snae
571 1819 700 1883 malitiae
719 1820 857 1903 posteris
876 1820 1059 1883 diuturnam
1078 1820 1267 1905 relinquens,

170 1906 415 1973 multoseorum
434 1906 539 1991 coegit
559 1905 658 1969 victas
678 1903 802 1969 int'estis
823 1905 1025 1989 pradonibus
1047 1906 1124 1970 dare
1145 1928 1268 1983 manus,

170 1990 249 2055 alios
269 2012 346 2056 vero
366 2012 536 2075 nunqnam,
554 1991 629 2075 quin
650 1991 758 2075 potius
780 1990 974 2055 confidentes
995 1991 1028 2053 in
1044 1990 1193 2054 Divinum
1215 1992 1275 2073 ubi

170 2077 343 2141 humanum
365 2078 511 2141 cessabat
532 2076 693 2153 auxilium,
712 2076 753 2139 de
774 2076 850 2161 ipsis
871 2076 1033 2139 montibus
1055 2076 1210 2160 speluncis
1231 2100 1269 2141 ac

171 2162 304 2226 saltibus
329 2162 478 2225 continue
502 2162 717 2226 rebellabant:
742 2168 777 2225 et
802 2168 873 2225 tum
895 2161 1032 2245 primum
1058 2162 1190 2226 inimicis
1216 2164 1269 2247 qui

129 2270 229 2331 35per
256 2248 372 2311 multos
401 2269 502 2311 annos
531 2248 656 2331 praedas
685 2248 718 2311 in
747 2253 836 2311 terra
864 2248 1012 2331 agebant,
1039 2253 1163 2332 strages
1193 2248 1269 2311 dare

171 2339 346 2417 coeperunt.
380 2332 597 2397 Revertantur
607 2354 684 2418 ergo
696 2324 909 2417 limpudentes
923 2340 1121 2417 grassatores
1134 2334 1269 2397 Hibemi

171 2418 314 2508 l‘domus
329 2426 404 2502 post
418 2441 481 2483 non
495 2418 625 2503 longum
640 2425 765 2502 tempus
780 2418 954 2493 reversuri;
980 2418 1065 2482 Picti
1079 2418 1111 2480 in
1125 2424 1270 2484 extrema

170 2510 263 2588 parte
288 2504 396 2568 insulae
422 2511 499 2569 tunc
524 2504 662 2590 primum
690 2511 725 2569 et
749 2503 897 2589 deinceps
923 2504 1118 2588 quieverunt,
1144 2505 1269 2588 praedas

171 2598 279 2654 tamen
293 2612 519 2675 nonnunquam
534 2591 647 2654 exinde
662 2596 696 2654 et
710 2590 916 2654 contritiones
928 2590 967 2654 de
979 2590 1163 2655 Brittonum
1173 2598 1269 2675 gente

170 2697 265 2760 agere
301 2697 365 2740 non
401 2682 574 2740 cessarunt.
620 2677 773 2740 Cessante
807 2681 916 2738 autem
945 2676 1122 2740 vastatione
1151 2673 1268 2752 hostili,

115 2779 160 2847 52
170 2761 271 2824 tantis
285 2761 411 2845 frugum
426 2762 524 2845 copiis
538 2761 640 2825 insula
654 2759 806 2845 ¹quantas
821 2761 906 2824 nulla
920 2766 1007 2824 retro
1021 2766 1101 2824 aetas
1116 2761 1268 2838 meminit,

170 2845 299 2910 affluere
314 2847 430 2930 coepit:
454 2869 526 2910 cum
547 2847 660 2931 quibus
680 2852 714 2909 et
733 2845 857 2909 luxuria
877 2866 1025 2922 crescere,
1042 2853 1076 2908 et
1095 2846 1176 2909 hano
1197 2868 1269 2909 eon-

171 2929 262 2994 tinuo
284 2931 424 2995 omnium
445 2932 512 2996 lues
534 2932 687 2996 scelernm
707 2929 854 2996 comitari
876 2929 1075 3006 adceleravit,
1098 2931 1269 2996 crudelitas

171 3015 389 3100 praecipuast
407 3017 515 3080 odium
534 3016 678 3081 veritatis
697 3038 849 3100 amorque
868 3016 1031 3091 mendacii,
1048 3017 1095 3080 ita
1115 3024 1151 3079 ut
1171 3017 1269 3101 siquis
1351 3063 1356 3072 .

171 3123 280 3164 eorum
305 3102 423 3178 mitior,
449 3111 484 3168 et
509 3102 637 3166 veritati
662 3101 862 3185 aliquatenus
887 3101 1016 3186 propior
1040 3101 1209 3178 videretur,
1235 3103 1268 3164 in

146 3186 255 3268 ,hunc
270 3188 361 3271 quasi
375 3188 543 3252 Brittania
561 3189 788 3264 subversorem,
804 3187 943 3249 omnium
963 3187 1036 3250 odia
1055 3187 1181 3270 telaque
1201 3187 1268 3250 sine

171 3281 318 3357 respectu
332 3280 625 3358 contorquerentur.
671 3272 717 3335 Et
731 3294 795 3334 non
813 3273 913 3334 solnm
933 3273 1001 3335 haec
1020 3273 1186 3336 saeculares
1200 3273 1268 3350 viri,

171 3357 228 3422 sed
249 3357 348 3422 etiam
367 3358 434 3443 ipse
452 3381 532 3444 grex
547 3357 675 3422 Domini
694 3357 825 3441 ejusque
844 3364 989 3441 pastores
1008 3363 1163 3441 egerunt3
1187 3358 1269 3421 ebri-

171 3443 262 3520 etati,
296 3444 500 3520 animositati,
532 3443 643 3528 litigio,
677 3441 882 3519 contentioni,
917 3442 1050 3520 invidiae,
1084 3442 1269 3527 caeterisque

171 3528 351 3612 hujusmodi
376 3529 567 3593 facinoribus
597 3550 655 3592 sua
680 3527 768 3604 colla,
795 3528 922 3612 abjecto
950 3526 1010 3590 levi
1035 3527 1114 3612 jugo
1141 3527 1268 3605 Christi,

172 3615 352 3678 subdentes.
398 3615 526 3679 Interea
545 3614 651 3677 subito
673 3619 832 3697 corruptae
854 3611 970 3677 mentis
992 3613 1134 3676 homines
1155 3614 1271 3677 acerba

205 3751 338 3808 antenna,
350 3751 432 3799 Bledn
444 3751 473 3798 V.
517 3753 652 3814 eptarima
664 3751 693 3798 V.
737 3750 828 3813 fsnme
838 3752 917 3798 coacti
927 3749 958 3797 V.
1003 3753 1109 3812 scopin,
1117 3749 1269 3810 pestilentia,

173 3814 246 3860 Chitl.
256 3815 331 3862 solus.
440 3816 457 3854 h
463 3816 549 3876 sumes
559 3818 604 3863 itta
614 3816 645 3862 V.
657 3817 687 3863 G.
694 3815 781 3878 sames
787 3815 900 3876 prefata
912 3814 942 3862 V.
1041 3815 1227 3875 timprndentes
1238 3813 1268 3861 V.

172 3879 188 3916 k
200 3879 298 3926 domum
310 3880 340 3928 V.
350 3880 380 3926 G.
392 3880 551 3927 adhiberetur
563 3882 645 3927 domm
656 3880 750 3927 Gildas.
820 3880 938 3942 lquantis
951 3879 977 3925 V.

148 3996 149 3999 ¹
207 3987 246 4034 23·
266 3973 362 4036 sumes]
394 3975 453 4023 llere
474 3983 533 4023 sunt
559 3976 633 4023 rerba
652 3975 792 4022 Marcellini
812 3973 917 4022 Comitis
936 3974 966 4021 ad
986 3987 1048 4020 coss.
1068 3974 1167 4021 Aetium
1187 3975 1225 4022 lll
1244 3982 1270 4022 rt

173 4039 331 4101 Symacbnm,
344 4039 428 4086 indict.
441 4054 478 4100 14,
489 4048 515 4086 et
526 4040 556 4087 ad
569 4055 631 4088 coss.
643 4040 793 4086 Ardabnrem
805 4047 830 4086 et
839 4039 986 4100 callepinnu
995 4037 1080 4085 indict.
1091 4050 1127 4098 15·
1140 4053 1194 4098 qnae
1205 4039 1270 4086 inda

171 4119 186 4150 e
198 4103 277 4150 Gilda
289 4105 377 4165 Satyra
388 4104 542 4152 Brittonibns
558 4104 665 4164 applicat
680 4104 758 4164 capite
769 4103 888 4162 sequenti.
901 4103 926 4150 S.
949 4102 972 4148 T
973 4115 1033 4148 errae
1045 4108 1137 4149 motum
1151 4111 1271 4151 memorat

172 4167 301 4228 Euagrius,
312 4168 433 4227 traditque
443 4182 498 4215 enin
511 4168 622 4229 regiones
633 4182 707 4227 prope
718 4167 904 4228 Hellespontum
914 4164 1022 4214 affecisse
1031 4180 1073 4226 per
1082 4166 1174 4228 aliquot
1183 4182 1269 4227 annos,

171 4231 250 4282 donec
261 4232 378 4292 paulatim
388 4231 496 4279 desierit.
516 4232 607 4280 Eccles.
621 4232 686 4279 Hist.
698 4232 714 4278 i.
728 4242 763 4291 17.

204 4308 246 4356 35.
259 4296 377 4357 Humi]
393 4297 511 4343 Notanda
527 4303 592 4344 certe
608 4303 646 4343 est
659 4296 706 4342 lroc
720 4295 774 4341 loeo
786 4294 957 4355 appellationis
968 4293 1111 4354 prnprietas.
1146 4293 1270 4342 Hibernos

171 4366 245 4406 vocat
253 4361 350 4408 Scottus
358 4360 400 4421 qni
409 4375 465 4408 enm
475 4360 669 4407 Albionensibns
678 4360 787 4407 toederati
796 4359 929 4406 identidem
939 4373 970 4404 ex
980 4358 1098 4405 Hibernia
1107 4359 1133 4405 in
1144 4359 1269 4406 Brittones

172 4426 363 4481 revertebantur,
375 4426 416 4472 sed
435 4439 477 4472 eos
491 4425 533 4485 qni
550 4439 606 4471 cum
619 4423 692 4471 Pictis
706 4424 732 4469 in
748 4431 857 4470 extrema
869 4431 937 4484 parte
948 4422 1034 4470 insula
1045 4423 1212 4482 remanebant,
1225 4424 1269 4472 snb

172 4487 251 4536 Pictis
262 4487 373 4549 includit,
385 4489 443 4537 lieet
454 4488 491 4536 illi
502 4489 575 4537 etiam
588 4489 748 4536 contritiones
759 4502 831 4550 agere
842 4502 892 4535 non
903 4487 1037 4534 cessabant.
1050 4487 1076 4534 S.

701 4553 755 4613 nt
