3100 5125
322 337 400 411 ,AD
421 334 747 402 oUDBnarHUM
771 334 1056 402 Anofflnplso.
1186 339 1251 404 353

148 488 244 553 nimis
258 488 427 554 adsuetum
441 508 519 566 esse,
534 495 573 553 ut
593 509 658 553 non
671 488 774 554 solum
788 488 928 576 episcopi
943 489 1072 575 quidam
1094 511 1158 554 non
1179 511 1251 575 pro-

149 574 292 652 hibeant,
316 574 373 638 sed
396 573 494 639 etiarn
516 573 578 659 ipsi
602 574 696 639 nimis
717 574 863 639 bibentes
884 575 1090 654 inebrientur,
1112 582 1147 641 et
1171 575 1252 641 alios

150 660 307 745 porrectis
320 659 441 743 poculis
451 660 625 744 majoribus
636 680 674 724 co
738 667 754 725 t
768 667 807 725 ut
820 660 1026 738 inebrientur,
1032 661 1122 746 ¹quod
1132 662 1252 746 absque

152 744 249 810 dubio
270 746 360 809 nefas
384 751 436 810 est
460 745 546 808 omni
568 767 658 809 servo
674 681 742 809 iiii
762 746 867 810 facere
881 745 931 811 vel
944 747 1074 821 fecisse;
1094 747 1180 831 quod
1201 768 1252 811 ca-

151 850 251 895 nones
265 837 395 917 patrum
409 830 533 894 ebrium
545 830 726 915 episcopum
739 831 789 895 vel
808 834 1029 917 presbyterum
1049 838 1108 896 ant
1129 853 1252 897 cessere

113 937 146 973 10
152 922 211 981 aut
226 916 401 1002 degradare
411 916 536 1000 jubent,
551 916 670 1003 etipsa
685 916 817 981 Veritas
832 916 932 981 dixit:
954 918 1111 982 Attendite
1124 939 1162 983 ae
1179 938 1253 1001 pra·

151 1011 261 1065 water
284 1002 378 1067 corda
400 1010 500 1065 cestra
521 1002 557 1066 ia
577 1000 707 1086 crapula
727 1012 755 1067 a
775 1001 923 1068 ebrictate.
968 1002 1015 1067 Et
1037 1002 1156 1067 Paulus
1178 1024 1253 1087 apo-

152 1086 271 1152 stolus:
295 1087 401 1152 Nolite
422 1085 574 1153 inebriari
593 1088 721 1151 ciceia
744 1108 801 1173 qao
823 1096 866 1153 cst
887 1087 1022 1155 aeona
1066 1088 1112 1152 Et
1138 1087 1252 1153 Esaias

151 1172 329 1340 mim}
337 1171 413 1321 aga
432 1170 598 1322 mqai
648 1175 833 1321 ‘mimmii
845 1172 898 1321 pri
917 1171 1074 1322 iibfflm
1092 1174 1254 1322 anamma

152 1278 218 1321 ocra
395 1279 453 1322 ma
547 1278 606 1323 me
767 1278 962 1321 :oenrm
1046 1280 1253 1323 umseoe

153 1348 205 1407 est
218 1364 425 1428 paganomm,
440 1349 474 1407 et
494 1349 613 1407 nostrae
631 1343 757 1442 gentis3
781 1342 842 1407 hoa
863 1364 921 1407 nco
940 1344 1067 1421 Franci,
1082 1282 1252 1422 neoplialli,

113 1445 213 1496 ¹suec
236 1427 448 1513 Longobardi,
463 1450 522 1492 nec
539 1428 644 1492 Graecr
662 1427 792 1492 faciunt.
837 1426 883 1493 Et
904 1429 965 1495 hoc
988 1430 1089 1493 scelus
1111 1429 1254 1494 similiter

153 1514 296 1597 synodali
310 1514 441 1578 decreto
458 1520 494 1577 et
513 1512 687 1578 interdictu
707 1514 945 1599 scripturarum
964 1536 1207 1599 compescamus,
1226 1514 1253 1579 si

153 1619 339 1683 possumus3
364 1598 415 1665 sin
435 1605 554 1677 autem,
576 1598 716 1664 vitantes
740 1605 775 1664 et
796 1598 1030 1677 interdicentes,
1054 1600 1255 1665 absolvamus

152 1684 275 1749 animas
290 1690 417 1748 nostras
431 1706 452 1748 a
466 1681 619 1769 sanguine
632 1683 841 1769 perditorum.

200 1789 250 1833 rr.
268 1770 318 1832 De
331 1769 470 1834 violenta
484 1790 608 1855 quoque
628 1770 854 1834 monachornm
874 1769 1035 1847 servitute,
1052 1769 1199 1855 operibns
1219 1776 1254 1833 et

153 1854 296 1918 aedificiis
309 1854 478 1941 regalibus,
493 1876 564 1939 qnae
578 1854 613 1919 in
625 1860 698 1919 toto
716 1855 835 1919 mundo
851 1854 1104 1920 Christianorum
1119 1876 1184 1918 non
1198 1876 1254 1918 au·
1318 1898 1321 1905 -

153 1938 242 2004 ditur
252 1941 347 2018 facta,
359 1940 422 2004 nisi
431 1947 559 2006 tantum
572 1938 606 2003 in
619 1946 716 2025 gente
727 1941 920 2026 Anglorum;
939 1942 1024 2025 quod
1035 1939 1253 2005 sacerdotibus

154 2026 216 2089 Dei
239 2047 304 2090 non
325 2026 496 2092 tacendum
519 2046 577 2089 nec
602 2026 864 2091 consentiendum
886 2032 945 2103 est,
970 2026 1054 2110 quod
1075 2026 1255 2089 inauditum

112 2138 146 2172 11
153 2110 273 2175 malurn
301 2116 351 2175 est
386 2110 560 2211 praeteritis
596 2110 728 2175 saeculis.
783 2109 1010 2175 venerandam
1039 2110 1253 2175 fraternitatis

154 2203 268 2261 vestrae
288 2196 490 2261 dilectionem
508 2203 621 2262 contra
640 2196 746 2261 omnia
766 2197 911 2274 adversa,
930 2196 1060 2263 illaesam
1082 2218 1141 2283 pro
1162 2196 1254 2261 nobis

152 2281 411 2360 intercedentem,
423 2282 538 2348 dexma
552 2281 614 2346 Dei
628 2281 789 2347 custodire
803 2282 961 2367 dignetur.

153 2445 219 2492 dieta
233 2448 377 2505 uocemque
388 2443 535 2491 1111111111
547 2443 657 2504 potando
673 2440 820 2490 memoravit
835 2441 939 2491 Tacitus
954 2441 1020 2490 Mor.
1037 2440 1120 2489 Germ.
1134 2454 1172 2489 22.
1197 2441 1254 2489 Sal·

152 2508 241 2555 manns
250 2508 392 2554 abietaeem
400 2508 538 2555 Alamanni
549 2513 627 2568 notat,
638 2506 677 2554 De
685 2505 750 2554 an.
760 2504 807 2554 Dei
819 2506 888 2570 ialp.
899 2506 954 2555 126.
988 2505 1060 2555 Cont'.
1072 2518 1126 2569 qua
1137 2504 1212 2553 Bada
1223 2506 1254 2555 de

153 2574 264 2621 moribus
273 2572 312 2620 sni
323 2573 442 2634 temporis
451 2572 544 2621 indicat
553 2571 580 2619 in
592 2572 659 2619 Hist.
670 2571 707 2619 iii.
719 2585 755 2621 1ο.
766 2577 792 2619 et
803 2571 869 2619 alibi.

187 2652 212 2700 9.
225 2637 301 2699 111111]
317 2637 377 2685 Luc.
387 2636 439 2684 xxi.
447 2649 488 2696 34.
573 2649 610 2684 ιο.
622 2635 733 2696 Paulus]
748 2636 810 2698 Eph.
822 2649 843 2682 v.
855 2634 892 2682 18.
979 2647 1016 2682 11.
1030 2632 1133 2694 Esaias]
1147 2649 1170 2682 r.
1182 2647 1223 2683 aa.

190 2713 228 2764 17.
240 2703 417 2749 machmam
427 2698 559 2763 servitute]
581 2700 701 2761 specialis
711 2700 762 2746 haec
772 2699 845 2761 culpa
856 2699 903 2748 fuit
915 2698 1053 2746 Ethelbaldi
1071 2697 1134 2759 regis
1147 2698 1254 2746 Mercio·

155 2781 221 2825 rnnr,
232 2766 347 2827 adquam
358 2765 487 2828 epistolam
498 2764 596 2824 scripsit
604 2764 747 2812 Bonifaoius
759 2765 816 2826 (Ep.
827 2778 865 2828 19.
878 2765 957 2811 Serar.
965 2763 1041 2810 wilk.
1052 2763 1127 2810 Cana.
1136 2763 1153 2810 i.
1166 2779 1190 2824 p.
1197 2762 1253 2825 87],

155 2831 184 2879 in
196 2845 254 2892 qua,
263 2837 350 2891 prater
361 2830 410 2877 ulia
419 2829 533 2883 crimina,
544 2829 581 2876 ita
590 2829 621 2876 de
631 2829 677 2877 hae
688 2843 715 2876 re
726 2829 842 2888 conqueri
854 2826 955 2888 incipit:
969 2827 1097 2875 Preterea
1106 2829 1254 2874 caumatum

155 2902 193 2942 eat
203 2896 281 2952 mdis,
292 2895 358 2956 quod
365 2895 446 2942 malta
458 2895 594 2956 privilegia
606 2895 766 2940 ecclesiaram
777 2900 802 2940 et
813 2893 1017 2940 monasteriorum
1028 2892 1160 2952 fregisses,
1172 2897 1196 2938 et
1212 2892 1255 2938 ab·

154 2961 264 3006 1111111111
275 2959 333 3007 inde
345 2960 466 3020 quasdam
477 2958 636 3020 faramea:
653 2964 679 3004 et
693 2957 799 3005 iterum:
819 2957 856 3005 Et
873 2958 966 3003 dicitur
976 2957 1042 3018 qaod
1052 2955 1168 3017 prasenti
1179 2962 1203 3003 et
1214 2971 1254 3002 cc·

154 3025 227 3070 mites
238 3025 277 3071 tut
287 3019 405 3084 majoma
416 3025 558 3070 violentiam
573 3027 599 3069 et
613 3024 757 3069 servitutec
771 3023 899 3068 nronactir
914 3026 938 3067 et
953 3019 1121 3094 smerdotibaa
1128 3022 1253 3096 irrogant,

154 3094 325 3198 {tetta
336 3084 1061 3213 itt.translatinis‘sitianttitt?
1073 3091 1254 3196 illini.

154 3215 224 3263 illam
236 3224 262 3264 et
272 3215 386 3276 peritiam
396 3216 484 3262 redium
496 3214 693 3262 fabricandamm
704 3221 729 3261 et
739 3215 906 3261 creandarum
917 3227 989 3274 quam
1002 3212 1148 3260 Benedictus
1164 3213 1255 3274 aliique

154 3281 236 3328 stadio
247 3287 317 3328 tanto
333 3279 460 3327 monachis
476 3279 526 3326 suis
542 3278 715 3339 eonquisierat‚
726 3279 806 3327 voluit
822 3277 925 3324 fortasse
940 3277 1099 3325 Ethelbaldns
1115 3292 1158 3325 rex
1174 3280 1255 3324 multa

150 3343 312 3406 paeesruem
326 3343 395 3405 (Gal.
407 3342 533 3405 Malrnes.)
547 3343 578 3391 ad
591 3343 677 3391 domos
687 3357 746 3391 suaa
755 3343 908 3404 apparandas
919 3349 944 3390 et
955 3341 1103 3389 decorandas
1114 3341 1253 3389 transferre.

155 3409 228 3458 conf.
240 3408 364 3469 Lappenb.
378 3409 395 3455 i.
425 3422 452 3455 .1
476 3418 497 3468 7.

190 3487 227 3534 13.
244 3489 294 3521 noa
310 3422 619 3531 ammade9Secundum
638 3470 690 3518 hac
710 3469 835 3518 Bonifacii
853 3477 974 3533 praecepta
992 3468 1102 3516 habitum
1121 3473 1158 3516 est
1180 3468 1254 3530 (sicut

154 3537 231 3600 vrrlgo
247 3537 364 3599 creditor)
383 3536 514 3583 concilium
531 3536 725 3584 cloveshoviense
736 3535 770 3582 A.
782 3535 815 3582 D.
830 3546 875 3596 747
892 3534 1000 3581 Wilkius
1012 3533 1028 3580 i.
1040 3547 1063 3594 p.
1076 3546 1108 3594 94
1120 3533 1190 3581 A.D.
1206 3534 1252 3593 748

155 3603 246 3651 Matth.
257 3602 363 3650 Westm.
375 3604 433 3658 dra,
445 3601 470 3648 in
482 3614 531 3661 qno
541 3601 639 3662 singula
649 3600 710 3657 haec,
722 3614 777 3646 curn
792 3599 847 3646 aliia
858 3599 930 3646 rebus
947 3598 977 3644 ad
995 3597 1131 3644 doctrinam
1143 3605 1169 3645 et
1180 3597 1254 3645 disci.

154 3667 249 3728 plinam
261 3665 447 3727 pertinentibus,
457 3672 562 3712 tractata
573 3671 637 3712 sunt.
670 3665 718 3712 Sed
729 3664 837 3723 'Ilrorpa
850 3663 881 3710 ad
894 3661 1061 3722 Lappenberg.
1073 3661 1121 3709 vol.
1131 3661 1148 3709 i.
1160 3675 1183 3722 p.
1194 3673 1251 3724 225,

154 3731 271 3793 opinatur
287 3730 418 3777 concilium
434 3729 461 3776 id
476 3728 610 3790 Α.1).741
627 3729 713 3783 fnisse,
730 3728 810 3776 citans
829 3727 919 3775 Chron.
937 3728 994 3773 Sar.
1011 3727 1075 3787 quod
1091 3725 1178 3774 habet:
1195 3725 1253 3773 Hoc

154 3810 222 3842 anno
235 3809 331 3854 magna
341 3795 449 3854 synodus
459 3800 547 3841 coacta
557 3800 593 3840 ert
603 3792 672 3854 apud
683 3794 817 3840 cavatos
830 3792 877 3838 &a
910 3793 1014 3838 Constat
1030 3797 1112 3836 tamen
1124 3805 1154 3838 ex
1166 3791 1252 3837 eodem

155 3859 246 3908 chron.
255 3859 311 3907 San.
335 3857 512 3916 Hunferthnm,
523 3857 567 3918 qni
577 3855 848 3918 apiscopnsWintoniae
859 3856 952 3918 synodo
963 3853 1084 3912 interfuit,
1096 3855 1176 3902 sedem
1189 3855 1253 3902 hanc

155 3937 206 3971 non
223 3931 280 3971 ante
292 3924 322 3971 A.
331 3923 363 3972 D.
378 3933 425 3985 744
435 3922 537 3984 cepisse,
555 3929 580 3969 et
595 3921 719 3968 eContin.
732 3921 822 3968 Chron.
838 3920 902 3968 ned.
932 3917 1069 3980 ngulfnm
1087 3919 1252 3979 episcopatum

154 3987 292 4036 Lundonia
303 4002 352 4034 uon
364 3994 422 4034 aute
433 3987 463 4035 A.
471 3987 504 4034 D.
512 3996 559 4047 745
571 3984 687 4041 tenuisse,
698 3985 739 4046 qai
751 3985 826 4032 etiam
838 3984 931 4046 synodo
940 3983 1060 4031 interfuit.
1078 3981 1149 4030 Cous.
1159 3982 1251 4044 Spelm.

154 4051 270 4113 Denique
283 4052 326 4116 (ne
336 4051 475 4100 Chronicon
487 4051 576 4098 erroris
585 4049 728 4112 arguamus)
742 4048 794 4097 lieri
806 4049 885 4110 potuit
895 4055 925 4096 ut
935 4047 1043 4111 synodus
1054 4047 1093 4095 bis
1103 4047 1168 4096 intra
1179 4046 1252 4108 quin-

154 4117 289 4178 quennium
300 4117 365 4178 apud
376 4115 512 4166 cloveshon
524 4122 659 4176 cogeretur.

516 4345 891 4356 ——--—-—-—·
