<?xml version="1.0" encoding="UTF-8"?>
<!DOCTYPE html PUBLIC "-//W3C//DTD XHTML 1.0 Transitional//EN"
    "http://www.w3.org/TR/xhtml1/DTD/xhtml1-transitional.dtd">
<html xmlns="http://www.w3.org/1999/xhtml" xml:lang="en" lang="en">
 <head>
  <title>
</title>
<meta http-equiv="Content-Type" content="text/html;charset=utf-8" />
  <meta name='ocr-system' content='tesseract 3.04.00' />
  <meta name='ocr-capabilities' content='ocr_page ocr_carea ocr_par ocr_line ocrx_word'/>
</head>
<body>
  <div class='ocr_page' id='page_1' title='image "./historiaecclesi00hussgoog_0263.png"; bbox 0 0 3100 5125; ppageno 0'>
   <div class='ocr_carea' id='block_1_1' title="bbox 274 319 1455 404">
    <p class='ocr_par' dir='ltr' id='par_1_1' title="bbox 274 319 1537 404">
     <span class='ocr_line' id='line_1_1' title="bbox 274 319 1455 404; baseline -0.002 -19"><span class='ocrx_word' id='word_1_1' title='bbox 274 324 341 386; x_wconf 69' lang='grc' dir='ltr'>ιιι</span> <span class='ocrx_word' id='word_1_2' title='bbox 610 319 846 386; x_wconf 74' lang='lat' dir='ltr'>nrsuomm</span> <span class='ocrx_word' id='word_1_3' title='bbox 870 320 1047 387; x_wconf 77' lang='lat' dir='ltr'>nocuus.</span> <span class='ocrx_word' id='word_1_4' title='bbox 1328 319 1390 383; x_wconf 81' lang='lat' dir='ltr'>iv,</span> <span class='ocrx_word' id='word_1_5' title='bbox 1406 336 1455 404; x_wconf 72' lang='lat'>32.</span> 
     </span>
    </p>
   </div>
   <div class='ocr_carea' id='block_1_2' title="bbox 276 471 1419 981">
    <p class='ocr_par' dir='ltr' id='par_1_2' title="bbox 276 471 1419 898">
     <span class='ocr_line' id='line_1_2' title="bbox 276 471 1419 558; baseline -0.01 -16"><span class='ocrx_word' id='word_1_6' title='bbox 276 472 496 557; x_wconf 65' lang='lat' dir='ltr'><strong>pertransisse.</strong></span> <span class='ocrx_word' id='word_1_7' title='bbox 540 473 611 553; x_wconf 77' lang='lat' dir='ltr'>Quo</span> <span class='ocrx_word' id='word_1_8' title='bbox 633 474 728 549; x_wconf 82' lang='lat' dir='ltr'>lacto,</span> <span class='ocrx_word' id='word_1_9' title='bbox 749 495 824 538; x_wconf 87' lang='lat' dir='ltr'>mox</span> <span class='ocrx_word' id='word_1_10' title='bbox 845 472 998 558; x_wconf 75' lang='lat' dir='ltr'><strong>evigilans</strong></span> <span class='ocrx_word' id='word_1_11' title='bbox 1020 472 1204 538; x_wconf 73' lang='lat' dir='ltr'>sanissimus</span> <span class='ocrx_word' id='word_1_12' title='bbox 1225 471 1377 548; x_wconf 83' lang='lat' dir='ltr'>surrexit,</span> <span class='ocrx_word' id='word_1_13' title='bbox 1386 485 1419 531; x_wconf 80' lang='lat'>30</span> 
     </span>
     <span class='ocr_line' id='line_1_3' title="bbox 276 556 1379 643; baseline -0.003 -22"><span class='ocrx_word' id='word_1_14' title='bbox 276 579 314 621; x_wconf 89' lang='lat' dir='ltr'>ac</span> <span class='ocrx_word' id='word_1_15' title='bbox 329 579 388 640; x_wconf 88' lang='lat' dir='ltr'>pro</span> <span class='ocrx_word' id='word_1_16' title='bbox 402 579 461 622; x_wconf 88' lang='lat' dir='ltr'>sua</span> <span class='ocrx_word' id='word_1_17' title='bbox 474 557 613 625; x_wconf 82' lang='lat' dir='ltr'>sanitate</span> <span class='ocrx_word' id='word_1_18' title='bbox 629 558 765 622; x_wconf 92' lang='lat' dir='ltr'>Domino</span> <span class='ocrx_word' id='word_1_19' title='bbox 780 557 902 643; x_wconf 84' lang='lat' dir='ltr'>gratias</span> <span class='ocrx_word' id='word_1_20' title='bbox 918 557 1022 622; x_wconf 86' lang='lat' dir='ltr'>denuo</span> <span class='ocrx_word' id='word_1_21' title='bbox 1044 557 1192 634; x_wconf 81' lang='lat' dir='ltr'>referens,</span> <span class='ocrx_word' id='word_1_22' title='bbox 1208 556 1285 642; x_wconf 92' lang='lat' dir='ltr'>quid</span> <span class='ocrx_word' id='word_1_23' title='bbox 1300 579 1379 642; x_wconf 84' lang='lat' dir='ltr'>erga</span> 
     </span>
     <span class='ocr_line' id='line_1_4' title="bbox 276 642 1378 727; baseline 0.001 -23"><span class='ocrx_word' id='word_1_24' title='bbox 276 663 311 705; x_wconf 89' lang='lat' dir='ltr'>se</span> <span class='ocrx_word' id='word_1_25' title='bbox 325 649 433 705; x_wconf 86' lang='lat' dir='ltr'>actum</span> <span class='ocrx_word' id='word_1_26' title='bbox 448 650 533 707; x_wconf 86' lang='lat' dir='ltr'>esset</span> <span class='ocrx_word' id='word_1_27' title='bbox 542 643 696 708; x_wconf 83' lang='lat' dir='ltr'>iratribus</span> <span class='ocrx_word' id='word_1_28' title='bbox 710 642 881 707; x_wconf 88' lang='lat' dir='ltr'>indicavit:</span> <span class='ocrx_word' id='word_1_29' title='bbox 904 643 1088 726; x_wconf 88' lang='lat' dir='ltr'>cunctisque</span> <span class='ocrx_word' id='word_1_30' title='bbox 1103 642 1378 727; x_wconf 74' lang='lat' dir='ltr'>congaudentibus</span> 
     </span>
     <span class='ocr_line' id='line_1_5' title="bbox 276 726 1378 813; baseline -0.002 -21"><span class='ocrx_word' id='word_1_31' title='bbox 276 727 320 792; x_wconf 87' lang='lat' dir='ltr'>ad</span> <span class='ocrx_word' id='word_1_32' title='bbox 340 727 550 794; x_wconf 86' lang='lat' dir='ltr'>ministerium</span> <span class='ocrx_word' id='word_1_33' title='bbox 565 729 651 812; x_wconf 94' lang='lat' dir='ltr'>quod</span> <span class='ocrx_word' id='word_1_34' title='bbox 665 727 807 793; x_wconf 88' lang='lat' dir='ltr'>solicitus</span> <span class='ocrx_word' id='word_1_35' title='bbox 821 727 971 792; x_wconf 84' lang='lat' dir='ltr'>exhibere</span> <span class='ocrx_word' id='word_1_36' title='bbox 993 727 1125 805; x_wconf 90' lang='lat' dir='ltr'>solebat,</span> <span class='ocrx_word' id='word_1_37' title='bbox 1141 726 1232 813; x_wconf 86' lang='lat' dir='ltr'>quasi</span> <span class='ocrx_word' id='word_1_38' title='bbox 1252 727 1378 812; x_wconf 83' lang='lat' dir='ltr'>flagello</span> 
     </span>
     <span class='ocr_line' id='line_1_6' title="bbox 277 812 756 898; baseline 0 -24"><span class='ocrx_word' id='word_1_39' title='bbox 277 812 435 897; x_wconf 74' lang='lat' dir='ltr'>probante</span> <span class='ocrx_word' id='word_1_40' title='bbox 449 812 637 898; x_wconf 74' lang='lat' dir='ltr'>castigatior</span> <span class='ocrx_word' id='word_1_41' title='bbox 650 812 756 877; x_wconf 90' lang='lat' dir='ltr'>rediit.</span> 
     </span>
    </p>

    <p class='ocr_par' dir='ltr' id='par_1_3' title="bbox 321 896 1377 981">
     <span class='ocr_line' id='line_1_7' title="bbox 321 896 1377 981; baseline 0 -21"><span class='ocrx_word' id='word_1_42' title='bbox 321 897 386 960; x_wconf 88' lang='lat' dir='ltr'>Sed</span> <span class='ocrx_word' id='word_1_43' title='bbox 407 905 442 962; x_wconf 90' lang='lat' dir='ltr'>et</span> <span class='ocrx_word' id='word_1_44' title='bbox 464 899 658 975; x_wconf 87' lang='lat' dir='ltr'>indumenta,</span> <span class='ocrx_word' id='word_1_45' title='bbox 675 897 789 981; x_wconf 92' lang='lat' dir='ltr'>quibus</span> <span class='ocrx_word' id='word_1_46' title='bbox 807 897 877 960; x_wconf 85' lang='lat' dir='ltr'>Deo</span> <span class='ocrx_word' id='word_1_47' title='bbox 897 897 1039 962; x_wconf 88' lang='lat' dir='ltr'>dicatum</span> <span class='ocrx_word' id='word_1_48' title='bbox 1062 918 1176 981; x_wconf 89' lang='lat' dir='ltr'>corpus</span> <span class='ocrx_word' id='word_1_49' title='bbox 1195 896 1377 974; x_wconf 83' lang='lat' dir='ltr'>Oudbercti,</span> 
     </span>
    </p>
   </div>
   <div class='ocr_carea' id='block_1_3' title="bbox 180 981 1418 1067">
    <p class='ocr_par' dir='ltr' id='par_1_4' title="bbox 180 981 1418 1067">
     <span class='ocr_line' id='line_1_8' title="bbox 180 981 1418 1067; baseline -0.002 -21"><span class='ocrx_word' id='word_1_50' title='bbox 180 1034 183 1039; x_wconf 91' lang='lat'>.</span> <span class='ocrx_word' id='word_1_51' title='bbox 278 982 326 1046; x_wconf 87' lang='lat' dir='ltr'>vel</span> <span class='ocrx_word' id='word_1_52' title='bbox 341 981 445 1046; x_wconf 88' lang='lat' dir='ltr'>vivum</span> <span class='ocrx_word' id='word_1_53' title='bbox 462 990 568 1060; x_wconf 83' lang='lat' dir='ltr'>antea,</span> <span class='ocrx_word' id='word_1_54' title='bbox 584 984 632 1048; x_wconf 87' lang='lat' dir='ltr'>vel</span> <span class='ocrx_word' id='word_1_55' title='bbox 654 990 767 1067; x_wconf 89' lang='lat' dir='ltr'>postea</span> <span class='ocrx_word' id='word_1_56' title='bbox 787 981 971 1050; x_wconf 83' lang='lat' dir='ltr'>defunctum</span> <span class='ocrx_word' id='word_1_57' title='bbox 992 981 1175 1058; x_wconf 88' lang='lat' dir='ltr'>vestierant,</span> <span class='ocrx_word' id='word_1_58' title='bbox 1191 982 1288 1046; x_wconf 82' lang='lat' dir='ltr'>etiarn</span> <span class='ocrx_word' id='word_1_59' title='bbox 1308 981 1379 1066; x_wconf 89' lang='lat' dir='ltr'>ipsa</span> <span class='ocrx_word' id='word_1_60' title='bbox 1387 1007 1418 1058; x_wconf 80' lang='lat'>35</span> 
     </span>
    </p>
   </div>
   <div class='ocr_carea' id='block_1_4' title="bbox 277 1065 1378 1239">
    <p class='ocr_par' dir='ltr' id='par_1_5' title="bbox 277 1065 1378 1239">
     <span class='ocr_line' id='line_1_9' title="bbox 277 1065 1378 1151; baseline -0.001 -20"><span class='ocrx_word' id='word_1_61' title='bbox 277 1089 299 1131; x_wconf 88' lang='lat' dir='ltr'>a</span> <span class='ocrx_word' id='word_1_62' title='bbox 312 1068 419 1151; x_wconf 87' lang='lat' dir='ltr'>gratia</span> <span class='ocrx_word' id='word_1_63' title='bbox 432 1068 564 1134; x_wconf 88' lang='lat' dir='ltr'>curandi</span> <span class='ocrx_word' id='word_1_64' title='bbox 579 1090 643 1132; x_wconf 89' lang='lat' dir='ltr'>non</span> <span class='ocrx_word' id='word_1_65' title='bbox 658 1072 822 1143; x_wconf 88' lang='lat' dir='ltr'>vacarunt,</span> <span class='ocrx_word' id='word_1_66' title='bbox 839 1067 922 1130; x_wconf 90' lang='lat' dir='ltr'>sicut</span> <span class='ocrx_word' id='word_1_67' title='bbox 944 1066 977 1129; x_wconf 91' lang='lat' dir='ltr'>in</span> <span class='ocrx_word' id='word_1_68' title='bbox 992 1065 1149 1132; x_wconf 89' lang='lat' dir='ltr'>volumine</span> <span class='ocrx_word' id='word_1_69' title='bbox 1166 1067 1254 1132; x_wconf 84' lang='lat' dir='ltr'>Vitae</span> <span class='ocrx_word' id='word_1_70' title='bbox 1269 1074 1303 1131; x_wconf 84' lang='lat' dir='ltr'>et</span> <span class='ocrx_word' id='word_1_71' title='bbox 1317 1067 1378 1130; x_wconf 91' lang='lat' dir='ltr'>vir-</span> 
     </span>
     <span class='ocr_line' id='line_1_10' title="bbox 278 1152 916 1239; baseline -0.003 -23"><span class='ocrx_word' id='word_1_72' title='bbox 278 1157 386 1216; x_wconf 90' lang='lat' dir='ltr'>tutum</span> <span class='ocrx_word' id='word_1_73' title='bbox 399 1154 467 1236; x_wconf 90' lang='lat' dir='ltr'>ejus</span> <span class='ocrx_word' id='word_1_74' title='bbox 482 1155 614 1239; x_wconf 87' lang='lat' dir='ltr'>quisque</span> <span class='ocrx_word' id='word_1_75' title='bbox 628 1153 751 1238; x_wconf 89' lang='lat' dir='ltr'>legerit,</span> <span class='ocrx_word' id='word_1_76' title='bbox 767 1152 916 1218; x_wconf 86' lang='lat' dir='ltr'>inveniet.</span> 
     </span>
    </p>
   </div>
   <div class='ocr_carea' id='block_1_5' title="bbox 336 1359 1325 1540">
    <p class='ocr_par' dir='ltr' id='par_1_6' title="bbox 336 1359 1325 1540">
     <span class='ocr_line' id='line_1_11' title="bbox 680 1359 974 1426; baseline -0.014 0"><span class='ocrx_word' id='word_1_77' title='bbox 680 1361 789 1426; x_wconf 78' lang='lat' dir='ltr'><strong>OAP.</strong></span> <span class='ocrx_word' id='word_1_78' title='bbox 814 1359 974 1423; x_wconf 91' lang='lat' dir='ltr'>XXXII.</span> 
     </span>
     <span class='ocr_line' id='line_1_12' title="bbox 336 1463 1325 1540; baseline -0.002 -18"><span class='ocrx_word' id='word_1_79' title='bbox 336 1464 373 1522; x_wconf 79' lang='lat' dir='ltr'>Ut</span> <span class='ocrx_word' id='word_1_80' title='bbox 387 1465 458 1521; x_wconf 85' lang='lat' dir='ltr'>alter</span> <span class='ocrx_word' id='word_1_81' title='bbox 471 1466 508 1521; x_wconf 84' lang='lat' dir='ltr'>ed</span> <span class='ocrx_word' id='word_1_82' title='bbox 519 1465 650 1539; x_wconf 73' lang='lat' dir='ltr'>reliquias</span> <span class='ocrx_word' id='word_1_83' title='bbox 664 1466 722 1536; x_wconf 58' lang='lat' dir='ltr'>aas</span> <span class='ocrx_word' id='word_1_84' title='bbox 736 1465 919 1538; x_wconf 74' lang='lat' dir='ltr'>superfuerit</span> <span class='ocrx_word' id='word_1_85' title='bbox 933 1464 966 1519; x_wconf 83' lang='lat' dir='ltr'>al</span> <span class='ocrx_word' id='word_1_86' title='bbox 981 1463 1051 1519; x_wconf 84' lang='lat' dir='ltr'>oculi</span> <span class='ocrx_word' id='word_1_87' title='bbox 1065 1463 1193 1540; x_wconf 66' lang='lat' dir='ltr'>languore</span> <span class='ocrx_word' id='word_1_88' title='bbox 1206 1471 1325 1521; x_wconf 79' lang='lat' dir='ltr'>curatas.</span> 
     </span>
    </p>
   </div>
   <div class='ocr_carea' id='block_1_6' title="bbox 121 1555 1380 1659">
    <p class='ocr_par' dir='ltr' id='par_1_7' title="bbox 121 1555 1380 1659">
     <span class='ocr_line' id='line_1_13' title="bbox 121 1555 1380 1659; baseline 0.001 -24"><span class='ocrx_word' id='word_1_89' title='bbox 121 1584 269 1650; x_wconf 58' lang='lat' dir='ltr'>[anaia]</span> <span class='ocrx_word' id='word_1_90' title='bbox 324 1574 391 1638; x_wconf 92' lang='lat' dir='ltr'>Nec</span> <span class='ocrx_word' id='word_1_91' title='bbox 410 1572 535 1638; x_wconf 89' lang='lat' dir='ltr'>silentio</span> <span class='ocrx_word' id='word_1_92' title='bbox 557 1574 813 1657; x_wconf 69' lang='lat' dir='ltr'>praetereundum</span> <span class='ocrx_word' id='word_1_93' title='bbox 828 1574 915 1657; x_wconf 92' lang='lat' dir='ltr'>quod</span> <span class='ocrx_word' id='word_1_94' title='bbox 939 1580 1015 1637; x_wconf 89' lang='lat' dir='ltr'>ante</span> <span class='ocrx_word' id='word_1_95' title='bbox 1037 1573 1208 1637; x_wconf 91' lang='lat' dir='ltr'>triennium</span> <span class='ocrx_word' id='word_1_96' title='bbox 1230 1555 1289 1659; x_wconf 84' lang='lat' dir='ltr'>per</span> <span class='ocrx_word' id='word_1_97' title='bbox 1308 1573 1380 1638; x_wconf 86' lang='lat' dir='ltr'>reli-</span> 
     </span>
    </p>
   </div>
   <div class='ocr_carea' id='block_1_7' title="bbox 279 1658 1421 1828">
    <p class='ocr_par' dir='ltr' id='par_1_8' title="bbox 279 1658 1421 1828">
     <span class='ocr_line' id='line_1_14' title="bbox 302 1658 1421 1744; baseline 0 -22"><span class='ocrx_word' id='word_1_98' title='bbox 302 1680 372 1723; x_wconf 83' lang='lat' dir='ltr'>uras</span> <span class='ocrx_word' id='word_1_99' title='bbox 393 1658 461 1744; x_wconf 90' lang='lat' dir='ltr'>ejus</span> <span class='ocrx_word' id='word_1_100' title='bbox 481 1658 610 1735; x_wconf 81' lang='lat' dir='ltr'>lactum,</span> <span class='ocrx_word' id='word_1_101' title='bbox 625 1680 727 1743; x_wconf 83' lang='lat' dir='ltr'>nuper</span> <span class='ocrx_word' id='word_1_102' title='bbox 748 1659 825 1720; x_wconf 91' lang='lat' dir='ltr'>mihi</span> <span class='ocrx_word' id='word_1_103' title='bbox 848 1680 905 1742; x_wconf 89' lang='lat' dir='ltr'>per</span> <span class='ocrx_word' id='word_1_104' title='bbox 926 1659 1029 1743; x_wconf 90' lang='lat' dir='ltr'>ipsum</span> <span class='ocrx_word' id='word_1_105' title='bbox 1051 1659 1084 1721; x_wconf 93' lang='lat' dir='ltr'>in</span> <span class='ocrx_word' id='word_1_106' title='bbox 1100 1681 1163 1743; x_wconf 92' lang='lat' dir='ltr'>quo</span> <span class='ocrx_word' id='word_1_107' title='bbox 1180 1659 1301 1724; x_wconf 81' lang='lat' dir='ltr'>factum</span> <span class='ocrx_word' id='word_1_108' title='bbox 1318 1665 1378 1733; x_wconf 89' lang='lat' dir='ltr'>est,</span> <span class='ocrx_word' id='word_1_109' title='bbox 1390 1685 1421 1730; x_wconf 84' lang='grc' dir='ltr'>4ο</span> 
     </span>
     <span class='ocr_line' id='line_1_15' title="bbox 279 1683 1380 1828; baseline -0.001 -20"><span class='ocrx_word' id='word_1_110' title='bbox 279 1683 412 1808; x_wconf 69' lang='lat' dir='ltr'>iratrem</span> <span class='ocrx_word' id='word_1_111' title='bbox 437 1743 587 1807; x_wconf 85' lang='lat' dir='ltr'>innotuit.</span> <span class='ocrx_word' id='word_1_112' title='bbox 634 1743 696 1807; x_wconf 86' lang='lat' dir='ltr'>Est</span> <span class='ocrx_word' id='word_1_113' title='bbox 724 1750 834 1807; x_wconf 89' lang='lat' dir='ltr'>autem</span> <span class='ocrx_word' id='word_1_114' title='bbox 863 1744 984 1817; x_wconf 85' lang='lat' dir='ltr'>factum</span> <span class='ocrx_word' id='word_1_115' title='bbox 1014 1743 1047 1806; x_wconf 93' lang='lat' dir='ltr'>in</span> <span class='ocrx_word' id='word_1_116' title='bbox 1074 1744 1268 1808; x_wconf 88' lang='lat' dir='ltr'>monasterio</span> <span class='ocrx_word' id='word_1_117' title='bbox 1294 1745 1380 1828; x_wconf 92' lang='lat' dir='ltr'>quod</span> 
     </span>
    </p>
   </div>
   <div class='ocr_carea' id='block_1_8' title="bbox 118 1829 1379 1998">
    <p class='ocr_par' dir='ltr' id='par_1_9' title="bbox 118 1829 1379 1998">
     <span class='ocr_line' id='line_1_16' title="bbox 118 1829 1378 1916; baseline -0.002 -22"><span class='ocrx_word' id='word_1_118' title='bbox 118 1858 216 1908; x_wconf 60' lang='lat' dir='ltr'>Dm,</span> <span class='ocrx_word' id='word_1_119' title='bbox 277 1830 372 1916; x_wconf 85' lang='lat' dir='ltr'>juxta</span> <span class='ocrx_word' id='word_1_120' title='bbox 393 1850 519 1892; x_wconf 91' lang='lat' dir='ltr'>amnem</span> <span class='ocrx_word' id='word_1_121' title='bbox 533 1829 659 1892; x_wconf 80' lang='lat' dir='ltr'>Dacore</span> <span class='ocrx_word' id='word_1_122' title='bbox 681 1835 900 1893; x_wconf 88' lang='lat' dir='ltr'>constructum</span> <span class='ocrx_word' id='word_1_123' title='bbox 922 1829 964 1892; x_wconf 91' lang='lat' dir='ltr'>ab</span> <span class='ocrx_word' id='word_1_124' title='bbox 988 1851 1026 1892; x_wconf 90' lang='lat' dir='ltr'>eo</span> <span class='ocrx_word' id='word_1_125' title='bbox 1049 1850 1223 1914; x_wconf 87' lang='lat' dir='ltr'>cognomen</span> <span class='ocrx_word' id='word_1_126' title='bbox 1244 1829 1378 1912; x_wconf 86' lang='lat' dir='ltr'>accepit,</span> 
     </span>
     <span class='ocr_line' id='line_1_17' title="bbox 118 1913 1379 1998; baseline 0.006 -28"><span class='ocrx_word' id='word_1_127' title='bbox 118 1931 224 1971; x_wconf 74' lang='lat' dir='ltr'>monac</span> <span class='ocrx_word' id='word_1_128' title='bbox 281 1915 331 1978; x_wconf 89' lang='lat' dir='ltr'>cui</span> <span class='ocrx_word' id='word_1_129' title='bbox 346 1922 423 1979; x_wconf 92' lang='lat' dir='ltr'>tunc</span> <span class='ocrx_word' id='word_1_130' title='bbox 438 1915 486 1978; x_wconf 89' lang='lat' dir='ltr'>vir</span> <span class='ocrx_word' id='word_1_131' title='bbox 506 1913 670 1998; x_wconf 87' lang='lat' dir='ltr'>religiosus</span> <span class='ocrx_word' id='word_1_132' title='bbox 685 1913 857 1978; x_wconf 86' lang='lat' dir='ltr'>Snidberct</span> <span class='ocrx_word' id='word_1_133' title='bbox 873 1914 1002 1978; x_wconf 89' lang='lat' dir='ltr'>abbatis</span> <span class='ocrx_word' id='word_1_134' title='bbox 1020 1915 1092 1997; x_wconf 90' lang='lat' dir='ltr'>jure</span> <span class='ocrx_word' id='word_1_135' title='bbox 1113 1915 1251 1998; x_wconf 86' lang='lat' dir='ltr'>praefuit.</span> <span class='ocrx_word' id='word_1_136' title='bbox 1296 1913 1379 1978; x_wconf 87' lang='lat' dir='ltr'>Erat</span> 
     </span>
    </p>
   </div>
   <div class='ocr_carea' id='block_1_9' title="bbox 119 2051 175 2099">
    <p class='ocr_par' dir='ltr' id='par_1_10' title="bbox 119 2051 175 2099">
     <span class='ocr_line' id='line_1_18' title="bbox 119 2051 175 2099; baseline 0 0"><span class='ocrx_word' id='word_1_137' title='bbox 119 2051 175 2099; x_wconf 78' lang='lat' dir='ltr'>abb.</span> 
     </span>
    </p>
   </div>
   <div class='ocr_carea' id='block_1_10' title="bbox 119 1987 1379 2083">
    <p class='ocr_par' dir='ltr' id='par_1_11' title="bbox 119 1987 1379 2083">
     <span class='ocr_line' id='line_1_19' title="bbox 119 1987 1379 2083; baseline 0.006 -29"><span class='ocrx_word' id='word_1_138' title='bbox 119 1987 247 2040; x_wconf 64' lang='lat' dir='ltr'>Sciebam</span> <span class='ocrx_word' id='word_1_139' title='bbox 281 1999 315 2062; x_wconf 92' lang='lat' dir='ltr'>in</span> <span class='ocrx_word' id='word_1_140' title='bbox 329 2021 367 2066; x_wconf 85' lang='lat' dir='ltr'>eo</span> <span class='ocrx_word' id='word_1_141' title='bbox 382 1999 511 2083; x_wconf 91' lang='lat' dir='ltr'>quidam</span> <span class='ocrx_word' id='word_1_142' title='bbox 531 1999 713 2064; x_wconf 88' lang='lat' dir='ltr'>adolescens</span> <span class='ocrx_word' id='word_1_143' title='bbox 735 2000 785 2062; x_wconf 92' lang='lat' dir='ltr'>cui</span> <span class='ocrx_word' id='word_1_144' title='bbox 807 2006 914 2062; x_wconf 89' lang='lat' dir='ltr'>tumor</span> <span class='ocrx_word' id='word_1_145' title='bbox 928 1999 1077 2062; x_wconf 89' lang='lat' dir='ltr'>deformis</span> <span class='ocrx_word' id='word_1_146' title='bbox 1096 1999 1282 2083; x_wconf 86' lang='lat' dir='ltr'>palpebram</span> <span class='ocrx_word' id='word_1_147' title='bbox 1296 1999 1379 2062; x_wconf 92' lang='lat' dir='ltr'>oculi</span> 
     </span>
    </p>
   </div>
   <div class='ocr_carea' id='block_1_11' title="bbox 281 2083 1379 2168">
    <p class='ocr_par' dir='ltr' id='par_1_12' title="bbox 281 2083 1379 2168">
     <span class='ocr_line' id='line_1_20' title="bbox 281 2083 1379 2168; baseline 0.002 -22"><span class='ocrx_word' id='word_1_148' title='bbox 281 2085 467 2160; x_wconf 81' lang='lat' dir='ltr'>foedaverat‚</span> <span class='ocrx_word' id='word_1_149' title='bbox 483 2084 538 2167; x_wconf 93' lang='lat' dir='ltr'>qui</span> <span class='ocrx_word' id='word_1_150' title='bbox 553 2106 625 2146; x_wconf 91' lang='lat' dir='ltr'>cum</span> <span class='ocrx_word' id='word_1_151' title='bbox 639 2105 697 2168; x_wconf 88' lang='lat' dir='ltr'>per</span> <span class='ocrx_word' id='word_1_152' title='bbox 711 2084 779 2148; x_wconf 89' lang='lat' dir='ltr'>dies</span> <span class='ocrx_word' id='word_1_153' title='bbox 794 2105 936 2147; x_wconf 86' lang='lat' dir='ltr'>crescens</span> <span class='ocrx_word' id='word_1_154' title='bbox 950 2084 1041 2146; x_wconf 92' lang='lat' dir='ltr'>oculo</span> <span class='ocrx_word' id='word_1_155' title='bbox 1057 2083 1223 2148; x_wconf 89' lang='lat' dir='ltr'>interitum</span> <span class='ocrx_word' id='word_1_156' title='bbox 1244 2084 1379 2148; x_wconf 88' lang='lat' dir='ltr'>minare-</span> 
     </span>
    </p>
   </div>
   <div class='ocr_carea' id='block_1_12' title="bbox 282 2168 1537 2254">
    <p class='ocr_par' dir='ltr' id='par_1_13' title="bbox 282 2168 1537 2254">
     <span class='ocr_line' id='line_1_21' title="bbox 282 2168 1537 2254; baseline 0.008 -21"><span class='ocrx_word' id='word_1_157' title='bbox 282 2175 345 2247; x_wconf 91' lang='lat' dir='ltr'>tur,</span> <span class='ocrx_word' id='word_1_158' title='bbox 368 2169 524 2232; x_wconf 89' lang='lat' dir='ltr'>curabant</span> <span class='ocrx_word' id='word_1_159' title='bbox 546 2169 661 2232; x_wconf 89' lang='lat' dir='ltr'>medici</span> <span class='ocrx_word' id='word_1_160' title='bbox 684 2169 768 2232; x_wconf 92' lang='lat' dir='ltr'>hunc</span> <span class='ocrx_word' id='word_1_161' title='bbox 794 2168 948 2254; x_wconf 76' lang='lat' dir='ltr'>adpositis</span> <span class='ocrx_word' id='word_1_162' title='bbox 971 2169 1206 2253; x_wconf 87' lang='lat' dir='ltr'>pigmentorum</span> <span class='ocrx_word' id='word_1_163' title='bbox 1232 2169 1448 2241; x_wconf 81' lang='lat' dir='ltr'>fomentis181</span> <span class='ocrx_word' id='word_1_164' title='bbox 1536 2199 1537 2202; x_wconf 71' lang='grc'>’</span> 
     </span>
    </p>
   </div>
   <div class='ocr_carea' id='block_1_13' title="bbox 282 2253 1403 3188">
    <p class='ocr_par' dir='ltr' id='par_1_14' title="bbox 282 2253 1403 3104">
     <span class='ocr_line' id='line_1_22' title="bbox 282 2253 1377 2333; baseline 0.002 -17"><span class='ocrx_word' id='word_1_165' title='bbox 282 2253 430 2330; x_wconf 87' lang='lat' dir='ltr'>emollire,</span> <span class='ocrx_word' id='word_1_166' title='bbox 445 2275 504 2316; x_wconf 91' lang='lat' dir='ltr'>nec</span> <span class='ocrx_word' id='word_1_167' title='bbox 515 2253 673 2318; x_wconf 89' lang='lat' dir='ltr'>valebant.</span> <span class='ocrx_word' id='word_1_168' title='bbox 718 2254 855 2333; x_wconf 72' lang='lat' dir='ltr'>Quidam</span> <span class='ocrx_word' id='word_1_169' title='bbox 870 2254 1097 2318; x_wconf 89' lang='lat' dir='ltr'>abscidendum</span> <span class='ocrx_word' id='word_1_170' title='bbox 1111 2275 1180 2317; x_wconf 88' lang='lat' dir='ltr'>esse</span> <span class='ocrx_word' id='word_1_171' title='bbox 1195 2253 1377 2329; x_wconf 89' lang='lat' dir='ltr'>¹dicebant;</span> 
     </span>
     <span class='ocr_line' id='line_1_23' title="bbox 282 2338 1379 2424; baseline -0.005 -18"><span class='ocrx_word' id='word_1_172' title='bbox 282 2338 334 2406; x_wconf 84' lang='lat' dir='ltr'>alii</span> <span class='ocrx_word' id='word_1_173' title='bbox 355 2338 414 2401; x_wconf 89' lang='lat' dir='ltr'>hoc</span> <span class='ocrx_word' id='word_1_174' title='bbox 436 2338 505 2402; x_wconf 88' lang='lat' dir='ltr'>fieri</span> <span class='ocrx_word' id='word_1_175' title='bbox 524 2344 612 2402; x_wconf 90' lang='lat' dir='ltr'>metu</span> <span class='ocrx_word' id='word_1_176' title='bbox 634 2339 763 2424; x_wconf 89' lang='lat' dir='ltr'>majoris</span> <span class='ocrx_word' id='word_1_177' title='bbox 786 2339 916 2423; x_wconf 87' lang='lat' dir='ltr'>periculi</span> <span class='ocrx_word' id='word_1_178' title='bbox 931 2340 1093 2403; x_wconf 91' lang='lat' dir='ltr'>vetabant.</span> <span class='ocrx_word' id='word_1_179' title='bbox 1138 2339 1279 2422; x_wconf 76' lang='lat' dir='ltr'>cumque</span> <span class='ocrx_word' id='word_1_180' title='bbox 1298 2347 1379 2402; x_wconf 88' lang='lat' dir='ltr'>tem·</span> 
     </span>
     <span class='ocr_line' id='line_1_24' title="bbox 282 2423 1377 2524; baseline 0.003 -39"><span class='ocrx_word' id='word_1_181' title='bbox 282 2445 360 2507; x_wconf 92' lang='lat' dir='ltr'>pore</span> <span class='ocrx_word' id='word_1_182' title='bbox 383 2445 447 2486; x_wconf 92' lang='lat' dir='ltr'>non</span> <span class='ocrx_word' id='word_1_183' title='bbox 470 2445 572 2524; x_wconf 88' lang='lat' dir='ltr'>pauco</span> <span class='ocrx_word' id='word_1_184' title='bbox 597 2423 698 2487; x_wconf 82' lang='lat' dir='ltr'>frater</span> <span class='ocrx_word' id='word_1_185' title='bbox 722 2423 875 2508; x_wconf 84' lang='lat' dir='ltr'>prael&#39;atus</span> <span class='ocrx_word' id='word_1_186' title='bbox 901 2424 958 2487; x_wconf 89' lang='lat' dir='ltr'>tali</span> <span class='ocrx_word' id='word_1_187' title='bbox 983 2423 1184 2486; x_wconf 91' lang='lat' dir='ltr'>incommodo</span> <span class='ocrx_word' id='word_1_188' title='bbox 1205 2423 1377 2500; x_wconf 72' lang='lat' dir='ltr'>laboraret,</span> 
     </span>
     <span class='ocr_line' id='line_1_25' title="bbox 283 2508 1377 2592; baseline 0.004 -21"><span class='ocrx_word' id='word_1_189' title='bbox 283 2529 385 2592; x_wconf 89' lang='lat' dir='ltr'>neque</span> <span class='ocrx_word' id='word_1_190' title='bbox 399 2509 564 2574; x_wconf 79' lang='lat' dir='ltr'>imminens</span> <span class='ocrx_word' id='word_1_191' title='bbox 579 2508 670 2573; x_wconf 90' lang='lat' dir='ltr'>oculo</span> <span class='ocrx_word' id='word_1_192' title='bbox 685 2508 817 2573; x_wconf 85' lang='lat' dir='ltr'>exitium</span> <span class='ocrx_word' id='word_1_193' title='bbox 836 2508 975 2573; x_wconf 91' lang='lat' dir='ltr'>humana</span> <span class='ocrx_word' id='word_1_194' title='bbox 992 2529 1105 2572; x_wconf 89' lang='lat' dir='ltr'>manus</span> <span class='ocrx_word' id='word_1_195' title='bbox 1123 2530 1234 2573; x_wconf 89' lang='lat' dir='ltr'>curare</span> <span class='ocrx_word' id='word_1_196' title='bbox 1248 2509 1377 2585; x_wconf 85' lang='lat' dir='ltr'>valeret,</span> 
     </span>
     <span class='ocr_line' id='line_1_26' title="bbox 284 2594 1403 2682; baseline 0.002 -27"><span class='ocrx_word' id='word_1_197' title='bbox 284 2594 360 2678; x_wconf 92' lang='lat' dir='ltr'>quin</span> <span class='ocrx_word' id='word_1_198' title='bbox 376 2608 463 2682; x_wconf 83' lang='lat' dir='ltr'>mper</span> <span class='ocrx_word' id='word_1_199' title='bbox 477 2594 544 2657; x_wconf 89' lang='lat' dir='ltr'>dies</span> <span class='ocrx_word' id='word_1_200' title='bbox 559 2601 752 2679; x_wconf 71' lang='lat' dir='ltr'>augesceret,</span> <span class='ocrx_word' id='word_1_201' title='bbox 764 2594 899 2679; x_wconf 89' lang='lat' dir='ltr'>contigit</span> <span class='ocrx_word' id='word_1_202' title='bbox 914 2616 985 2657; x_wconf 91' lang='lat' dir='ltr'>eum</span> <span class='ocrx_word' id='word_1_203' title='bbox 1000 2594 1106 2657; x_wconf 89' lang='lat' dir='ltr'>subito</span> <span class='ocrx_word' id='word_1_204' title='bbox 1121 2594 1234 2659; x_wconf 83' lang='lat' dir='ltr'>divinae</span> <span class='ocrx_word' id='word_1_205' title='bbox 1249 2595 1403 2680; x_wconf 74' lang='lat' dir='ltr'>pietatiss</span> 
     </span>
     <span class='ocr_line' id='line_1_27' title="bbox 283 2678 1380 2765; baseline 0 -22"><span class='ocrx_word' id='word_1_206' title='bbox 283 2680 389 2765; x_wconf 87' lang='lat' dir='ltr'>gratia</span> <span class='ocrx_word' id='word_1_207' title='bbox 402 2702 460 2765; x_wconf 90' lang='lat' dir='ltr'>per</span> <span class='ocrx_word' id='word_1_208' title='bbox 474 2679 663 2752; x_wconf 82' lang='lat' dir='ltr'>sanctissimi</span> <span class='ocrx_word' id='word_1_209' title='bbox 677 2679 779 2763; x_wconf 90' lang='lat' dir='ltr'>patris</span> <span class='ocrx_word' id='word_1_210' title='bbox 794 2679 965 2743; x_wconf 86' lang='lat' dir='ltr'>Oudbercti</span> <span class='ocrx_word' id='word_1_211' title='bbox 980 2678 1129 2764; x_wconf 88' lang='lat' dir='ltr'>reliquias</span> <span class='ocrx_word' id='word_1_212' title='bbox 1143 2679 1258 2743; x_wconf 83' lang='lat' dir='ltr'>sanari.</span> <span class='ocrx_word' id='word_1_213' title='bbox 1296 2680 1380 2743; x_wconf 90' lang='lat' dir='ltr'>Nam</span> 
     </span>
     <span class='ocr_line' id='line_1_28' title="bbox 284 2763 1381 2849; baseline -0.001 -21"><span class='ocrx_word' id='word_1_214' title='bbox 284 2765 410 2849; x_wconf 90' lang='lat' dir='ltr'>quando</span> <span class='ocrx_word' id='word_1_215' title='bbox 424 2766 540 2828; x_wconf 87' lang='lat' dir='ltr'>fratres</span> <span class='ocrx_word' id='word_1_216' title='bbox 554 2765 603 2827; x_wconf 91' lang='lat' dir='ltr'>sui</span> <span class='ocrx_word' id='word_1_217' title='bbox 617 2786 730 2847; x_wconf 89' lang='lat' dir='ltr'>corpus</span> <span class='ocrx_word' id='word_1_218' title='bbox 747 2763 846 2849; x_wconf 91' lang='lat' dir='ltr'>ipsius</span> <span class='ocrx_word' id='word_1_219' title='bbox 867 2770 941 2848; x_wconf 91' lang='lat' dir='ltr'>post</span> <span class='ocrx_word' id='word_1_220' title='bbox 962 2764 1080 2827; x_wconf 89' lang='lat' dir='ltr'>multos</span> <span class='ocrx_word' id='word_1_221' title='bbox 1095 2765 1265 2848; x_wconf 70' lang='lat' dir='ltr'>sepultura</span> <span class='ocrx_word' id='word_1_222' title='bbox 1280 2785 1381 2827; x_wconf 89' lang='lat' dir='ltr'>annos</span> 
     </span>
     <span class='ocr_line' id='line_1_29' title="bbox 282 2849 1381 2935; baseline 0.001 -23"><span class='ocrx_word' id='word_1_223' title='bbox 282 2849 500 2935; x_wconf 88' lang='lat' dir='ltr'>incorruptum</span> <span class='ocrx_word' id='word_1_224' title='bbox 518 2849 742 2934; x_wconf 73' lang='lat' dir='ltr'>”reperienmt</span> <span class='ocrx_word' id='word_1_225' title='bbox 765 2849 908 2913; x_wconf 86' lang='lat' dir='ltr'>tulerunt</span> <span class='ocrx_word' id='word_1_226' title='bbox 934 2856 1059 2933; x_wconf 90' lang='lat' dir='ltr'>partem</span> <span class='ocrx_word' id='word_1_227' title='bbox 1082 2849 1121 2912; x_wconf 90' lang='lat' dir='ltr'>de</span> <span class='ocrx_word' id='word_1_228' title='bbox 1143 2849 1261 2933; x_wconf 81' lang='lat' dir='ltr'>capillis</span> <span class='ocrx_word' id='word_1_229' title='bbox 1285 2871 1381 2933; x_wconf 90' lang='lat' dir='ltr'>quam</span> 
     </span>
     <span class='ocr_line' id='line_1_30' title="bbox 284 2933 1381 3019; baseline 0 -23"><span class='ocrx_word' id='word_1_230' title='bbox 284 2955 371 2997; x_wconf 89' lang='lat' dir='ltr'>more</span> <span class='ocrx_word' id='word_1_231' title='bbox 396 2934 598 3019; x_wconf 90' lang='lat' dir='ltr'>reliquiarum</span> <span class='ocrx_word' id='word_1_232' title='bbox 622 2933 810 3019; x_wconf 86' lang='lat' dir='ltr'>rogantibus</span> <span class='ocrx_word' id='word_1_233' title='bbox 835 2933 944 2997; x_wconf 91' lang='lat' dir='ltr'>amicis</span> <span class='ocrx_word' id='word_1_234' title='bbox 970 2934 1056 3010; x_wconf 89' lang='lat' dir='ltr'>dare,</span> <span class='ocrx_word' id='word_1_235' title='bbox 1082 2933 1130 2997; x_wconf 89' lang='lat' dir='ltr'>vel</span> <span class='ocrx_word' id='word_1_236' title='bbox 1155 2936 1322 2998; x_wconf 88' lang='lat' dir='ltr'>ostendere</span> <span class='ocrx_word' id='word_1_237' title='bbox 1348 2934 1381 2996; x_wconf 92' lang='lat' dir='ltr'>in</span> 
     </span>
     <span class='ocr_line' id='line_1_31' title="bbox 284 3018 948 3104; baseline 0.008 -25"><span class='ocrx_word' id='word_1_238' title='bbox 284 3018 311 3080; x_wconf 91' lang='lat' dir='ltr'>si</span> <span class='ocrx_word' id='word_1_239' title='bbox 355 3040 408 3081; x_wconf 91' lang='lat' dir='ltr'>um</span> <span class='ocrx_word' id='word_1_240' title='bbox 423 3018 564 3083; x_wconf 84' lang='lat' dir='ltr'>miraculi</span> <span class='ocrx_word' id='word_1_241' title='bbox 579 3026 719 3104; x_wconf 85' lang='lat' dir='ltr'>possent.</span> <span class='ocrx_word' id='word_1_242' title='bbox 946 3023 948 3025; x_wconf 66' lang='grc'><strong>’</strong></span> 
     </span>
    </p>

    <p class='ocr_par' dir='ltr' id='par_1_15' title="bbox 356 3102 1382 3188">
     <span class='ocr_line' id='line_1_32' title="bbox 356 3102 1382 3188; baseline 0.001 -22"><span class='ocrx_word' id='word_1_243' title='bbox 356 3125 447 3166; x_wconf 90' lang='lat' dir='ltr'>arum</span> <span class='ocrx_word' id='word_1_244' title='bbox 461 3104 652 3187; x_wconf 84' lang='lat' dir='ltr'>particulam</span> <span class='ocrx_word' id='word_1_245' title='bbox 666 3102 872 3187; x_wconf 88' lang='lat' dir='ltr'>reliquiarum</span> <span class='ocrx_word' id='word_1_246' title='bbox 881 3124 919 3166; x_wconf 87' lang='lat' dir='ltr'>eo</span> <span class='ocrx_word' id='word_1_247' title='bbox 929 3110 1074 3187; x_wconf 87' lang='lat' dir='ltr'>tempore</span> <span class='ocrx_word' id='word_1_248' title='bbox 1088 3103 1228 3168; x_wconf 89' lang='lat' dir='ltr'>habebat</span> <span class='ocrx_word' id='word_1_249' title='bbox 1236 3125 1333 3188; x_wconf 87' lang='lat' dir='ltr'>penes</span> <span class='ocrx_word' id='word_1_250' title='bbox 1347 3124 1382 3167; x_wconf 87' lang='lat' dir='ltr'>sc</span> 
     </span>
    </p>
   </div>
   <div class='ocr_carea' id='block_1_14' title="bbox 122 3187 1424 3287">
    <p class='ocr_par' dir='ltr' id='par_1_16' title="bbox 122 3187 1424 3287">
     <span class='ocr_line' id='line_1_33' title="bbox 122 3187 1424 3287; baseline -0.002 -35"><span class='ocrx_word' id='word_1_251' title='bbox 122 3213 258 3262; x_wconf 70' lang='lat' dir='ltr'>taraiasa</span> <span class='ocrx_word' id='word_1_252' title='bbox 286 3187 415 3287; x_wconf 79' lang='lat' dir='ltr'>quidam</span> <span class='ocrx_word' id='word_1_253' title='bbox 429 3188 675 3287; x_wconf 30' lang='lat' dir='ltr'>denpresbyteris</span> <span class='ocrx_word' id='word_1_254' title='bbox 689 3188 830 3271; x_wconf 90' lang='lat' dir='ltr'>ejusdem</span> <span class='ocrx_word' id='word_1_255' title='bbox 844 3188 1038 3265; x_wconf 90' lang='lat' dir='ltr'>monasterii,</span> <span class='ocrx_word' id='word_1_256' title='bbox 1053 3188 1179 3251; x_wconf 88' lang='lat' dir='ltr'>nomine</span> <span class='ocrx_word' id='word_1_257' title='bbox 1191 3188 1380 3266; x_wconf 81' lang='lat' dir='ltr'>Thruidred,</span> <span class='ocrx_word' id='word_1_258' title='bbox 1393 3214 1424 3249; x_wconf 85' lang='grc' dir='ltr'>ιο</span> 
     </span>
    </p>
   </div>
   <div class='ocr_carea' id='block_1_15' title="bbox 123 3278 179 3327">
    <p class='ocr_par' dir='ltr' id='par_1_17' title="bbox 123 3278 179 3327">
     <span class='ocr_line' id='line_1_34' title="bbox 123 3278 179 3327; baseline 0.018 -1"><span class='ocrx_word' id='word_1_259' title='bbox 123 3278 179 3327; x_wconf 85' lang='lat' dir='ltr'>abb.</span> 
     </span>
    </p>
   </div>
   <div class='ocr_carea' id='block_1_16' title="bbox 286 3272 1423 3954">
    <p class='ocr_par' dir='ltr' id='par_1_18' title="bbox 286 3272 1423 3954">
     <span class='ocr_line' id='line_1_35' title="bbox 287 3272 1382 3358; baseline 0.003 -24"><span class='ocrx_word' id='word_1_260' title='bbox 287 3296 342 3357; x_wconf 85' lang='lat' dir='ltr'>qur</span> <span class='ocrx_word' id='word_1_261' title='bbox 364 3295 446 3336; x_wconf 91' lang='lat' dir='ltr'>nuno</span> <span class='ocrx_word' id='word_1_262' title='bbox 469 3296 567 3358; x_wconf 84' lang='lat' dir='ltr'>rpsms</span> <span class='ocrx_word' id='word_1_263' title='bbox 588 3272 771 3338; x_wconf 89' lang='lat' dir='ltr'>monasterii</span> <span class='ocrx_word' id='word_1_264' title='bbox 791 3274 891 3337; x_wconf 92' lang='lat' dir='ltr'>abbas</span> <span class='ocrx_word' id='word_1_265' title='bbox 910 3280 970 3337; x_wconf 88' lang='lat' dir='ltr'>est.</span> <span class='ocrx_word' id='word_1_266' title='bbox 1015 3273 1075 3352; x_wconf 79' lang='lat' dir='ltr'>Qui</span> <span class='ocrx_word' id='word_1_267' title='bbox 1091 3273 1228 3337; x_wconf 85' lang='lat' dir='ltr'>cumdio</span> <span class='ocrx_word' id='word_1_268' title='bbox 1243 3275 1382 3357; x_wconf 87' lang='lat' dir='ltr'>quadam</span> 
     </span>
     <span class='ocr_line' id='line_1_36' title="bbox 286 3358 1382 3443; baseline 0.002 -22"><span class='ocrx_word' id='word_1_269' title='bbox 286 3359 444 3443; x_wconf 89' lang='lat' dir='ltr'>ingressus</span> <span class='ocrx_word' id='word_1_270' title='bbox 459 3360 632 3434; x_wconf 89' lang='lat' dir='ltr'>ecclesiam,</span> <span class='ocrx_word' id='word_1_271' title='bbox 647 3358 825 3443; x_wconf 84' lang='lat' dir='ltr'>aperuisset</span> <span class='ocrx_word' id='word_1_272' title='bbox 838 3359 966 3422; x_wconf 87' lang='lat' dir='ltr'>thecaln</span> <span class='ocrx_word' id='word_1_273' title='bbox 981 3358 1192 3441; x_wconf 89' lang='lat' dir='ltr'>reliquiarum,</span> <span class='ocrx_word' id='word_1_274' title='bbox 1208 3366 1245 3423; x_wconf 87' lang='lat' dir='ltr'>ut</span> <span class='ocrx_word' id='word_1_275' title='bbox 1262 3358 1382 3443; x_wconf 91' lang='lat' dir='ltr'>portio-</span> 
     </span>
     <span class='ocr_line' id='line_1_37' title="bbox 286 3443 1381 3529; baseline 0.001 -23"><span class='ocrx_word' id='word_1_276' title='bbox 286 3466 359 3507; x_wconf 89' lang='lat' dir='ltr'>nem</span> <span class='ocrx_word' id='word_1_277' title='bbox 373 3465 482 3506; x_wconf 89' lang='lat' dir='ltr'>earum</span> <span class='ocrx_word' id='word_1_278' title='bbox 496 3444 622 3529; x_wconf 88' lang='lat' dir='ltr'>roganti</span> <span class='ocrx_word' id='word_1_279' title='bbox 636 3444 741 3508; x_wconf 88' lang='lat' dir='ltr'>amico</span> <span class='ocrx_word' id='word_1_280' title='bbox 755 3450 936 3527; x_wconf 85' lang='lat' dir='ltr'>praestaret,</span> <span class='ocrx_word' id='word_1_281' title='bbox 952 3443 1088 3527; x_wconf 89' lang='lat' dir='ltr'>contigit</span> <span class='ocrx_word' id='word_1_282' title='bbox 1102 3450 1136 3507; x_wconf 89' lang='lat' dir='ltr'>et</span> <span class='ocrx_word' id='word_1_283' title='bbox 1155 3443 1259 3528; x_wconf 90' lang='lat' dir='ltr'>ipsum</span> <span class='ocrx_word' id='word_1_284' title='bbox 1276 3444 1381 3507; x_wconf 91' lang='lat' dir='ltr'>adole-</span> 
     </span>
     <span class='ocr_line' id='line_1_38' title="bbox 287 3528 1381 3627; baseline 0.001 -36"><span class='ocrx_word' id='word_1_285' title='bbox 287 3534 427 3591; x_wconf 89' lang='lat' dir='ltr'>scentem</span> <span class='ocrx_word' id='word_1_286' title='bbox 448 3530 498 3592; x_wconf 93' lang='lat' dir='ltr'>cui</span> <span class='ocrx_word' id='word_1_287' title='bbox 518 3530 627 3594; x_wconf 91' lang='lat' dir='ltr'>oculus</span> <span class='ocrx_word' id='word_1_288' title='bbox 646 3528 828 3627; x_wconf 84' lang='lat' dir='ltr'>languebat,</span> <span class='ocrx_word' id='word_1_289' title='bbox 845 3528 877 3589; x_wconf 92' lang='lat' dir='ltr'>in</span> <span class='ocrx_word' id='word_1_290' title='bbox 900 3528 1011 3592; x_wconf 90' lang='lat' dir='ltr'>eadem</span> <span class='ocrx_word' id='word_1_291' title='bbox 1024 3528 1154 3592; x_wconf 88' lang='lat' dir='ltr'>ecclesia</span> <span class='ocrx_word' id='word_1_292' title='bbox 1169 3536 1245 3592; x_wconf 89' lang='lat' dir='ltr'>tunc</span> <span class='ocrx_word' id='word_1_293' title='bbox 1260 3529 1381 3593; x_wconf 88' lang='lat' dir='ltr'>adesse.</span> 
     </span>
     <span class='ocr_line' id='line_1_39' title="bbox 289 3613 1380 3699; baseline 0 -21"><span class='ocrx_word' id='word_1_294' title='bbox 289 3614 430 3698; x_wconf 86' lang='lat' dir='ltr'>Oumque</span> <span class='ocrx_word' id='word_1_295' title='bbox 447 3616 613 3699; x_wconf 85' lang='lat' dir='ltr'>presbyter</span> <span class='ocrx_word' id='word_1_296' title='bbox 631 3623 809 3698; x_wconf 82' lang='lat' dir='ltr'>portionem</span> <span class='ocrx_word' id='word_1_297' title='bbox 825 3620 977 3698; x_wconf 88' lang='lat' dir='ltr'>quantam</span> <span class='ocrx_word' id='word_1_298' title='bbox 991 3613 1099 3688; x_wconf 86' lang='lat' dir='ltr'>voluit,</span> <span class='ocrx_word' id='word_1_299' title='bbox 1114 3614 1215 3677; x_wconf 89' lang='lat' dir='ltr'>amico</span> <span class='ocrx_word' id='word_1_300' title='bbox 1230 3614 1380 3691; x_wconf 86' lang='lat' dir='ltr'>dedisset,</span> 
     </span>
     <span class='ocr_line' id='line_1_40' title="bbox 288 3697 1423 3781; baseline 0.001 -19"><span class='ocrx_word' id='word_1_301' title='bbox 288 3698 448 3763; x_wconf 90' lang='lat' dir='ltr'>residuum</span> <span class='ocrx_word' id='word_1_302' title='bbox 463 3700 553 3763; x_wconf 90' lang='lat' dir='ltr'>dedit</span> <span class='ocrx_word' id='word_1_303' title='bbox 566 3699 767 3775; x_wconf 87' lang='lat' dir='ltr'>adolescenti,</span> <span class='ocrx_word' id='word_1_304' title='bbox 783 3706 821 3762; x_wconf 90' lang='lat' dir='ltr'>ut</span> <span class='ocrx_word' id='word_1_305' title='bbox 835 3720 892 3761; x_wconf 91' lang='lat' dir='ltr'>suo</span> <span class='ocrx_word' id='word_1_306' title='bbox 907 3698 940 3760; x_wconf 93' lang='lat' dir='ltr'>in</span> <span class='ocrx_word' id='word_1_307' title='bbox 954 3697 1023 3773; x_wconf 83' lang='lat' dir='ltr'>loco</span> <span class='ocrx_word' id='word_1_308' title='bbox 1037 3706 1214 3781; x_wconf 86' lang='lat' dir='ltr'>reponeret.</span> <span class='ocrx_word' id='word_1_309' title='bbox 1259 3701 1309 3763; x_wconf 86' lang='lat' dir='ltr'>At</span> <span class='ocrx_word' id='word_1_310' title='bbox 1331 3699 1381 3763; x_wconf 89' lang='lat' dir='ltr'>ille</span> <span class='ocrx_word' id='word_1_311' title='bbox 1396 3723 1423 3771; x_wconf 68' lang='grc' dir='ltr'>ιι</span> 
     </span>
     <span class='ocr_line' id='line_1_41' title="bbox 287 3783 1382 3867; baseline -0.002 -19"><span class='ocrx_word' id='word_1_312' title='bbox 287 3784 405 3848; x_wconf 89' lang='lat' dir='ltr'>salubri</span> <span class='ocrx_word' id='word_1_313' title='bbox 427 3784 581 3849; x_wconf 88' lang='lat' dir='ltr'>instinctu</span> <span class='ocrx_word' id='word_1_314' title='bbox 606 3784 796 3859; x_wconf 88' lang='lat' dir='ltr'>admonitus,</span> <span class='ocrx_word' id='word_1_315' title='bbox 826 3805 897 3846; x_wconf 91' lang='lat' dir='ltr'>cum</span> <span class='ocrx_word' id='word_1_316' title='bbox 926 3783 1100 3867; x_wconf 88' lang='lat' dir='ltr'>accepisset</span> <span class='ocrx_word' id='word_1_317' title='bbox 1125 3806 1164 3847; x_wconf 89' lang='lat' dir='ltr'>ca</span> <span class='ocrx_word' id='word_1_318' title='bbox 1185 3784 1255 3847; x_wconf 89' lang='lat' dir='ltr'>illos</span> <span class='ocrx_word' id='word_1_319' title='bbox 1277 3784 1382 3848; x_wconf 92' lang='lat' dir='ltr'>sancti</span> 
     </span>
     <span class='ocr_line' id='line_1_42' title="bbox 287 3868 1383 3954; baseline -0.002 -19"><span class='ocrx_word' id='word_1_320' title='bbox 287 3869 409 3954; x_wconf 86' lang='lat' dir='ltr'>capitis,</span> <span class='ocrx_word' id='word_1_321' title='bbox 429 3870 578 3954; x_wconf 89' lang='lat' dir='ltr'>adposuit</span> <span class='ocrx_word' id='word_1_322' title='bbox 600 3869 757 3953; x_wconf 75' lang='lat' dir='ltr'>palpebrae</span> <span class='ocrx_word' id='word_1_323' title='bbox 780 3868 952 3953; x_wconf 88' lang='lat' dir='ltr'>languenti,</span> <span class='ocrx_word' id='word_1_324' title='bbox 968 3876 1002 3931; x_wconf 88' lang='lat' dir='ltr'>et</span> <span class='ocrx_word' id='word_1_325' title='bbox 1024 3868 1151 3954; x_wconf 90' lang='lat' dir='ltr'>aliquan</span> <span class='ocrx_word' id='word_1_326' title='bbox 1175 3869 1205 3931; x_wconf 89' lang='lat' dir='ltr'>&#39;u</span> <span class='ocrx_word' id='word_1_327' title='bbox 1225 3874 1383 3933; x_wconf 88' lang='lat' dir='ltr'>tumorem</span> 
     </span>
    </p>
   </div>
   <div class='ocr_carea' id='block_1_17' title="bbox 386 4028 1287 4091">
    <p class='ocr_par' dir='ltr' id='par_1_19' title="bbox 386 4028 1287 4091">
     <span class='ocr_line' id='line_1_43' title="bbox 386 4028 1287 4091; baseline 0 -15"><span class='ocrx_word' id='word_1_328' title='bbox 386 4032 395 4070; x_wconf 89' lang='lat' dir='ltr'>l</span> <span class='ocrx_word' id='word_1_329' title='bbox 406 4032 523 4077; x_wconf 51' lang='lat' dir='ltr'>arctant</span> <span class='ocrx_word' id='word_1_330' title='bbox 534 4030 563 4077; x_wconf 88' lang='lat' dir='ltr'>V.</span> <span class='ocrx_word' id='word_1_331' title='bbox 679 4039 702 4068; x_wconf 79' lang='lat' dir='ltr'>m</span> <span class='ocrx_word' id='word_1_332' title='bbox 713 4030 773 4091; x_wconf 79' lang='lat' dir='ltr'>qaia</span> <span class='ocrx_word' id='word_1_333' title='bbox 781 4030 866 4089; x_wconf 79' lang='lat' dir='ltr'>polius</span> <span class='ocrx_word' id='word_1_334' title='bbox 871 4043 919 4090; x_wconf 80' lang='lat' dir='ltr'>per</span> <span class='ocrx_word' id='word_1_335' title='bbox 931 4028 961 4075; x_wconf 87' lang='lat' dir='ltr'>V.</span> <span class='ocrx_word' id='word_1_336' title='bbox 1072 4040 1087 4069; x_wconf 79' lang='lat' dir='ltr'>n</span> <span class='ocrx_word' id='word_1_337' title='bbox 1099 4036 1246 4091; x_wconf 71' lang='lat' dir='ltr'>repererant</span> <span class='ocrx_word' id='word_1_338' title='bbox 1257 4028 1287 4077; x_wconf 90' lang='lat' dir='ltr'>V.</span> 
     </span>
    </p>
   </div>
   <div class='ocr_carea' id='block_1_18' title="bbox 290 4171 1401 4554">
    <p class='ocr_par' dir='ltr' id='par_1_20' title="bbox 290 4171 1401 4426">
     <span class='ocr_line' id='line_1_44' title="bbox 322 4171 1383 4235; baseline 0 -17"><span class='ocrx_word' id='word_1_339' title='bbox 322 4172 487 4231; x_wconf 82' lang='lat' dir='ltr'>41.Dncore]</span> <span class='ocrx_word' id='word_1_340' title='bbox 513 4172 603 4220; x_wconf 82' lang='lat' dir='ltr'>Amnis</span> <span class='ocrx_word' id='word_1_341' title='bbox 619 4173 708 4220; x_wconf 86' lang='lat' dir='ltr'>cadens</span> <span class='ocrx_word' id='word_1_342' title='bbox 725 4171 750 4218; x_wconf 91' lang='lat' dir='ltr'>in</span> <span class='ocrx_word' id='word_1_343' title='bbox 763 4173 787 4219; x_wconf 87' lang='lat' dir='ltr'>fl.</span> <span class='ocrx_word' id='word_1_344' title='bbox 800 4173 892 4235; x_wconf 83' lang='lat' dir='ltr'>Aymot</span> <span class='ocrx_word' id='word_1_345' title='bbox 902 4173 943 4233; x_wconf 88' lang='lat' dir='ltr'>qui</span> <span class='ocrx_word' id='word_1_346' title='bbox 961 4172 1035 4232; x_wconf 85' lang='lat' dir='ltr'>paulo</span> <span class='ocrx_word' id='word_1_347' title='bbox 1052 4172 1161 4235; x_wconf 75' lang='lat' dir='ltr'>superius</span> <span class='ocrx_word' id='word_1_348' title='bbox 1177 4172 1283 4233; x_wconf 84' lang='lat' dir='ltr'>erumpit</span> <span class='ocrx_word' id='word_1_349' title='bbox 1299 4188 1312 4223; x_wconf 88' lang='lat' dir='ltr'>e</span> <span class='ocrx_word' id='word_1_350' title='bbox 1328 4173 1383 4220; x_wconf 85' lang='lat' dir='ltr'>lacu</span> 
     </span>
     <span class='ocr_line' id='line_1_45' title="bbox 290 4234 1401 4285; baseline 0.002 -4"><span class='ocrx_word' id='word_1_351' title='bbox 290 4234 439 4283; x_wconf 78' lang='lat' dir='ltr'>Hulswulter</span> <span class='ocrx_word' id='word_1_352' title='bbox 448 4244 474 4283; x_wconf 87' lang='lat' dir='ltr'>et</span> <span class='ocrx_word' id='word_1_353' title='bbox 485 4236 616 4285; x_wconf 79' lang='lat' dir='ltr'>comitatus</span> <span class='ocrx_word' id='word_1_354' title='bbox 626 4236 779 4284; x_wconf 80' lang='lat' dir='ltr'>Westmerice</span> <span class='ocrx_word' id='word_1_355' title='bbox 790 4244 815 4283; x_wconf 88' lang='lat' dir='ltr'>et</span> <span class='ocrx_word' id='word_1_356' title='bbox 826 4236 947 4284; x_wconf 82' lang='lat' dir='ltr'>Cumbriae</span> <span class='ocrx_word' id='word_1_357' title='bbox 957 4238 1053 4285; x_wconf 86' lang='lat' dir='ltr'>dividit.</span> <span class='ocrx_word' id='word_1_358' title='bbox 1087 4238 1175 4285; x_wconf 80' lang='lat' dir='ltr'>Adbuc</span> <span class='ocrx_word' id='word_1_359' title='bbox 1191 4236 1291 4285; x_wconf 86' lang='lat' dir='ltr'>traditio</span> <span class='ocrx_word' id='word_1_360' title='bbox 1305 4242 1342 4283; x_wconf 88' lang='lat' dir='ltr'>cst</span> <span class='ocrx_word' id='word_1_361' title='bbox 1353 4236 1383 4283; x_wconf 80' lang='lat' dir='ltr'>de</span> <span class='ocrx_word' id='word_1_362' title='bbox 1396 4278 1401 4283; x_wconf 88' lang='grc'><strong><em>.</em></strong></span> 
     </span>
     <span class='ocr_line' id='line_1_46' title="bbox 290 4298 1383 4363; baseline 0.003 -19"><span class='ocrx_word' id='word_1_363' title='bbox 290 4298 391 4359; x_wconf 76' lang='lat' dir='ltr'>antiquo</span> <span class='ocrx_word' id='word_1_364' title='bbox 402 4315 468 4347; x_wconf 89' lang='lat' dir='ltr'>mon.</span> <span class='ocrx_word' id='word_1_365' title='bbox 482 4301 511 4347; x_wconf 84' lang='lat' dir='ltr'>ad</span> <span class='ocrx_word' id='word_1_366' title='bbox 523 4302 595 4362; x_wconf 85' lang='lat' dir='ltr'>bajus</span> <span class='ocrx_word' id='word_1_367' title='bbox 606 4300 685 4348; x_wconf 88' lang='lat' dir='ltr'>amnis</span> <span class='ocrx_word' id='word_1_368' title='bbox 696 4300 762 4359; x_wconf 81' lang='lat' dir='ltr'>ripas</span> <span class='ocrx_word' id='word_1_369' title='bbox 774 4300 862 4360; x_wconf 86' lang='lat' dir='ltr'>posito,</span> <span class='ocrx_word' id='word_1_370' title='bbox 871 4318 885 4347; x_wconf 90' lang='grc' dir='ltr'>ιι</span> <span class='ocrx_word' id='word_1_371' title='bbox 894 4316 943 4363; x_wconf 89' lang='lat' dir='ltr'>quo</span> <span class='ocrx_word' id='word_1_372' title='bbox 954 4301 1029 4349; x_wconf 80' lang='lat' dir='ltr'>etiam</span> <span class='ocrx_word' id='word_1_373' title='bbox 1041 4316 1113 4349; x_wconf 84' lang='lat' dir='ltr'>amne</span> <span class='ocrx_word' id='word_1_374' title='bbox 1125 4302 1219 4349; x_wconf 81' lang='lat' dir='ltr'>viculus</span> <span class='ocrx_word' id='word_1_375' title='bbox 1230 4301 1282 4363; x_wconf 86' lang='lat' dir='ltr'>ipse</span> <span class='ocrx_word' id='word_1_376' title='bbox 1293 4314 1383 4349; x_wconf 77' lang='lat' dir='ltr'>nomen</span> 
     </span>
     <span class='ocr_line' id='line_1_47' title="bbox 290 4361 1003 4426; baseline 0.008 -19"><span class='ocrx_word' id='word_1_377' title='bbox 290 4361 386 4410; x_wconf 81' lang='lat' dir='ltr'>retinet.</span> <span class='ocrx_word' id='word_1_378' title='bbox 405 4365 430 4411; x_wconf 86' lang='lat' dir='ltr'>S.</span> <span class='ocrx_word' id='word_1_379' title='bbox 465 4364 590 4412; x_wconf 76' lang='lat' dir='ltr'>cambden</span> <span class='ocrx_word' id='word_1_380' title='bbox 602 4380 625 4425; x_wconf 91' lang='lat' dir='ltr'>p.</span> <span class='ocrx_word' id='word_1_381' title='bbox 635 4377 705 4426; x_wconf 86' lang='lat'><em>1019.</em></span> <span class='ocrx_word' id='word_1_382' title='bbox 715 4366 814 4411; x_wconf 84' lang='lat' dir='ltr'>Daeore</span> <span class='ocrx_word' id='word_1_383' title='bbox 825 4364 896 4411; x_wconf 91' lang='lat' dir='ltr'>hodie</span> <span class='ocrx_word' id='word_1_384' title='bbox 907 4365 1003 4413; x_wconf 85' lang='lat' dir='ltr'>Daere.</span> 
     </span>
    </p>

    <p class='ocr_par' dir='ltr' id='par_1_21' title="bbox 290 4426 1384 4554">
     <span class='ocr_line' id='line_1_48' title="bbox 322 4426 1384 4490; baseline -0.004 -12"><span class='ocrx_word' id='word_1_385' title='bbox 322 4439 362 4481; x_wconf 72' lang='lat'>⁴²·</span> <span class='ocrx_word' id='word_1_386' title='bbox 375 4426 517 4489; x_wconf 64' lang='lat' dir='ltr'>statera]</span> <span class='ocrx_word' id='word_1_387' title='bbox 545 4429 603 4477; x_wconf 87' lang='lat' dir='ltr'>Noc</span> <span class='ocrx_word' id='word_1_388' title='bbox 621 4435 711 4481; x_wconf 71' lang='lat' dir='ltr'>lemme</span> <span class='ocrx_word' id='word_1_389' title='bbox 727 4428 914 4477; x_wconf 74' lang='lat' dir='ltr'>consumendus</span> <span class='ocrx_word' id='word_1_390' title='bbox 925 4428 964 4477; x_wconf 87' lang='lat' dir='ltr'>hic</span> <span class='ocrx_word' id='word_1_391' title='bbox 975 4430 1104 4486; x_wconf 75' lang='lat' dir='ltr'>suidberct</span> <span class='ocrx_word' id='word_1_392' title='bbox 1113 4444 1169 4479; x_wconf 86' lang='lat' dir='ltr'>cum</span> <span class='ocrx_word' id='word_1_393' title='bbox 1183 4430 1324 4481; x_wconf 72' lang='lat' dir='ltr'>sancasio</span> <span class='ocrx_word' id='word_1_394' title='bbox 1334 4428 1384 4490; x_wconf 86' lang='lat' dir='ltr'>epi-</span> 
     </span>
     <span class='ocr_line' id='line_1_49' title="bbox 290 4491 896 4554; baseline 0.005 -17"><span class='ocrx_word' id='word_1_395' title='bbox 290 4498 364 4548; x_wconf 69' lang='lat' dir='ltr'>flcopo</span> <span class='ocrx_word' id='word_1_396' title='bbox 376 4491 493 4539; x_wconf 84' lang='lat' dir='ltr'>verdensi</span> <span class='ocrx_word' id='word_1_397' title='bbox 504 4492 534 4539; x_wconf 90' lang='lat' dir='ltr'>de</span> <span class='ocrx_word' id='word_1_398' title='bbox 545 4508 594 4554; x_wconf 89' lang='lat' dir='ltr'>quo</span> <span class='ocrx_word' id='word_1_399' title='bbox 606 4492 674 4540; x_wconf 78' lang='lat' dir='ltr'>Beda</span> <span class='ocrx_word' id='word_1_400' title='bbox 686 4492 740 4539; x_wconf 83' lang='lat' dir='ltr'>fuse</span> <span class='ocrx_word' id='word_1_401' title='bbox 749 4491 815 4539; x_wconf 83' lang='lat' dir='ltr'>infra</span> <span class='ocrx_word' id='word_1_402' title='bbox 825 4506 848 4541; x_wconf 81' lang='lat' dir='ltr'>r.</span> <span class='ocrx_word' id='word_1_403' title='bbox 862 4506 896 4540; x_wconf 82' lang='lat' dir='ltr'>rr.</span> 
     </span>
    </p>
   </div>
   <div class='ocr_carea' id='block_1_19' title="bbox 0 0 1573 5125">
    <p class='ocr_par' dir='ltr' id='par_1_22' title="bbox 0 0 1573 5125">
     <span class='ocr_line' id='line_1_50' title="bbox 0 0 1573 5125; baseline 0 0"><span class='ocrx_word' id='word_1_404' title='bbox 0 0 1573 5125; x_wconf 95' lang='lat' dir='ltr'> </span> 
     </span>
    </p>
   </div>
  </div>
 </body>
</html>
