3100 5125
304 345 368 409 106
636 337 871 408 HISTORIAE
895 343 1071 409 Euenus.
1373 341 1422 404 ΙΙ.
1443 343 1485 402 16.

301 500 411 583 pejora
425 498 601 582 prioribus3
618 497 665 562 ita
676 505 713 561 ut
727 497 760 560 iu
774 517 895 561 morem
909 495 1113 579 antiquorum
1125 493 1410 557 Samatitanorum
1422 519 1449 568 15

303 592 337 648 et
361 584 489 648 Ohristo
511 584 626 646 servire
648 583 817 659 videretur,
840 591 874 646 et
896 581 955 645 diis
978 581 1092 666 quibus
1113 587 1209 643 antea
1230 579 1407 642 serviebat.

1539 953 1540 1014 l

1539 1015 1540 1052 l

1539 1081 1540 1112 l

302 670 413 753 Atque
427 669 459 732 in
474 669 585 733 eodem
598 669 674 732 fano
689 675 723 732 et
743 669 846 732 altare
860 669 994 730 haberet
1008 667 1050 730 ad
1065 665 1254 729 saciificinm
1268 664 1406 740 (luisti,

302 760 336 818 et
356 755 480 818 andam
500 755 542 819 ad
563 754 708 817 victimas
729 753 966 818 daemoniorum.
1012 751 1104 831 Quod
1123 750 1269 814 videlicet
1288 750 1408 812 fanum

300 858 358 904 rex
375 841 516 924 ejusdem
537 839 706 924 provinciae
722 839 881 914 ”Alduulf
897 839 951 922 qui
971 844 1083 903 nostra
1099 843 1198 900 aetate
1212 836 1281 912 fuit,
1297 856 1408 920 usque

301 926 344 989 ad
368 948 460 988 suum
482 933 608 1010 tempus
632 925 830 1010 perdurasse,
856 932 890 988 et
915 946 949 988 se
972 923 1005 986 in
1034 923 1171 1008 pueritia
1196 922 1308 986 vidisse
1336 929 1408 984 tes-

300 1013 440 1075 labatur.

139 1108 258 1156 ueduata
346 1096 428 1160 Erat
449 1102 558 1160 autem
579 1095 732 1180 praefatus
746 1117 803 1158 rex
825 1095 968 1160 Rednald
990 1101 1069 1159 natu
1092 1093 1205 1156 nobilis
1224 1092 1406 1176 quamlibet
1417 1115 1449 1148 20

139 1173 261 1233 prosapia.
301 1190 376 1246 actu
390 1181 545 1267 ignobilis,
560 1181 643 1244 filius
659 1181 765 1266 Tytili,
781 1183 871 1266 cnjus
885 1188 979 1266 pater
992 1181 1053 1244 fuit
1069 1179 1174 1256 Vuffa,
1191 1202 1212 1242 a
1226 1199 1289 1261 quo
1302 1199 1404 1264 reges

301 1267 511 1332 Orientalium
522 1267 699 1352 Anglorum
710 1266 877 1353 Vnffingas
891 1267 1062 1352 appellant.
1093 1266 1217 1329 Verum
1232 1263 1404 1348 Eorpuald

299 1375 363 1416 non
377 1355 478 1417 multo
492 1359 661 1438 postquam
675 1353 771 1416 fidem
790 1353 912 1438 accepit
926 1359 1078 1436 tempore,
1094 1351 1214 1414 occisus
1229 1355 1278 1414 est
1292 1373 1312 1413 a
1327 1351 1403 1415 viro

297 1439 418 1524 gentili,
428 1439 553 1502 nomine
562 1438 773 1512 ⁰Ricberct03
794 1445 827 1502 et
842 1437 955 1500 exinde
965 1437 1069 1502 tribus
1083 1437 1175 1501 anuis
1186 1435 1350 1522 provincia
1366 1437 1402 1500 in

298 1547 406 1589 errore
419 1531 546 1588 versata
560 1531 618 1600 est,
635 1525 734 1588 donec
753 1523 876 1608 accepit
897 1545 1030 1608 regnum
1043 1525 1143 1588 frater
1157 1522 1298 1606 ejusdem
1313 1521 1400 1586 Eor-

136 1615 255 1678 Sigana.
297 1611 405 1696 pualdi
420 1611 576 1696 Sigberct,
588 1610 636 1673 vir
649 1632 707 1694 per
721 1609 827 1673 omnia
842 1609 1127 1674 (lhu'istianissimus
1137 1615 1234 1692 atque
1250 1607 1400 1672 doctissi-
1413 1627 1443 1676 25

297 1718 376 1774 mns,
399 1697 453 1779 qni
472 1696 598 1760 vivente
620 1695 724 1761 adhue
747 1696 849 1760 fratre
868 1717 940 1758 cnm
962 1695 1105 1759 exidaret
1126 1694 1159 1756 in
1181 1692 1294 1768 Gallia,
1317 1694 1399 1758 fidei

297 1782 503 1846 sacramentis
517 1782 657 1846 imbutus
671 1786 730 1857 est,
740 1803 875 1864 quorum
889 1781 1085 1865 panticipem,
1101 1801 1175 1843 mox
1187 1779 1244 1842 ubi
1258 1801 1399 1864 regnare

296 1868 402 1951 coepit,
418 1874 523 1931 totam
542 1889 632 1930 suam
675 1867 847 1930 rovinciam
863 1867 966 1931 facere
986 1865 1118 1931 curavit.
1163 1865 1260 1950 cujus
1277 1867 1398 1930 studiis

133 1959 263 2022 Petixepi-
294 1953 516 2038 gloriosissime
537 1953 615 2016 favit
671 1952 733 2015 elix
755 1951 928 2037 episcopus,
959 1953 1013 2036 qui
1044 1954 1082 2017 de
1113 1950 1397 2036 eBurgundiorum

131 2038 229 2138 Ἤ
293 2039 448 2122 partibus,
464 2037 518 2100 ubi
540 2044 630 2101 ortus
651 2043 686 2101 et
707 2038 873 2102 ordinatus
895 2046 952 2114 est,
969 2060 1041 2100 aum
1055 2037 1191 2102 venisset
1212 2037 1255 2100 ad
1279 2037 1395 2100 Hono-

136 2089 147 2150 [
171 2125 176 2137 ’
206 2125 212 2137 ’
229 2091 282 2152 ³¹¹]
292 2123 376 2186 rium
389 2123 667 2208 archiepiscopum,
683 2124 773 2208 eique
791 2123 961 2188 indicasset
981 2123 1171 2188 desiderium
1185 2143 1285 2198 snum,
1302 2123 1393 2187 misit

293 2231 365 2273 eum
379 2209 422 2273 ad
436 2209 673 2294 praedicandum
683 2211 814 2273 verbum
826 2210 900 2273 vitae
915 2210 1057 2294 piaefetae
1069 2208 1191 2272 nationi
1200 2208 1390 2293 anglorum.
1402 2230 1438 2276 30

293 2293 359 2359 Nec
374 2303 450 2360 vota
468 2294 565 2379 ipsius
586 2295 620 2358 in
642 2317 766 2359 cassum
788 2295 948 2370 cecidere;
973 2295 1050 2379 quin
1072 2293 1178 2380 potius
1197 2295 1337 2357 fluctum
1357 2294 1391 2357 in

292 2403 331 2444 ea
359 2381 565 2466 multiplicem
594 2381 789 2445 credentium
818 2383 1005 2466 populorum
1036 2380 1107 2465 pins
1138 2379 1207 2465 agri
1236 2379 1391 2464 spiritalis

292 2467 396 2531 cultor
416 2467 544 2531 invenit.
590 2466 751 2551 Siquidem
776 2473 881 2531 totam
902 2468 988 2530 illam
1009 2465 1202 2551 provinciam
1222 2466 1318 2549 juxta
1341 2467 1391 2528 sui

268 2620 271 2624 ,
291 2553 427 2618 nominis
456 2561 698 2631 sacramentum,
723 2576 744 2617 a
769 2552 864 2638 longa
887 2553 1055 2638 iniquitate
1080 2559 1178 2637 atque
1203 2550 1390 2617 infelicitate

290 2639 467 2717 liberatam,
483 2640 526 2703 ad
542 2640 638 2703 fidem
659 2645 694 2703 et
716 2660 813 2723 opera
831 2640 973 2723 justitiae,
989 2661 1027 2703 ac
1046 2645 1208 2724 perpetuae
1226 2638 1390 2701 felicitatis

292 2726 375 2791 dona
404 2725 562 2811 perduxit,
593 2724 777 2809 accepitque
813 2726 919 2787 sedem
951 2724 1152 2809 episcopatus
1189 2724 1221 2787 in
1258 2723 1389 2787 civitate

130 2821 205 2870 Sedes
291 2812 476 2875 qDomnoc:
500 2818 534 2875 et
549 2812 759 2875 cum-‘decem
779 2832 817 2873 ac
835 2817 957 2895 septem
976 2832 1076 2873 annos
1096 2810 1198 2873 eidem
1217 2809 1387 2894 provinciae
1398 2826 1432 2875 35
1539 2878 1540 2891 ,

129 2886 251 2936 Domnoc.
290 2897 463 2980 pontificali
477 2898 628 2982 regimine
643 2903 819 2980 spraeesset,
836 2896 953 2961 ibidem
967 2895 1000 2959 in
1015 2918 1092 2981 pace
1107 2896 1206 2959 vitam
1220 2893 1331 2959 finivit.
1539 2896 1540 2921 ³

721 3065 831 3131 one.
854 3065 954 3130 xvi.
1397 3071 1441 3137 97

308 3186 346 3243 Ut
359 3186 494 3243 Paulinus
508 3187 535 3242 in
545 3189 688 3261 prouincia
729 3188 826 3244 audissi
837 3176 1046 3263 prcda'aaua'aa‘t,¹
1068 3196 1094 3243 et
1108 3186 1140 3243 de
1154 3186 1284 3262 qualitate
1297 3190 1375 3263 requi

775 3268 900 3325 AEdua’ui.
1262 3276 1267 3281 '

126 3414 236 3464 ninnissi
342 3377 547 3442 Pammenem
565 3385 674 3443 antem
689 3377 842 3441 Paulinus
856 3378 987 3441 verbum
1006 3376 1104 3441 etiam
1125 3378 1292 3461 provinciae
1310 3379 1386 3443 Lin-

126 3482 198 3528 Prov.
209 3494 266 3528 con-
289 3462 374 3539 dissi,
391 3487 461 3548 quae
481 3473 531 3529 est
552 3465 655 3550 prima
667 3464 712 3535 ad
725 3462 933 3527 meridianam
949 3463 1105 3527 Humbree
1119 3462 1257 3527 fluuiinis
1272 3464 1410 3549 ripuuus

126 3548 213 3595 verno.
287 3549 471 3635 pertingens
482 3572 581 3635 nsque
592 3550 635 3615 ad
643 3571 739 3627 mare,
752 3548 999 3634 praefectumque
1012 3548 1226 3613 Lindocolinae
1236 3550 1383 3625 civitatis,

287 3634 337 3697 cui
357 3658 472 3699 nomen
494 3644 566 3701 erat
587 3634 719 3712 Bliecca,
759 3634 874 3697 rimum
892 3656 963 3697 cum
978 3634 1072 3698 domo
1090 3656 1148 3697 sua
1167 3636 1324 3701 convertit
1343 3637 1386 3701 ad

124 3747 242 3799 melai».
288 3720 469 3786 Dominum.
531 3723 571 3785 In
600 3722 722 3807 quavi
744 3720 837 3785 elicet
867 3720 995 3785 civitate
1025 3726 1058 3784 et
1088 3720 1252 3785 ecclesiam
1281 3723 1385 3808 operis

318 3874 453 3935 nAIdarls
459 3875 489 3921 V.
567 3875 722 3923 ⁰Richberta
735 3874 765 3920 V.
849 3872 1090 3933 uBurguadiaaum
1101 3874 1132 3921 V.
1232 3878 1383 3934 uDumnac,

285 3942 409 3987 Dammae
420 3939 449 3986 V.
579 3940 773 4001 rseptemdeam
785 3937 815 3985 V.
895 3986 899 3993 ,
947 3938 1106 4001 sproefuiaaet
1118 3939 1150 3988 V.

315 4100 355 4146 34.
372 4086 496 4149 Domana]
520 4086 601 4135 Hodie
618 4088 748 4149 Dunwich,
763 4087 815 4148 jam
834 4088 896 4135 muri
914 4088 1010 4136 obruta.
1044 4088 1119 4136 Sedes
1135 4088 1214 4137 divisa
1231 4090 1310 4151 primo
1326 4105 1382 4137 cnm

285 4151 441 4207 Helmaham,
454 4152 541 4199 deinde
552 4152 612 4200 illuc
624 4151 752 4212 annulata,
765 4160 849 4215 postea
862 4153 1012 4201 'fhetfordiae
1025 4153 1111 4214 posita,
1123 4153 1227 4215 denique
1240 4155 1381 4203 Nordovici.

284 4216 310 4263 S.
345 4215 401 4263 vid.
414 4215 548 4275 cambden,
561 4232 584 4277 p.
595 4228 651 4279 447.
838 4222 840 4227 ’

315 4276 338 4325 (a
352 4280 462 4342 Blaeaca]
482 4280 562 4340 Hujus
576 4296 664 4328 nomen
682 4282 750 4329 Beda
764 4283 853 4329 referre
866 4289 994 4329 contentus
1006 4290 1051 4343 eet,
1064 4283 1106 4329 ulii
1122 4283 1260 4344 pmsuplam
1275 4283 1349 4332 etiam
1368 4299 1382 4331 a

283 4343 395 4390 Wodeno
414 4345 444 4391 ad
462 4346 621 4392 Eanferthnm
636 4346 765 4394 deductam
785 4347 945 4403 tradiderunt,
962 4355 988 4395 et
1005 4348 1172 4408 praefectumm
1191 4348 1271 4395 Castri
1283 4348 1380 4409 Thongn'

282 4408 335 4466 ejus
346 4408 401 4455 fidei
413 4408 444 4454 ab
457 4410 578 4471 Hengisto
589 4411 754 4468 commissam,
768 4426 816 4457 nna
830 4426 884 4458 cum
898 4411 1017 4459 universis
1032 4412 1084 4475 agri
1098 4412 1280 4460 Lincolniensis
1294 4412 1379 4473 copiis,

283 4486 332 4518 non
344 4472 401 4531 allo,
413 4474 477 4533 qnod
490 4474 555 4531 novi,
568 4473 736 4536 fundamento,
748 4483 835 4536 preater
846 4476 983 4537 generalem
994 4476 1029 4524 Fl.
1037 4477 1150 4539 Wigom.
1158 4476 1340 4526 conclusionem
1351 4478 1380 4525 de

281 4536 476 4584 Lindisfaromm
489 4537 609 4599 prosapia.
620 4539 645 4586 S.
