3100 5125
490 313 656 415 sunnis
678 350 951 415 Anouonuu.
1206 351 1267 422 191

122 531 161 578 30
215 503 358 577 Sextum,
395 502 437 565 Ut
464 524 480 565 c
507 503 515 516 '
587 503 595 517 '
622 512 710 587 utque
743 503 846 567 clarin'
870 502 1027 588 perepr‘iui
1055 503 1182 566 contenti
1209 503 1272 566 sint

169 589 384 672 hospitalitatis
398 609 549 652 ntunmo
568 589 649 660 luto,·
666 589 801 672 nullique
815 609 916 652 eorum
931 589 1020 653 licent
1034 588 1130 652 ullum
1144 589 1274 671 officium

169 674 351 739 sacerdotale
365 671 473 758 abque
487 675 640 759 pambas
661 674 792 758 pbcupi
808 673 843 738 iu
863 674 948 758 cujus
962 675 1115 760 parochia
1133 696 1190 738 esse
1209 695 1273 758 coq-

164 761 316 836 -noscitur,
371 781 428 822 ere.

217 783 404 930 Septimiim
432 845 474 908 Ut
496 843 541 908 dis
562 845 598 907 in
622 866 702 908 anno
725 845 855 929 synodus
877 855 1088 932 autumatur,-
1123 846 1178 910 sed
1200 845 1275 930 quia

173 933 302 996 dicem
333 952 433 995 causer
466 931 648 1015 inpediunt,
668 931 793 1016 placuit
824 931 958 996 munibus
987 933 1022 996 iu
1050 953 1213 1008 manuue,
1241 939 1276 994 ut

129 1019 312 1092 35kubndb
334 1017 482 1102 Aspar-atis
505 1017 541 1079 in
563 1017 623 1080 beo
647 1018 702 1101 qui
726 1017 900 1102 appellatur
927 1017 1102 1102 Obsesload,
1130 1017 1218 1082 suaet
1241 1016 1275 1080 in

173 1126 253 1167 anno
269 1104 503 1187 lconprcqemur.

90 1220 159 1282 ¹⁴⁹
173 1187 1007 1359 nttttalttlttttfflattftt
1020 1189 1275 1360 tibitibi}

173 1383 247 1426 succ.

193 1447 346 1509 ·N0num
370 1444 545 1530 capitulum
567 1445 600 1507 in
624 1467 791 1509 commune
817 1452 994 1510 tractatum
1019 1453 1077 1522 est,
1110 1447 1151 1510 Ut
1167 1445 1275 1530 phares

173 1533 470 1618 episcopiumque
487 1531 773 1613 nwuwrofidelium
795 1542 999 1616 supereum,-
1032 1531 1084 1595 sed
1104 1533 1141 1596 dc
1163 1531 1220 1594 lac
1242 1552 1275 1595 re

149 1619 220 1694 sud
227 1639 364 1702 proeseas
377 1617 526 1680 aluimus.

218 1703 383 1789 Decimum
412 1701 599 1787 fcapitulum
627 1722 686 1785 pro
715 1702 879 1788 conjugiis,
915 1704 958 1768 Ut
986 1701 1067 1766 nulli
1096 1701 1184 1766 licent
1212 1702 1275 1765 nisi

174 1791 339 1875 lepitimum
363 1787 469 1852 bodera
491 1785 679 1852 concubina.
731 1787 849 1852 Nullus
873 1790 1016 1852 incastum
1034 1787 1149 1871 furiat,
1173 1787 1276 1852 aulus

175 1877 325 1960 conjuqem
338 1875 513 1959 proprium,
528 1873 600 1948 nisi,
623 1883 657 1937 ut
673 1882 809 1936 mactum
827 1875 1014 1960 evaupeb'wm
1032 1873 1121 1950 docet,
1133 1873 1276 1956 fornicu-

175 1964 266 2025 tionc's
288 1961 569 2044 causanteque.
616 1959 704 2036 Quod
722 1960 751 2022 a·
768 1961 928 2044 quisquam
946 1960 1111 2045 propnrc'um
1129 1959 1277 2043 aspuuru

135 2048 326 2132 soconybqem
352 2046 480 2130 bpilc'mo
504 2043 563 2109 sibi
591 2045 782 2109 matrimonio
812 2046 1007 2129 conjunctam,
1033 2045 1061 2108 si
1086 2045 1277 2108 Christianus

176 2155 234 2197 csse
247 2143 323 2196 recte
337 2132 472 2208 uoluerit,
487 2130 568 2193 nulli
581 2129 673 2193 alteri
692 2131 867 2215 amuletum
891 2133 944 2196 scd
955 2133 1002 2196 itu
1015 2140 1205 2216 perannat,
1221 2139 1277 2194 out

169 2219 312 2304 prrpnfoe
326 2217 532 2281 recumbam
546 2215 674 2300 cnjupa'.

219 2389 282 2452 Hirr
303 2389 405 2472 itaque
433 2387 577 2472 capitulis
606 2387 813 2450 incommune
839 2387 980 2452 tractatis
1008 2408 1045 2450 ac
1070 2386 1211 2470 abjicitis,
1241 2395 1277 2450 ut

176 2475 294 2540 nullum
315 2474 452 2557 deinum
473 2471 511 2535 ub
525 2473 629 2558 aliquo
650 2483 785 2536 nostrcun
806 2475 928 2537 eristun
942 2474 1133 2537 contentionis
1149 2472 1277 2537 scauda-

177 2563 241 2627 lum
255 2572 310 2625 aut
324 2560 391 2624 aliu
399 2582 462 2645 pru
475 2558 550 2623 abiis
564 2558 807 2644 deshonoretur,
816 2560 939 2644 placuit
958 2569 992 2623 ut
1010 2581 1134 2644 quceque
1153 2558 1279 2640 definita

138 2657 247 2726 15sruat
271 2646 471 2731 unusquisque
494 2655 628 2709 usurum
650 2666 758 2708 mcum
775 2646 916 2730 proprie
939 2642 1152 2730 subscription
1173 2646 1279 2726 coufir-

211 2802 406 2911 delongregetur
418 2798 446 2845 V.
460 2805 645 2860 congregentur
657 2797 688 2844 G.
761 2801 975 2846 enumerationis
987 2798 1049 2846 vu.
1123 2798 1280 2847 (Decimum

173 2880 223 2927 pro
258 2898 265 2910 .

211 2998 252 3047 35.
268 2984 419 3048 Clofeslwcls]
439 2985 521 3046 Vulgo
536 2980 602 3046 Ctiffi
617 2984 688 3045 juxta
707 2984 886 3033 Hrct'escaestir.
905 2986 1037 3034 Somnerus
1054 2986 1178 3034 tamenin
1197 2985 1279 3034 Dicti-

177 3051 265 3098 ouario
276 3064 320 3097 suo
332 3051 464 3102 Saxonico.
478 3052 509 3096 ad
521 3064 604 3096 vocem
618 3050 769 3110 Abhingt0n‚
783 3050 856 3096 aliam
875 3050 966 3109 profert
977 3049 1116 3110 opinionem
1129 3066 1181 3112 quse
1197 3051 1280 3098 obser·

178 3124 236 3163 satu
250 3130 299 3161 nou
310 3115 413 3176 indigna
423 3116 540 3161 videnmr.
576 3115 713 3161 Notnvernt
724 3114 879 3161 Cambdenus
893 3115 959 3163 illius
971 3116 1018 3162 loci
1031 3130 1119 3163 nomen
1132 3116 1191 3163 olirn
1205 3116 1278 3163 Sheo·

177 3181 277 3228 resharn
290 3178 375 3234 finisse,
387 3186 412 3226 et
422 3180 457 3225 ibi
469 3180 549 3227 sedern
563 3178 655 3237 regiain
668 3180 782 3239 positam,
795 3179 828 3224 ihi
841 3194 896 3226 cnm
908 3180 938 3227 de
950 3180 1031 3227 arduis
1049 3180 1116 3241 regni
1135 3187 1280 3228 tractaretur

178 3244 294 3306 negotiis,
307 3259 452 3293 concursum
464 3244 545 3304 populi
559 3246 657 3290 lactum.
694 3244 756 3291 Inde
764 3245 882 3291 Somneru
894 3244 971 3291 risum
984 3253 1021 3292 est
1028 3260 1087 3293 vero
1099 3259 1147 3291 non
1161 3244 1280 3305 absimile,

179 3310 225 3356 loci
239 3323 328 3355 nomen
341 3309 456 3355 mendose
468 3308 584 3367 scriptum
596 3307 752 3355 Sheofesham
767 3322 811 3368 pro
823 3308 986 3366 Cleofesharn,
999 3324 1123 3370 unumque
1135 3320 1160 3357 et
1175 3310 1279 3357 eundem

179 3374 255 3421 fuisse
271 3374 398 3433 utriusque
415 3372 522 3418 nominis
537 3372 585 3419 loci
603 3372 686 3418 situm.
719 3373 753 3419 Et
773 3373 948 3433 situsquidem
968 3374 1023 3435 loci,
1042 3374 1186 3435 plusquam
1207 3388 1281 3421 sonus
1349 3418 1351 3423 ,

178 3439 234 3485 huic
249 3438 360 3498 opinioni
379 3438 461 3484 favere
474 3438 595 3493 videatur,
608 3436 655 3483 fuit
669 3436 735 3484 enim
752 3451 801 3483 non
818 3439 898 3485 solum
915 3437 940 3484 in
958 3439 1011 3499 ipso
1029 3438 1116 3485 insnlae
1134 3438 1280 3493 meditullio,

179 3504 222 3549 sed
233 3503 259 3549 in
271 3517 300 3549 en
312 3503 437 3562 provincia
447 3516 497 3561 qua
508 3502 670 3558 AEdilbaldus,
681 3502 723 3562 qui
736 3501 848 3549 Concilio
861 3502 1004 3550 Clofeshuch
1016 3502 1127 3563 princeps
1138 3503 1245 3561 sedebat,
1255 3510 1284 3551 et

179 3568 211 3614 ad
220 3566 290 3628 cujus
300 3582 401 3626 regnum
409 3583 424 3613 a
433 3568 554 3612 Continuo
563 3580 670 3613 canones
678 3567 786 3626 adaptati
799 3575 866 3621 suut,
877 3566 1007 3627 imperium
1020 3568 1106 3615 tenuit.
1132 3568 1186 3615 lino
1198 3567 1281 3615 habita

180 3639 239 3679 suut
256 3632 362 3678 coucilia
378 3631 431 3691 ejus
448 3632 494 3677 loci
514 3646 568 3692 quoe
586 3638 688 3687 restant,
706 3632 742 3678 eis
761 3631 911 3691 temporibus
931 3631 1020 3691 quihus
1040 3646 1109 3692 reges
1133 3632 1280 3679 Merciumm

180 3698 294 3757 superius
305 3696 486 3756 provinciarum
498 3695 634 3743 dominium
646 3695 801 3752 exercebant,
813 3696 870 3743 dum
883 3710 952 3757 reges
964 3696 1058 3743 Cantiae
1073 3697 1098 3743 in
1117 3695 1280 3743 humillimum

180 3768 283 3814 statum,
296 3761 354 3808 licet
365 3777 380 3807 a
391 3775 488 3807 summa
498 3760 639 3815 insolentia,
654 3760 744 3807 redacti
756 3767 822 3807 sunt
857 3760 905 3807 Sed
916 3762 941 3807 iu
954 3760 991 3807 his
1003 3760 1063 3807 nihil
1075 3762 1140 3807 ultra
1157 3760 1283 3821 coniectu·

181 3840 245 3883 ram,
262 3833 288 3872 et
302 3826 371 3873 illam
389 3832 454 3872 certe
465 3825 535 3872 valde
551 3826 719 3872 fluctuantem.
739 3825 764 3871 S.
799 3825 909 3873 Eandem
927 3825 1093 3886 coniecturam
1109 3826 1139 3871 de
1151 3824 1281 3886 Abingdun

181 3890 338 3951 amplectitur
349 3890 442 3937 Gihson
455 3890 486 3935 ad
496 3890 587 3936 Chron.
602 3890 661 3938 Sex.
696 3890 831 3937 Fatendum
843 3897 881 3937 est
897 3890 977 3937 locum
994 3890 1065 3937 hodie
1076 3888 1167 3936 dictum
1182 3890 1242 3937 Cliff
1256 3890 1282 3937 in

182 3956 274 4015 angulo
283 3954 419 4002 Britannia
429 3954 494 4000 inter
505 3954 639 4001 Tharnesin
651 3960 677 4001 et
688 3954 834 4014 Medvagam
844 3954 918 4001 situm
931 3953 1033 4002 mininie
1044 3954 1154 4001 conciliis
1165 3954 1283 4003 habendis
1356 3968 1357 3973 ¹

182 4020 299 4067 idoneum
314 4019 400 4067 videri.
435 4018 483 4065 Sed
501 4033 532 4065 ne
547 4019 573 4065 in
593 4018 732 4065 divinandis
749 4018 850 4065 incertis
870 4024 967 4079 tempus
987 4025 1072 4079 teram,
1095 4019 1167 4065 liceat
1185 4026 1282 4067 tentum

183 4098 293 4137 monere,
306 4084 398 4144 priores
414 4083 499 4129 literas
510 4083 578 4129 vocis
593 4082 666 4142 hujus
683 4096 753 4142 posse
770 4082 873 4130 fortasse
891 4082 952 4129 nihil
972 4082 1039 4130 aliud
1057 4098 1109 4131 esse
1128 4082 1174 4129 nisi
1195 4098 1283 4131 sonum

183 4149 348 4209 aspirationis,
359 4148 563 4209 quemadmodum
575 4147 601 4193 in
615 4147 808 4201 culodovechus
821 4146 846 4193 id
861 4153 898 4193 est
911 4147 1058 4207 Ludovicus,
1073 4146 1185 4208 Ludwig,
1198 4148 1283 4207 Iouis,

183 4214 209 4259 in
223 4212 388 4268 chlotharius,
398 4213 426 4259 'id
442 4219 480 4259 est
491 4212 645 4269 Hlotharius,
657 4212 697 4259 vel
708 4210 849 4271 Letharins,
861 4210 922 4259 etin
936 4212 1019 4259 multis
1036 4212 1108 4271 aliis,
1132 4211 1214 4272 itaque
1232 4213 1284 4261 fieri

184 4292 255 4338 posse
265 4285 294 4325 ut
305 4292 394 4325 nornen
407 4277 519 4324 levesho
529 4277 569 4324 vel
581 4276 662 4323 simile
672 4276 814 4337 quidquam,
828 4275 927 4335 perinde
938 4276 1079 4325 conveniret
1090 4291 1119 4323 ac
1131 4276 1284 4326 clofeshoch.

184 4344 312 4402 Preterea
331 4342 357 4388 in
374 4343 419 4389 hac
436 4356 471 4396 re,
489 4350 518 4389 ut
538 4341 562 4388 iu
583 4342 648 4396 aliis,
666 4346 762 4387 constat
782 4354 874 4387 morem
898 4341 1033 4403 Anglornm
1054 4340 1130 4389 fuisse
1150 4351 1285 4391 conventus

185 4422 243 4454 suos
259 4408 373 4454 solennes
390 4421 439 4453 non
463 4406 488 4452 in
508 4407 609 4454 urbibus
629 4406 670 4453 sed
691 4406 715 4451 in
737 4403 803 4465 aqris
825 4420 907 4465 agere,
924 4405 965 4467 qui
982 4405 1091 4467 profecto
1112 4420 1166 4453 mos
1189 4414 1284 4455 tanturn

185 4472 340 4519 tenebrarum
357 4470 467 4519 historiis
482 4472 591 4519 locorum
603 4470 706 4518 obfudit
739 4469 860 4531 Exeiimln
877 4478 935 4518 sunt
948 4470 1098 4534 Augustines
1114 4471 1162 4533 Ac,
1172 4474 1287 4521 Oncstre-

166 4550 171 4564 ¹
186 4536 246 4594 feld,
259 4537 384 4585 Pinenden
400 4535 482 4600 (hodie
491 4533 633 4597 Penenden)
645 4542 670 4583 et
680 4534 758 4583 multa
769 4533 825 4583 alia.
