3100 5125
88 369 169 414 —2.
281 321 285 330 '
491 346 655 412 onums
677 346 954 415 arenosum
1209 351 1270 415 181

174 499 223 564 vel
251 498 400 564 habuisse
429 498 584 566 veraciter
612 500 827 586 comperisset,
857 500 993 566 absolvit
1025 521 1107 578 eum,
1136 507 1171 565 et

175 585 379 649 Theodorum
393 585 439 648 ire
453 585 606 670 permisit.
645 587 705 667 Qui
721 586 833 651 stetim
846 592 884 650 ut
897 587 941 650 ad
954 586 1042 650 illum
1057 585 1167 662 rveuit,
1205 585 1273 651 odit

134 670 402 750 35m0nasterium
425 671 512 736 beati
536 671 626 736 Petri
649 672 794 758 apostoli,
821 672 876 735 ubi
901 670 1132 756 archiepiscopi·
1150 671 1272 736 Guntiae

175 757 308 906 tutu
323 757 1272 921 diditi?{dousffltit'apffitimsiiffiirffli‘dii

174 865 268 993 daret
282 927 311 992 ei
325 928 428 992 locum
442 928 475 991 in
490 865 553 1012 duo
567 950 640 992 cum
654 891 719 992 siris
733 935 809 1014 apte
823 928 939 1014 degere
953 866 1120 1014 potussset.

636 1132 745 1198 OAP.
768 1133 815 1197 ΙΙ.

178 1245 217 1302 Ut
231 1245 367 1302 Theodoro
381 1254 475 1302 cuncto
483 1254 659 1322 perupronte.
674 1247 826 1322 Auplorum
845 1247 963 1304 ecclesia
981 1266 1040 1303 cum
1053 1247 1186 1304 catholica
1199 1247 1271 1304 oeri-

134 1343 168 1390 40
217 1333 281 1393 tate,
297 1325 436 1383 literarum
450 1345 551 1401 quoque
563 1335 717 1384 sanctorum
731 1329 857 1402 ruperint
869 1329 968 1384 studiis
981 1327 1081 1385 imbui:
1102 1334 1130 1383 et
1142 1336 1172 1384 ut
1185 1327 1272 1386 Putta

211 1426 266 1481 pro
279 1407 415 1464 Damione
429 1407 580 1480 Hrofensis
593 1408 710 1464 ecclesia
722 1409 760 1464 sit
765 1409 866 1482 sactus
879 1409 999 1464 antistes.

219 1510 381 1574 Pauvsmr
405 1516 514 1575 autem
541 1511 726 1576 Theodorus
755 1513 798 1576 ad
827 1511 991 1576 ecclesiam
1015 1533 1106 1576 suam
1134 1512 1424 1593 secundundum.

174 1603 345 1682 postquam
371 1603 574 1661 consecratus
596 1604 646 1662 est
671 1620 765 1674 anno,
788 1598 847 1662 sub
873 1597 925 1662 die
950 1604 1042 1661 sexto
1065 1597 1271 1662 kalendarum
1279 1594 1418 1672 ΛΜΨ

176 1681 356 1758 damarum,
372 1681 558 1756 Dominica;
590 1689 623 1746 et
643 1682 718 1748 iecit
740 1683 773 1746 in
795 1706 834 1748 ea
851 1705 953 1748 annos
974 1682 1086 1768 viginti
1106 1689 1142 1747 ot
1162 1704 1270 1761 unum,
1279 1659 1405 1774 ἓξὲξ

175 1789 299 1831 menses
313 1774 390 1845 tres,
405 1768 473 1831 dies
487 1767 517 1832 vi
541 1767 599 1831 'nti
613 1787 679 1832 sex.
724 1770 867 1854 Moxque
886 1775 1058 1854 peragrata
1072 1766 1175 1832 insula
1188 1774 1270 1848 tota,

102 1875 428 1940 142quaquaversum
449 1853 526 1938 Aug
537 1875 627 1916 orum
648 1861 760 1953 gentes
782 1854 999 1931 morabantur,
1022 1860 1153 1918 namet
1174 1853 1272 1918 liben-

175 1938 298 2002 tissimo
319 1940 360 2002 ab
382 1938 527 2002 omnibus
553 1939 783 2024 susciprebatur
807 1946 906 2023 atque
926 1939 1125 2016 audiebatur,
1149 1946 1273 2004 rectum

176 2023 300 2088 vivendi
329 2024 480 2102 ordinem,
506 2024 604 2089 ritum
632 2025 758 2110 paschae
788 2025 968 2088 celebrandi
996 2024 1190 2104 canonicum,
1215 2047 1273 2108 per

176 2108 283 2173 omnia
301 2109 474 2174 comitante
494 2116 528 2174 et
550 2117 739 2194 cooperante
755 2110 923 2174 Hadriano
946 2109 1181 2175 disseminabat.
1226 2111 1273 2174 Is-

177 2217 239 2280 que
253 2195 373 2279 primus
388 2202 459 2260 erat
474 2195 506 2258 in
520 2195 789 2280 ⁸arohiopisoopis,
805 2195 856 2259 cui
870 2195 972 2259 omnis
985 2195 1164 2281 Anglorum
1178 2196 1274 2260 ecole-

153 2281 226 2360 5sia
244 2302 356 2344 manus
378 2281 454 2344 dare
476 2280 679 2346 consentiret.
723 2282 769 2346 Et
789 2281 864 2366 quia
886 2281 987 2346 literis
1008 2281 1106 2344 sacris
1126 2281 1219 2345 simul
1240 2288 1275 2346 et

177 2365 389 2444 saeoularibus‚
416 2372 453 2430 ut
478 2365 624 2444 diximus,
650 2367 852 2431 abundanter
876 2367 972 2431 ambo
997 2374 1089 2431 erant
1115 2367 1273 2446 instructi,

176 2458 370 2551 congregata
396 2451 618 2536 disoipulorum
641 2459 779 2526 caterva,
802 2451 941 2516 scientiae
961 2452 1109 2517 salutaris
1133 2452 1276 2536 quotidie

176 2537 308 2601 flumina
327 2536 495 2637 nrigandis
515 2559 624 2602 eorum
646 2539 794 2603 cordibus
816 2539 1027 2603 emanabant:
1050 2537 1098 2603 ita
1119 2545 1157 2603 ut
1177 2538 1276 2603 etiam

176 2623 316 2687 metrioae
332 2630 421 2701 arus,
438 2625 654 2689 tastronomiae
670 2632 703 2689 et
718 2624 927 2689 arithmeticae
947 2624 1165 2688 ecclesiasticae
1185 2624 1276 2688 disei-

177 2708 297 2793 plinam
312 2709 396 2773 inter
411 2730 574 2773 sacrorum
588 2710 713 2795 apicum
727 2710 887 2774 volumina
905 2708 970 2773 suis
990 2708 1189 2774 auditoribus
1202 2730 1277 2772 eon.

177 2795 353 2859 traderent.
400 2794 521 2859 Indicio
536 2796 686 2880 estquod
701 2818 801 2881 nsque
815 2795 909 2860 hodie
929 2801 1099 2881 supersunt
1113 2796 1153 2859 de
1167 2816 1277 2865 eorum

276 2966 410 3025 rpervenir
423 2962 483 3011 V.G.
583 2965 802 3026 eurcuiepiscopus
814 2962 844 3012 V.
942 2932 1136 3009 tustronomicoe
1146 2960 1176 3010 V.

210 3137 252 3185 34.
271 3124 325 3189 ‚Qut
342 3123 439 3184 statim]
465 3124 581 3171 Nondum
602 3124 779 3172 monasterium
803 3124 936 3186 rependum
956 3122 1031 3171 dedit
1071 3122 1137 3170 Num
1157 3122 1277 3185 Biscopus

178 3189 326 3237 Benedictus
339 3189 495 3237 Theodorum
508 3204 522 3235 a
533 3190 613 3236 Romu
629 3190 761 3236 comitatus
772 3196 819 3250 est,
830 3195 856 3237 ct
870 3203 920 3236 uus
930 3188 1046 3249 Auglium
1058 3187 1132 3235 venit
1164 3188 1209 3236 Ait
1218 3202 1276 3235 veno

177 3252 247 3301 Beda
264 3254 337 3315 iufra,
356 3253 452 3301 Histor.
464 3253 553 3301 Abbat
566 3267 588 3314 3,
608 3254 738 3306 Venerunt
759 3254 892 3301 &utimur
918 3254 1062 3313 gratissirue
1078 3258 1137 3299 sunt
1152 3255 1275 3313 trecepti.-

180 3318 322 3366 rueram
343 3320 422 3365 sedem
444 3322 597 3379 episcopatus
619 3318 775 3365 conscendit.-
801 3318 952 3365 Benedictus
971 3319 1077 3377 aucupi!
1099 3320 1276 3364 mouurterium

179 3383 245 3429 beati
256 3383 331 3430 Petri
346 3384 448 3443 apostoli
463 3384 499 3429 ad
513 3382 661 3442 regendum,
678 3382 749 3441 cnjus
760 3389 847 3443 posim
859 3382 984 3443 prusam
993 3382 1123 3429 Adrianus
1132 3381 1223 3443 suctus
1239 3387 1276 3428 est

178 3448 261 3494 abbas.
294 3446 389 3508 Quibus
405 3446 488 3494 statim
505 3447 594 3506 subdit,
613 3460 670 3496 eum
684 3446 730 3493 hoc
745 3446 920 3493 monesterium
935 3446 1028 3493 duom
1041 3447 1116 3491 annu
1130 3447 1232 3502 rexisse,
1250 3451 1276 3493 et

179 3518 231 3558 tum
244 3512 341 3559 demum
354 3512 442 3559 iterum
455 3511 561 3558 Romam
578 3510 685 3571 petiisse.
719 3510 792 3557 Unde
806 3518 903 3558 constat
918 3508 1093 3557 monasterium
1108 3510 1153 3557 hoc
1165 3509 1275 3557 Adriano

178 3575 283 3635 primurn
296 3576 380 3622 datum
392 3590 452 3635 esse,
461 3582 489 3623 ut
500 3582 564 3623 esset
574 3576 641 3622 locus
652 3577 678 3621 in
690 3588 737 3636 quo
747 3590 804 3622 rum
814 3576 866 3622 ruis
876 3582 935 3636 apte
943 3575 1033 3634 degere
1039 3576 1174 3634 potuissem
1191 3580 1276 3634 postes

179 3653 238 3751 ppro
257 3641 293 3686 ud
307 3640 452 3700 regendum,
472 3654 527 3687 curu
546 3638 599 3701 ejus
620 3638 695 3687 abbas
717 3640 865 3687 constitutus
886 3645 938 3687 est:
964 3639 1028 3700 quod
1049 3638 1179 3686 confirmat
1199 3639 1275 3685 etium

191 3704 326 3752 'orentius
489 3736 491 3740 -

212 3765 398 3831 samosate]
415 3768 550 3830 iseii-s·
568 3769 594 3817 S·
805 3832 810 3843 ,
1059 3830 1065 3843 ,
1084 3830 1090 3843 ,
1134 3829 1149 3844 ,,
1255 3830 1261 3843 ,

213 3849 254 3893 44.
265 3835 347 3880 insula
358 3833 422 3894 totu]
445 3836 578 3893 Acceperat
594 3831 659 3881 euim
675 3847 690 3881 s
706 3846 769 3894 pspu
780 3832 906 3881 vitaliano
921 3830 1013 3879 bullam
1030 3831 1152 3892 pnvrlegu
1165 3845 1214 3892 quu
1224 3845 1276 3893 epr-

180 3894 1277 4022 tzttffttt·tu‘tttttt‘tttttffite'titutttt’tttdu

996 3991 1004 4015 5

179 4032 289 4087 putetur,
300 4026 342 4074 sed
352 4040 482 4074 commuue
492 4041 547 4074 cum
564 4026 615 4074 sais
630 4026 845 4087 predecessoribus
856 4025 894 4072 rel
905 4038 961 4072 rere
976 4038 1128 4081 mucessum,
1139 4024 1179 4071 vel
1190 4023 1276 4071 sulum

180 4090 313 4151 allegatum
332 4090 415 4139 fuisse.
445 4090 508 4139 Vide
523 4090 609 4138 Malm.
626 4091 657 4139 de
675 4089 778 4137 Ponti.
798 4090 825 4137 S.
865 4088 906 4137 De
920 4089 989 4137 Gest.
1001 4089 1091 4137 Pontis.
1103 4088 1122 4136 i.
1133 4103 1157 4150 p.
1167 4101 1222 4150 209.
1234 4086 1278 4135 ubi

181 4154 318 4203 Gulielmus
335 4154 451 4216 epistolas
468 4155 567 4217 papales
585 4155 616 4202 sd
635 4155 715 4203 sedem
736 4154 950 4202 Doroberueusem
968 4160 994 4201 et
1011 4154 1080 4201 litem
1093 4152 1124 4201 de
1140 4168 1170 4201 ea
1184 4158 1277 4200 motum

45 4257 59 4276 .,
180 4220 330 4281 pertinentes
340 4220 447 4267 &libello
460 4219 591 4268 Lunfrauci
604 4218 752 4281 compilavit.
787 4217 905 4266 vitaliani
917 4216 1043 4279 epistolam
1056 4218 1174 4265 dederuut
1182 4230 1279 4279 quoque

64 4281 83 4307 '⁸
182 4282 299 4341 Wilirins,
312 4289 337 4331 et
347 4283 429 4332 Mausi
441 4284 490 4332 rol.
502 4285 534 4332 xi.
547 4299 570 4347 p.
579 4296 619 4341 24.

212 4345 237 4395 8.
250 4350 428 4411 ecclesiasticus]
450 4349 508 4397 Nou
520 4349 628 4411 vulgaris
645 4355 741 4397 tautum
759 4346 928 4405 arithmetica,
940 4346 982 4395 sed
999 4345 1053 4407 ejus
1063 4360 1117 4407 quus
1127 4353 1218 4395 tractet
1227 4345 1279 4394 cul·

181 4412 250 4524 ss¹¹⁰⁵
266 4412 297 4460 sd
313 4412 421 4525 eccisesiae
437 4428 508 4462 usum
526 4414 640 4474 directos,
651 4428 724 4477 quum
744 4420 821 4462 artem
838 4412 907 4462 Beda
924 4410 998 4461 uadit
1015 4411 1041 4459 iu
1058 4411 1128 4460 libris
1143 4411 1280 4461 duratione

205 4490 339 4539 emporum.
377 4510 383 4524 .
