3100 5125
252 288 318 352 134
583 283 820 350 HISTORIAE
843 282 1023 371 uocaus
1267 283 1334 349 III.
1358 306 1445 349 rr·-

250 435 369 500 ibidem
383 433 528 500 metior
542 441 661 500 caetero
676 435 823 502 exercitu
837 435 886 501 vir
898 435 1014 522 aliquis
1026 436 1140 500 suisset
1153 436 1357 502 interiectus.
1368 462 1402 512 35

252 521 342 586 Tulit
355 520 465 606 itaque
480 520 520 583 de
534 519 663 606 pulvere
680 527 776 586 terrae
796 521 880 586 illius
899 543 1008 586 secum
1027 522 1164 608 inligans
1185 522 1219 585 in
1240 522 1357 600 linteo,

252 607 398 692 cogitans
412 606 496 691 quod
518 607 661 670 futurum
683 613 763 686 erat,
785 607 862 692 quia
877 608 922 672 ad
942 607 1098 672 medelam
1119 607 1358 673 infirmantium

252 692 337 757 idern
360 690 463 778 pulvis
484 691 676 776 proficeret:
708 699 743 757 et
765 713 901 779 pergens
922 693 1039 758 itinere
1061 715 1120 758 suo
1140 694 1289 779 pervenit
1310 695 1357 758 ad

252 777 357 843 mcum
373 776 531 862 quendam
544 799 682 862 vespere,
696 778 893 864 intravitque
907 778 942 842 iu
956 779 1085 863 domum
1099 779 1212 865 inqua
1227 779 1356 844 cacani

253 869 418 928 coenantes
432 861 663 947 epulabantur:
687 871 722 928 et
735 885 827 928 susce
849 870 903 928 tus
916 887 938 929 a
948 864 1084 929 dominis
1098 865 1357 942 domusssresedit

252 949 369 1034 etipse
385 969 458 1012 cum
473 947 519 1012 eis
541 948 585 1012 ad
599 949 787 1027 convivium,
801 887 986 1035 adpendens
1008 950 1174 1015 linteolum
1193 972 1267 1014 cum
1284 949 1355 1036 pul-

252 1055 326 1098 vere
341 1055 435 1119 quem
449 1033 620 1110 adtulerat,
636 1034 670 1098 iu
684 1049 767 1100 unae
784 1041 879 1120 posta
892 1035 1035 1121 parietis.
1072 1037 1217 1122 Cumque
1230 1036 1354 1100 diutius
1364 1061 1401 1106 40

252 1119 353 1206 epulis
369 1125 467 1204 atque
482 1119 632 1184 ebrietati
647 1128 808 1199 vacarent,
823 1143 958 1186 accenso
972 1121 1086 1206 grandi
1100 1121 1174 1207 igne
1188 1122 1223 1184 in
1237 1121 1353 1198 medio,

252 1204 390 1290 contigit
412 1204 593 1269 volantibus
615 1204 649 1268 in
672 1206 774 1270 altum
797 1206 955 1284 scintillis,
981 1208 1105 1271 culmen
1128 1208 1250 1284 domus,
1267 1208 1354 1292 quod

253 1297 324 1354 erat
347 1289 445 1376 virgis
471 1297 659 1354 contextum
682 1315 723 1356 ac
745 1291 832 1357 ioeno
857 1299 991 1366 tectum,
1017 1292 1194 1357 subitaneis
1216 1293 1355 1356 flammis

253 1376 385 1460 impleri.
439 1375 532 1456 Quod
555 1398 628 1440 eum
652 1383 784 1462 repente
807 1378 948 1442 convivae
971 1384 1095 1442 terrore
1116 1379 1239 1442 confini
1262 1389 1354 1442 reon-

252 1462 422 1548 spicerent‚
452 1461 602 1610 inpetunt
638 1463 734 1539 foras,
763 1462 827 1526 snil
855 1462 983 1528 ardenti
1012 1463 1130 1540 domui,
1157 1465 1357 1549 jamjamque

252 1547 405 1633 peritmae
419 1569 477 1632 pro
501 1569 569 1610 esse
584 1547 734 1612 valentes.
780 1547 977 1634 Consumpta
998 1571 1076 1636 ergo
1093 1550 1188 1613 domo
1207 1549 1399 1625 flammina

226 1638 228 1644 '
253 1640 362 1719 poseat
383 1633 580 1696 solummodo
600 1633 633 1696 in
655 1655 719 1719 qua
741 1633 844 1718 pulvis
865 1633 917 1698 ille
936 1635 1074 1699 inclusus
1094 1636 1265 1722 pendebat,
1281 1642 1357 1700 tuta

213 1773 217 1782 ,
252 1721 294 1784 ab
319 1719 447 1804 ignibus
473 1724 507 1782 et
536 1718 661 1784 intacta
689 1720 854 1784 remansit.
899 1720 971 1801 Qua
996 1720 1064 1786 visa
1089 1721 1221 1796 virtute,
1244 1721 1355 1785 mirati

253 1812 329 1870 sunt
343 1804 453 1877 valde:
478 1816 512 1868 et
532 1805 752 1890 perquirentes
772 1805 931 1883 subtilius,
945 1806 1136 1870 invenerunt
1150 1806 1227 1892 quia
1245 1807 1287 1869 de
1301 1806 1357 1870 illo

253 1891 323 1954 loco
337 1891 525 1974 adsumptus
540 1896 613 1954 erat
630 1889 733 1976 pulvis
752 1891 808 1954 ubi
827 1913 863 1953 re
887 1891 894 1905 ‘
928 1891 1061 1956 Osualdi
1076 1892 1206 1977 sanguis
1227 1892 1358 1956 ufuerat

254 1976 380 2040 effusus.
426 1973 547 2054 Quibus
567 1976 739 2061 patefactis
756 1999 797 2040 ae
811 1977 845 2040 di
869 1977 986 2042 amatis
1002 1978 1097 2063 longe
1113 1978 1242 2062 lateque
1261 1977 1361 2042 mira·

254 2062 344 2138 culis,
361 2059 474 2123 ¹multi
497 2083 555 2145 per
570 2061 636 2126 dies
658 2063 763 2126 locum
784 2062 988 2146 frequentare
1008 2062 1107 2140 illum,
1121 2069 1156 2127 et
1179 2063 1359 2146 sanitatum

256 2146 301 2211 ibi
316 2145 455 2232 gratiam
469 2167 583 2230 capere
599 2147 659 2212 sibi
675 2147 804 2233 suisque
817 2155 994 2233 coepenmt.

703 2307 812 2372 cur.
836 2308 902 2373 xr.
1374 2344 1438 2404 ,14

259 2408 297 2466 Ut
317 2427 399 2484 saper
412 2410 543 2486 reliquias
563 2409 623 2484 dus
641 2409 690 2468 lus
702 2412 817 2469 calestia
832 2419 890 2470 tota
903 2421 980 2468 scete
992 2414 1119 2479 adera,-
1139 2421 1167 2469 et
1192 2420 1223 2469 ut
1238 2431 1292 2488 per
1312 2431 1361 2470 eac

634 2492 690 2548 sint
704 2494 860 2550 demoniaca·
873 2494 973 2550 curati:

95 2602 241 2651 miraculum
301 2584 399 2649 larua
422 2608 492 2673 quae
518 2606 719 2673 nequaquam
742 2588 870 2652 silentio
893 2588 1152 2674 pratereundum
1174 2610 1257 2663 reor,
1279 2587 1358 2672 quid

94 2667 385 2737 inferiquuavirpuffis
407 2695 445 2737 ac
466 2672 611 2737 miraculi
634 2675 769 2739 caelestis
791 2674 889 2737 luerit
911 2680 1082 2750 ostensum,
1098 2694 1172 2736 eum
1192 2696 1266 2738 ossa
1288 2674 1381 2759 ejuss

256 2757 395 2836 inventa
411 2765 509 2843 atque
523 2760 566 2823 ad
580 2760 745 2824 ecclesiam
764 2759 798 2823 in
813 2782 877 2843 qua
896 2782 980 2823 nunc
1003 2766 1181 2835 servantur,
1197 2760 1359 2824 translata

256 2849 341 2906 sunt.
392 2844 530 2910 Factum
552 2851 732 2910 astantem
753 2846 815 2909 hoc
837 2866 895 2929 per
917 2844 1108 2908 industriam
1130 2845 1250 2929 reginae
1270 2846 1358 2908 Mer·

257 2928 379 2991 ciorum
393 2929 573 3014 Osthrydae,
590 2951 660 3016 quae
676 2937 748 2995 erat
761 2930 828 2994 filia
841 2930 953 2994 fratris
968 2930 1062 3015 ejusd
1077 2930 1111 2993 id
1125 2938 1175 2994 est
1187 2930 1288 2994 Osuiu
1303 2930 1358 3015 qui
1528 2943 1530 2994 l

257 3020 331 3098 post
347 3013 435 3077 illum
448 3014 537 3099 regni
552 3016 677 3100 apicem
690 3018 832 3093 tenebat,
848 3022 886 3079 ut
900 3016 933 3077 in
948 3015 1155 3101 sequentibus
1170 3015 1321 3081 dicemus.

302 3098 364 3162 Est
392 3100 619 3163 monasterium
648 3102 753 3165 nobile
785 3102 818 3165 in
854 3100 1019 3187 provincia
1049 3100 1199 3178 Lindiam,
1229 3101 1359 3165 nomine

259 3183 457 3259 Beardaneu,
488 3186 573 3268 quod
609 3186 720 3249 eadem
755 3186 867 3274 regina
897 3208 970 3250 cum
1000 3186 1069 3250 viro
1097 3208 1156 3250 suo
1185 3184 1404 3251 AEdilredom

258 3269 393 3333 multum
411 3268 573 3355 diligebat,
588 3273 809 3350 venerabatur,
824 3273 999 3348 excolebat,
1014 3272 1049 3334 in
1070 3290 1134 3357 quo
1153 3272 1360 3337 desiderabat

258 3355 443 3419 honoranda
458 3356 565 3441 patrui
580 3358 628 3419 sui
643 3378 716 3421 ossa
729 3358 919 3421 recondere:
936 3378 1071 3442 eumque
1080 3357 1218 3422 venisset
1231 3377 1361 3421 carrum

256 3440 291 3503 in
327 3462 391 3524 quo
427 3442 539 3508 eadem
568 3464 641 3506 ossa
674 3442 883 3519 ducebantur,
918 3442 1123 3507 incumbente
1152 3464 1294 3528 vespera,
1325 3442 1360 3505 in

256 3526 485 3590 monasterium
502 3528 681 3614 praefatum‚
697 3529 868 3593 noluerunt
883 3550 921 3591 ea
936 3528 990 3614 qui
1006 3534 1100 3593 erant
1114 3528 1148 3591 in
1161 3528 1360 3593 monasterio

256 3611 394 3675 libenter
417 3613 579 3698 excipere:
614 3613 689 3699 quia
712 3614 774 3677 etsi
795 3620 943 3677 sanctum
964 3636 1038 3677 eum
1059 3620 1225 3692 noverant,
1250 3619 1362 3678 tamon

291 3784 393 3831 raoni
404 3784 436 3833 V.
502 3792 578 3832 uano
585 3790 656 3845 porte
664 3783 695 3832 V.
760 3780 972 3843 trespaermev.
1038 3782 1127 3830 aaut
1134 3782 1166 3831 V.
1217 3783 1363 3846 τροπὴ-

258 3848 286 3895 in
297 3862 344 3911 qao
355 3848 387 3897 V.
484 3854 565 3895 uerat
575 3848 606 3895 V.
705 3848 804 3895 *multi
814 3848 893 3894 lecum
905 3846 935 3894 V.
1033 3842 1205 3909 ramento
1215 3847 1247 3895 V.

292 4018 316 4075 7.
331 4016 472 4082 Osttrydae]
494 4020 565 4068 conf.
577 4018 726 4069 infriari.
756 4018 898 4067 AEdilredus
907 4017 1007 4067 Mercire
1017 4032 1060 4071 rex
1072 4018 1152 4066 factis
1163 4025 1208 4067 est.
1220 4018 1288 4066 al).
1296 4016 1363 4080 675:

260 4083 300 4132 vid
314 4084 405 4132 Chroo.
419 4085 478 4132 Sex.
503 4085 589 4145 ltaque
605 4084 656 4133 haec
672 4084 738 4133 fecta
754 4091 813 4133 sunt
828 4090 884 4143 post
895 4097 951 4131 eum
963 4096 1066 4131 annum.
1099 4082 1215 4144 Denique
1232 4084 1364 4132 interfecta

260 4148 451 4211 fulconisque,
464 4149 534 4197 Ab.
547 4148 605 4211 697.
633 4148 956 4210 Bed.Recapitulat.v.24.
986 4147 1115 4195 cuasa.
1220 4148 1222 4152 ’

292 4214 490 4277 aBeardcneu]
510 4213 640 4274 Bardaey.
681 4213 764 4261 Prima
780 4212 852 4273 hujus
867 4211 1011 4260 monasterii
1025 4211 1139 4259 fundatio
1156 4211 1261 4270 incerta,
1276 4212 1365 4261 deletis

260 4278 321 4325 adeo
331 4292 374 4339 per
386 4278 472 4325 Dauos
483 4275 536 4339 ejus
547 4277 714 4325 munimentis.
748 4276 788 4324 Ab
804 4275 906 4337 antiquo
921 4284 1004 4323 nmen
1016 4277 1048 4324 ad
1059 4282 1155 4324 tanam
1168 4277 1365 4337 magnitudinem

259 4342 369 4399 emicuit,
389 4347 418 4389 ut
434 4355 483 4401 300
504 4342 637 4390 monachos
655 4341 732 4390 semel
748 4340 868 4401 habuerit,
879 4347 905 4388 et
919 4355 1003 4388 eorum
1021 4340 1098 4388 abbas
1108 4340 1231 4389 Lindesiae
1248 4341 1366 4389 dominus

260 4406 335 4455 fuisse
346 4406 449 4517 dicepti.
485 4405 544 4467 Ejus
556 4405 701 4455 restauratio
711 4404 814 4457 debetur
824 4404 935 4453 Waltero
951 4405 982 4452 de
998 4405 1083 4453 Gaunt
1094 4420 1116 4452 a
1132 4414 1202 4467 ηις.
1214 4403 1285 4455 Mon.
1298 4406 1364 4469 ling.

260 4486 276 4517 1.
290 4486 312 4533 p.
326 4483 380 4531 142.
418 4502 424 4516 ι
781 4486 784 4490 “
1121 4492 1129 4514 t
