3100 5125
501 345 665 411 GENTIS
687 344 958 412 ANOLORUM.
1201 350 1265 414 let

160 496 257 582 juxta
280 517 415 573 murum,
441 518 504 581 quo
532 497 608 561 olim
637 498 773 563 Romani
801 498 997 564 Brittaniam
1024 499 1160 564 insulam
1184 522 1265 584 prae-

165 582 300 658 cinxere,
316 581 482 646 dnodecim
496 583 633 647 millibus
647 606 798 668 passuum
811 607 834 649 a
846 584 928 649 mari
943 585 1089 649 orientali
1104 588 1236 650 secreta.

211 667 315 752 Igitur
337 688 395 731 rex
420 667 567 753 Sigberet
589 669 703 732 aeterni
727 669 817 754 regni
837 671 906 754 jam
927 670 1003 734 civis
1025 670 1163 748 effectus,
1187 677 1266 734 tem-

165 752 283 837 poralis
304 753 352 816 sui
372 754 462 838 regni
482 754 589 818 sedem
609 755 769 839 ”repetiit
786 755 951 839 postulans
965 757 1007 819 ab
1023 755 1122 820 Osuiu
1136 778 1211 842 rege
1229 763 1267 821 ut

165 838 289 922 aliquos
304 838 365 902 sibi
379 839 526 903 doctores
541 840 643 916 daret,
659 840 712 923 qui
726 848 856 926 gentem
872 863 965 907 suam
978 842 1022 906 ad
1035 841 1132 907 fidem
1147 841 1267 906 Christi

167 930 389 989 converterent
410 947 449 988 ac
467 925 555 989 fonte
575 925 708 990 salutari
728 926 904 991 abluerent.
949 927 998 990 At
1014 926 1067 991 ille
1080 927 1211 991 mittens
1224 928 1267 992 ad

124 1031 156 1080 45
188 1008 361 1074 revinciarn
377 1010 687 1075 Mediterraneorum
698 1011 886 1097 Anglorum,
898 1012 1047 1078 clamavit
1061 1014 1103 1077 ad
1117 1035 1152 1076 se
1166 1013 1268 1077 virum

83 1111 150 1176 127
201 1094 230 1158 ei
248 1094 345 1172 Oedd,
362 1103 396 1161 et
418 1096 495 1159 dato
517 1095 561 1159 illi
584 1096 669 1160 socio
691 1097 794 1161 altero
809 1097 947 1182 quodam
968 1099 1164 1183 presbytero,
1180 1098 1268 1164 misit

168 1180 344 1265 praedicare
366 1182 498 1245 verbum
526 1181 615 1266 genti
644 1181 856 1246 Orientalium
886 1183 1057 1247 Saxonum.
1103 1184 1170 1247 Ubi
1196 1199 1392 1260 cumeorum

168 1265 274 1329 omnia
296 1267 552 1350 perambulantes
575 1267 709 1331 multam
732 1267 872 1332 Domino
896 1268 1058 1333 ecclesiam
1082 1291 1268 1355 congregas-
1276 1263 1321 1312 Or.
1334 1265 1391 1313 ⁸⁸¹·

167 1357 249 1428 sent,
265 1351 400 1437 contigit
422 1353 560 1436 quodam
577 1359 720 1436 ternpore
743 1354 878 1416 eundem
896 1354 985 1418 Oedd
1005 1353 1110 1417 redire
1129 1355 1268 1432 domum,

167 1458 206 1501 ac
227 1437 389 1520 pervenire
410 1437 453 1501 ad
476 1437 638 1502 ecelesiam
666 1437 984 1516 Lindisfaronensem,
1006 1446 1139 1524 propter
1163 1440 1268 1504 conlo·

143 1522 279 1606 squium
295 1521 411 1586 Finani
424 1522 583 1608 episcopi3
604 1523 657 1607 qui
672 1523 726 1587 ubi
740 1531 964 1607 prosperatum
977 1525 1006 1588 ei
1022 1547 1101 1609 opus
1116 1525 1269 1610 evangelii

55 1622 59 1629 ·
169 1607 333 1692 comperit,
349 1608 425 1672 fecit
439 1630 511 1673 eum
526 1609 709 1693 episcopum
730 1609 763 1671 in
783 1617 930 1694 ⁰gentem
945 1609 1155 1674 Orientalium
1170 1611 1270 1674 Saxo

169 1715 254 1770 num,
278 1693 398 1758 vocatis
417 1693 460 1757 ad
482 1715 515 1758 se
537 1694 571 1757 in
592 1693 802 1759 ministerium
824 1694 1034 1758 ordinationis
1055 1696 1125 1760 aliis
1147 1697 1271 1760 duobus

170 1777 334 1863 episcopis.
388 1779 450 1858 Qui
476 1788 607 1864 accepto
632 1780 734 1866 gradu
764 1779 976 1865 episcopatus,
1001 1781 1098 1844 rediit
1126 1783 1169 1846 ad
1198 1803 1270 1864 pro-

170 1863 314 1942 vinciam,
331 1870 364 1928 et
378 1865 498 1950 majore
512 1866 705 1930 auctoritate
720 1872 862 1949 coeptum
876 1887 956 1949 opus
970 1865 1109 1949 explens,
1121 1867 1199 1931 fecit
1212 1888 1272 1951 per

171 1949 240 2014 loca
264 1949 420 2027 ecclesias,
444 1952 647 2036 presbyteros
673 1957 707 2015 et
730 1951 881 2014 diaconos
904 1951 1071 2029 ordinavit,
1097 1951 1151 2037 qui
1178 1973 1211 2015 se
1237 1951 1272 2014 in

171 2037 267 2098 verbo
291 2035 365 2098 fidei
391 2041 425 2098 et
448 2036 623 2100 ministerio
646 2035 830 2121 baptizandi
855 2036 1053 2121 adjuvarent,
1078 2038 1215 2101 maxime
1238 2037 1273 2100 in

130 2143 163 2178 10
172 2119 302 2185 civitate
324 2143 394 2204 quae
416 2121 459 2185 lin
503 2145 523 2185 a
545 2122 708 2186 Saxonum
731 2122 954 2186 Ythaneaestir
974 2123 1162 2206 appellatur.
1208 2123 1271 2187 Sed
1280 2137 1373 2185 vuan-

171 2205 254 2270 etin
268 2206 321 2270 illa
337 2227 407 2290 quae
423 2207 460 2270 T'
494 2208 576 2292 burg
590 2206 851 2292 cognominatur:
871 2229 1005 2291 quorum
1019 2208 1107 2292 prior
1120 2208 1207 2272 locus
1222 2208 1371 2272 estfflt‘f·

171 2291 205 2354 in
226 2291 296 2376 ripa
314 2291 427 2356 Pentae
449 2292 560 2369 amnis,
577 2293 733 2356 secundus
754 2291 788 2355 in
810 2293 881 2376 ripa
901 2292 1085 2356 Tamensis:
1109 2291 1272 2377 inquibus

171 2378 302 2441 collecto
332 2378 477 2441 examine
498 2378 687 2442 famulorum
709 2376 838 2454 Ohristi,
861 2377 1058 2462 disciplinam
1081 2378 1156 2443 vitae
1181 2400 1273 2477 regu-

171 2462 256 2539 laris,
283 2463 494 2548 inquantum
522 2463 617 2527 rudes
645 2463 750 2527 adhuc
779 2485 894 2547 capere
922 2471 1083 2548 poterant,
1110 2465 1272 2528 custodire

172 2548 291 2613 docuit.

217 2635 359 2719 Oumque
373 2640 516 2719 tempore
530 2656 593 2698 non
608 2656 709 2720 pauco
723 2635 757 2697 in
771 2635 908 2718 praefata
924 2634 1095 2719 provincia,
1111 2636 1271 2734 gaudente
1280 2646 1400 2708 Sigbercti

133 2740 257 2805 ¹⁵rege,
284 2721 503 2807 congaudente
532 2721 677 2785 universo
702 2720 829 2805 populo,
853 2721 927 2784 vitae
952 2721 1087 2784 caelestis
1111 2712 1365 2783 matitutioffldffl·

174 2805 395 2891 quotidianum
409 2813 548 2870 sumeret
562 2813 776 2905 augmentum,
793 2806 928 2891 contigit
943 2806 1046 2889 ipsum
1060 2827 1168 2891 regem
1181 2805 1272 2869 insti-

172 2898 270 2991 gante
286 2891 425 2955 omnium
439 2892 595 2956 bonorum
609 2891 745 2968 inimico,
760 2891 1010 2975 propinquorum
1027 2913 1156 2955 suorum
1175 2912 1273 2954 manu

172 2977 317 3042 interfici.
363 2978 468 3041 Erant
488 2984 598 3041 autem
619 2978 683 3039 duo
704 2976 847 3061 germani
867 2977 983 3041 fratres
1001 2977 1055 3061 qui
1076 2978 1137 3040 hoc
1151 2976 1273 3041 facinus

172 3069 364 3147 patrarunt;
388 3062 442 3147 qui
462 3084 534 3127 cum
552 3062 828 3147 interrogarentur
846 3075 967 3147 Pquare
988 3062 1049 3126 boc
1063 3063 1214 3139 lacerent,
1229 3062 1274 3125 nil

173 3147 262 3212 aliud
285 3149 476 3233 respondere
500 3154 684 3233 potuerunt,
711 3147 771 3211 nisi
797 3148 839 3211 ob
861 3148 921 3211 hoc
943 3170 977 3211 se
999 3148 1099 3212 iratos
1120 3147 1216 3211 fuisse
1238 3154 1273 3211 et

173 3233 318 3299 inimicos
331 3233 409 3320 regi,
425 3234 509 3318 quod
523 3233 575 3297 ille
588 3232 741 3296 qnimiurn
758 3234 824 3297 suis
842 3255 973 3318 parcere
994 3234 1111 3297 soleret
1130 3232 1272 3310 inimicis,

133 3325 210 3383 acet
232 3319 335 3384 factas
363 3321 405 3384 ab
431 3318 476 3383 eis
499 3318 629 3404 injurias
653 3340 728 3383 mox
754 3319 994 3383 obsecrantibus
1019 3318 1145 3403 placida
1167 3324 1275 3382 mente

173 3405 387 3471 ¹demitteret.
431 3404 518 3469 Talis
532 3410 603 3468 erat
617 3404 710 3489 culpa
724 3404 808 3490 regis
822 3427 881 3490 pro
895 3427 959 3489 qua
973 3405 1180 3481 occideretur,
1189 3404 1276 3487 quod

174 3490 355 3576 evangelica
368 3497 530 3575 praecepta
544 3490 659 3553 devoto
674 3491 769 3554 corde
784 3497 942 3555 servaret:
959 3490 992 3553 in
1007 3512 1070 3573 qua
1083 3496 1193 3554 tamen
1207 3490 1275 3552 e'us

173 3583 278 3640 morte
295 3576 433 3653 innoxia,
451 3576 547 3660 juxta
566 3576 754 3660 praedictum
768 3575 828 3639 viri
843 3575 914 3653 Dei,
930 3598 1005 3641 vera
1021 3582 1072 3639 est
1094 3576 1161 3660 ejus
1182 3512 1276 3658 culpa

173 3662 297 3747 punita.
344 3662 514 3727 Habuerat
536 3662 620 3725 enim
639 3683 720 3724 unus
738 3683 779 3725 ex
792 3661 842 3725 his
857 3660 912 3746 qui
927 3682 1000 3725 eum
1017 3660 1202 3724 occidenmt
1223 3680 1275 3723 co

207 3782 220 3810 ¹¹
227 3781 302 3841 petiit
312 3779 343 3827 V.
449 3784 547 3842 'gente
558 3779 588 3828 V.
695 3790 768 3827 νων
778 3780 823 3827 boc
828 3779 940 3842 fecerint
950 3778 980 3825 V.
1088 3765 1232 3824 *nimirum
1242 3775 1274 3823 V.

174 3852 187 3883 r
199 3844 335 3891 dimitteret
346 3844 410 3893 V.G.

209 3955 248 4003 39.
259 3941 347 4003 supra]
363 3940 448 4002 Capite
459 3941 600 3989 immediate
611 3940 768 4001 precedente.
786 3942 810 3987 S.

212 4021 249 4055 10.
265 4006 442 4067 ldieacoesttr]
461 4006 523 4068 Qua
539 4006 659 4053 Romanis
673 4004 774 4053 Othona
784 4003 859 4060 dicta,
870 4018 936 4051 nunc
951 4003 1036 4049 fanum
1048 4017 1067 4049 s.
1079 4001 1144 4049 Petri
1155 4002 1185 4049 ad
1202 4016 1276 4063 agge·

176 4085 238 4127 rem,
250 4078 361 4119 extremo
372 4071 520 4132 Dengiensis
536 4072 650 4118 centuriae
668 4068 836 4129 promontorio
852 4068 1001 4128 impositum.
1031 4066 1135 4128 Anglice
1146 4067 1171 4114 S.
1184 4067 1277 4114 Peter's

176 4149 209 4182 on
222 4135 262 4183 the
273 4135 345 4182 Wnll.
362 4136 386 4183 S.
421 4135 460 4182 lta
471 4134 565 4197 colligit
577 4135 710 4195 cambden,
721 4148 743 4194 p.
755 4144 814 4189 411.

210 4199 242 4247 ib.
256 4200 390 4261 Tilaburg]
404 4200 525 4261 Tilbury;
542 4200 584 4246 nbi
596 4198 752 4246 Csmbdenus
763 4196 851 4244 Ceddae
862 4195 943 4243 sedem
955 4210 1049 4257 ponent
1057 4194 1165 4254 vapulat,
1178 4208 1227 4240 non
1239 4201 1276 4242 tn-

177 4278 234 4311 men
246 4272 305 4324 puto
315 4265 482 4313 cambdenunr
494 4263 557 4311 velle
573 4264 652 4311 eedem
671 4262 754 4309 stricte
768 4260 943 4321 episcopalem,
953 4276 981 4307 en
998 4259 1064 4305 enim
1076 4258 1182 4305 londini
1195 4259 1277 4321 fuerit,

177 4330 219 4376 red
232 4330 383 4377 mansionem
398 4328 514 4389 majorem
528 4329 557 4374 nd
570 4328 723 4374 commodum
736 4326 818 4386 populi
831 4340 954 4373 accessum
966 4325 1121 4381 collocatam,
1131 4324 1195 4371 sicut
1213 4331 1238 4371 ct
1250 4325 1276 4372 in

178 4394 254 4441 altera
266 4401 335 4453 parte
346 4394 470 4441 dioceseos
482 4392 557 4439 aliam
572 4392 750 4439 Ytbnncertrioe
761 4389 854 4437 babuit.
871 4389 896 4435 S.

212 4471 249 4505 11.
262 4456 360 4520 Paria]
376 4456 516 4513 Freshwell,
527 4471 541 4503 e
551 4456 620 4517 cujus
632 4455 740 4503 lontibus
755 4469 818 4503 nnus
833 4454 966 4516 genuinum
983 4456 1059 4502 Panto
1073 4467 1162 4500 nonrcn
1178 4452 1276 4510 retinet,

177 4521 235 4570 licet
244 4522 315 4571 bodie
326 4530 351 4572 et
363 4522 442 4571 amnis
453 4528 478 4570 et
489 4521 575 4569 civitas
587 4520 704 4581 absorpta
716 4519 772 4567 sint
788 4520 813 4567 S.
848 4519 907 4567 Hac
919 4519 1054 4577 (lambden,
1068 4518 1125 4565 ibid.

695 4584 752 4645 x2
