3100 5125
299 376 303 382 ’
356 358 423 422 AD
445 358 756 426 EOGBEROTUM
779 358 1071 431 ANTISTITEM.
1203 366 1269 429 843

171 509 349 593 putandum
371 518 421 575 est
440 532 495 574 eos
510 533 644 589 errasse,
660 512 714 596 qui
736 509 785 576 vel
805 512 1030 597 subscriptioni
1049 514 1136 577 avari
1150 536 1270 580 meree.»

170 600 234 671 tus,
248 616 324 679 rege
345 594 419 659 licat
441 595 627 680 imperante,
648 619 779 660 manum
800 598 1028 675 subtraxerint,
1051 599 1098 663 vel
1119 600 1163 664 ad
1184 600 1269 665 ¹era-

172 679 292 743 dandas
314 679 442 743 inutiles
465 681 639 766 scripturas
663 704 702 745 aa
728 682 977 766 subscriptiones
998 704 1116 762 eorum,
1140 707 1268 749 manum

171 786 191 827 a
235 764 396 830 cauerint?

151 928 156 935 Ι
191 787 266 914 pii.
282 850 328 915 Et
342 850 469 935 quidem
483 851 629 915 miranda
649 858 699 915 est
718 852 882 917 temeritas
902 853 1082 931 stultorum,
1098 854 1147 918 vel
1162 855 1269 939 potius
1340 918 1342 923 .

132 935 317 1005 eodeflenda
331 936 457 1000 miseria
470 957 638 1013 coeoorum,
655 937 708 1021 qui
724 959 795 1000 cum
814 938 881 1003 sine
901 939 964 1004 ullo
978 946 1125 1023 respectu
1140 940 1269 1023 superni

173 1021 335 1098 mtimoris,
350 1022 469 1105 passim
488 1044 529 1087 ea
548 1045 618 1106 quae
637 1022 773 1107 apostoli
794 1030 828 1086 et
848 1024 1012 1109 prophetae
1031 1024 1143 1088 afflatu
1165 1025 1268 1089 sancti

172 1106 302 1189 spiritus
323 1107 527 1190 scripserunt,
542 1108 721 1172 rescindere
742 1130 780 1172 ac
802 1108 892 1173 nihili
913 1110 1051 1193 pendere
1070 1111 1265 1193 probantur:

171 1190 249 1255 illud
263 1214 282 1255 e
296 1198 419 1268 contra,
435 1193 520 1276 quod
534 1192 595 1277 ipsi
609 1193 657 1257 vel
672 1192 788 1257 similes
802 1193 943 1278 ipsorum
957 1195 1110 1257 instinctu
1123 1194 1267 1259 avaritiae

172 1276 221 1341 vel
245 1276 377 1340 luxuriae
403 1277 606 1362 scripserunt,
627 1278 717 1363 quasi
742 1286 886 1343 sanctum
909 1302 947 1344 ac
969 1279 1117 1344 divinitus
1139 1287 1269 1344 cautum

94 1377 157 1442 312
172 1363 303 1426 eradere
317 1369 415 1446 atque
429 1364 596 1427 emendare
610 1363 794 1441 formident,
809 1364 841 1427 in
856 1387 985 1441 morem,
1000 1365 1033 1427 ni
1050 1365 1150 1443 fallor,
1166 1366 1267 1429 ethni-

174 1469 292 1525 corum,
308 1448 362 1532 qui
377 1454 560 1532 contempto
575 1449 636 1513 Dei
651 1449 739 1512 cultu
754 1471 792 1513 ea
807 1472 877 1533 quae
893 1451 953 1535 ipsi
969 1450 1028 1513 sibi
1044 1451 1084 1513 de
1099 1452 1195 1514 corde
1210 1472 1267 1515 suo

171 1533 334 1596 finxerunt
361 1556 400 1598 aa
427 1535 581 1610 feceruut,
611 1534 742 1599 numina
767 1543 966 1613 venerantur,
996 1535 1122 1612 timent,
1148 1537 1266 1611 colunt,

172 1619 317 1696 adorant,
340 1626 374 1684 et
395 1620 573 1696 obsecrant,
592 1619 759 1683 Dominica
778 1620 832 1683 illa
853 1620 1061 1685 insectatione
1084 1620 1268 1705 dignissimi,

173 1704 1270 1874 ttttttttttttftttttttttittit‘ttttttt

339 1838 347 1866 ‚
480 1839 487 1853 ,
1064 1836 1066 1843 .

151 1884 297 1957 eproptar
310 1877 503 1939 traditionem
517 1878 671 1939 aaaron?
695 1876 757 1955 Qui
771 1876 799 1939 si
813 1859 910 1941 etiam
930 1877 1058 1941 obortas
1078 1874 1269 1961 protulerint

174 1958 207 2021 in
222 1960 435 2024 defensionem
449 1960 774 2045 concupiscentiarum
788 1983 917 2025 suarum
930 1961 1117 2045 adscriptae,
1129 1983 1167 2025 ao
1181 1961 1269 2024 nobi·

173 2043 250 2107 lium
279 2067 486 2129 personarum
514 2046 746 2131 subscriptione
775 2048 1001 2121 confirmatas3
1041 2053 1077 2109 tu
1107 2065 1268 2130 nunquam

173 2151 286 2212 precor
300 2131 474 2195 Dominicae
489 2131 663 2195 sanctionis
678 2131 880 2209 obliviscaris,
897 2132 929 2194 in
945 2154 1007 2216 qua
1022 2131 1146 2207 dicitur,
1165 2133 1270 2195 Omnia

168 2214 323 2361 {motatio
343 2239 435 2301 qaam
455 2239 515 2280 non
528 2218 687 2301 plantavit
701 2214 802 2281 Pater
821 2238 902 2280 meac
920 2216 1042 2281 coewtis
1055 2215 1268 2280 eradicabitur.
1379 2264 1380 2267 ,

112 2372 115 2376 ἵ
206 2306 223 2363 t
244 2307 330 2365 certe
351 2325 372 2365 a
393 2310 427 2367 te
449 2303 571 2367 discere
591 2302 711 2379 vellem,
732 2302 951 2366 nsanctissime
972 2302 1115 2378 antistes,
1133 2302 1270 2365 Domino

137 2392 377 2467 xoprotestante
391 2410 429 2451 ac
443 2389 577 2465 dicente,
595 2388 676 2466 Quia
697 2388 762 2451 lata
777 2397 873 2472 porta
892 2398 920 2451 et
937 2388 1069 2472 spatiosa
1083 2388 1135 2451 oia
1148 2397 1190 2451 est
1202 2408 1271 2472 quac

176 2470 260 2534 dicit
278 2472 324 2535 ad
333 2474 545 2557 perditionem,
560 2483 587 2537 et
605 2472 693 2536 malti
714 2484 784 2537 auat
805 2474 858 2556 qai
879 2474 998 2536 intrant
1011 2494 1073 2555 per
1093 2493 1180 2535 eant:
1204 2494 1271 2535 cam

175 2568 303 2642 anpaeta
313 2569 407 2643 porta
422 2571 449 2624 et
462 2560 618 2624 arcta'oia
631 2559 681 2634 eit,
696 2581 763 2643 qua
777 2558 861 2622 duait
874 2558 919 2621 ad
936 2559 1041 2634 citam,
1056 2567 1085 2622 at
1100 2558 1197 2642 pauci
1210 2558 1271 2621 aiat

175 2643 229 2726 qai
243 2644 400 2708 inveniant
414 2667 500 2708 eam:
524 2645 601 2729 quid
616 2645 655 2707 de
670 2666 780 2707 eorum
794 2644 861 2707 vita
875 2644 924 2706 vel
944 2643 1046 2706 salute
1059 2649 1182 2706 aeterna
1197 2664 1270 2706 con·
1397 2708 1401 2714 ,

176 2727 266 2804 fidas,
282 2729 336 2813 qui
350 2737 422 2794 toto
438 2732 510 2795 vitae
526 2752 591 2793 suae
606 2736 750 2814 tempore
769 2751 827 2814 per
845 2729 945 2792 latam
964 2734 1091 2813 portam
1106 2735 1140 2791 et
1154 2727 1271 2812 spatio-

176 2835 245 2876 sam
259 2814 342 2878 viam
362 2815 507 2880 incedere
528 2822 710 2890 noscuntur,
727 2822 761 2878 et
775 2835 815 2878 ne
829 2814 862 2877 in
875 2813 1013 2876 minimis
1033 2812 1159 2896 quidem
1176 2814 1272 2876 rebus

138 2898 333 2998 15voluptati
355 2923 421 2965 suae
435 2902 484 2964 vel
505 2901 646 2985 corporis
663 2901 712 2963 vel
732 2901 838 2976 animi,
855 2921 950 2964 causa
972 2920 1115 2982 supernae
1137 2897 1272 2961 retribu-

178 2983 274 3048 tioms
295 2985 450 3050 obsistere
471 2986 519 3051 vel
540 3008 716 3071 repugnare
738 2987 912 3050 curabant:
939 2983 999 3047 nisi
1021 2983 1104 3047 forte
1123 3005 1180 3068 per
1195 2983 1273 3046 elee-
1335 3045 1338 3050 Α

178 3091 334 3154 mosynas,
357 3093 436 3154 quas
457 3072 542 3136 inter
563 3071 834 3156 concupiscentias
856 3069 1058 3154 quotidianas
1076 3091 1115 3132 ac
1137 3067 1272 3144 delitias,

178 3156 369 3239 pauperibus
384 3158 460 3220 dare
471 3158 668 3233 videbantur,
681 3156 863 3219 criminibus
874 3154 993 3219 absolvi
1004 3164 1114 3238 ⁰posse
1124 3153 1273 3217 credendi

179 3248 263 3318 sunt,
276 3264 373 3324 quum
386 3265 499 3306 manus
513 3243 582 3328 ipsa
596 3251 630 3306 et
645 3241 836 3305 conscientia
850 3263 921 3324 quae
935 3261 1050 3303 munus
1064 3238 1178 3303 offerat
1192 3239 1272 3314 Deo,

179 3327 298 3390 munda
319 3349 340 3390 a
362 3328 501 3413 peccatis
526 3350 594 3391 esse
620 3329 736 3390 debeat
760 3332 796 3390 et
821 3326 986 3399 absoluta3
1021 3332 1079 3389 aut
1104 3331 1191 3388 certe
1216 3346 1274 3410 per

178 3412 330 3495 mysteria
357 3420 567 3478 sacrosancta
596 3411 774 3489 oblationis,
800 3412 914 3497 quibus
942 3411 1003 3494 ipsi
1033 3410 1109 3471 dum
1131 3409 1273 3475 viverent

138 3521 171 3554 20
179 3493 300 3581 indigni
314 3499 497 3575 extiterant,
513 3521 571 3582 per
584 3498 663 3562 alios
674 3498 742 3582 jam
755 3497 874 3561 mortui
891 3495 1003 3560 redimi
1018 3515 1110 3579 posse
1125 3493 1273 3577 sperandi

178 3589 262 3645 sunt.
319 3584 479 3648 Auferte
501 3584 561 3647 illis
584 3582 766 3668 permodica
791 3581 884 3666 culpa
908 3581 1035 3645 videtur
1063 3601 1131 3642 esse
1161 3600 1273 3642 concu-

177 3667 360 3766 piscantia?
403 3670 453 3732 De
478 3691 542 3754 qua
566 3669 661 3755 paulo
685 3668 781 3732 latius
804 3667 971 3750 disputem.
1016 3665 1097 3730 Haeo
1120 3663 1273 3762 PBaleam

178 3753 982 3916 ttttpttttttttttttttttttt
1000 3756 1183 3918 ttt‘fft
1197 3748 1275 3917 fiii?

180 3923 270 4000 didit,
288 3924 364 3988 Saul
377 3926 467 4010 regni
488 3925 593 3988 infulis
614 3923 755 4001 nudavit,
772 3921 860 3986 Giezi
881 3920 1056 4006 propbetiae
1076 3917 1198 3982 meritis
1213 3917 1275 4002 pri-

180 4009 266 4074 vavit
294 4032 332 4074 ac
360 4019 523 4096 perpetua
552 4011 647 4097 leprae
678 4015 768 4094 peste
796 4030 868 4071 cum
897 4029 954 4070 suo
987 4004 1104 4069 semine
1133 4002 1275 4080 foedavit,

140 4095 302 4160 2⁵Judam
324 4095 510 4160 Iscariotem
532 4096 572 4161 de
593 4095 793 4181 apostolatus
815 4092 918 4179 gloria
939 4090 1095 4176 deposuit,
1117 4087 1277 4152 Ananiam

211 4265 366 4321 lradendar,
377 4262 526 4310 erudiendas
536 4260 566 4306 V.
649 4269 672 4298 m
684 4260 788 4312 macir,
800 4271 830 4304 ea
841 4257 948 4318 quotidie
959 4271 1014 4318 quoe
1027 4254 1056 4303 V.
1144 4265 1159 4293 n
1172 4253 1278 4300 dilectis-

179 4331 240 4378 sime
251 4329 281 4376 V.
381 4329 511 4389 opacatur
522 4325 551 4373 V.
651 4333 666 4370 Ρ
679 4322 738 4371 Hac
748 4324 831 4368 vnum
843 4321 875 4369 V.

213 4482 236 4528 4.
250 4468 343 4529 diem]
360 4466 447 4514 Matth.
462 4480 501 4513 xv.
513 4478 536 4525 3.
750 4474 773 4522 9.
786 4458 892 4520 dicente]
915 4457 1106 4518 Matt11.vii.r3.

215 4544 237 4596 7.
251 4534 355 4594 aanor]
372 4530 464 4579 Matth.
476 4545 517 4577 xv.
530 4541 567 4588 13.
583 4546 587 4555 ’
602 4546 605 4551 ·
731 4527 736 4534 ’
