3100 5125
490 346 655 414 cnurls
678 344 951 415 ANGLORUM.
1204 347 1265 417 261

170 495 214 559 od
226 495 415 580 aquilonem,
431 499 612 584 primusque
633 501 786 567 frmdetor
806 503 990 568 monasterii
1004 503 1090 588 quod
1103 503 1136 567 in
1152 503 1209 568 Hii
1224 504 1271 568 in·

172 582 241 646 sula
265 583 375 648 multis
400 585 456 648 diu
482 586 666 651 Scottorum
692 589 918 673 Pictorumque
943 589 1067 674 populis
1093 590 1271 654 venerabile

172 667 298 732 mansit.
344 669 406 750 Qui
420 670 567 738 videlicet
581 673 736 738 Oclumba
754 697 839 740 nunc
854 698 874 742 a
888 674 1046 740 nonnullis
1060 675 1235 774 composito
1250 698 1271 738 a

173 752 260 818 Gella
280 761 316 818 et
333 755 490 822 Columba
511 758 638 822 nomine
660 759 840 826 Columcelli
861 767 1003 828 vocatur.
1048 761 1192 824 Audiens
1215 783 1270 826 au-

173 846 240 902 tem
255 841 351 904 verba
365 841 495 908 visionis
509 843 676 928 nogueres,
691 846 846 931 praecepit
866 846 962 912 fratri
979 847 1033 930 qui
1052 847 1209 911 retulerat
1230 865 1271 910 ne

133 924 323 1008 rocuiquam
345 928 414 992 haec
438 927 532 993 alteri
557 930 699 1008 referret,
723 953 764 995 ne
789 932 873 998 forte
897 932 1049 997 inlusoria
1071 939 1155 996 esset
1180 931 1267 996 visio.

174 1010 248 1094 Ipse
271 1019 380 1076 autem
405 1014 523 1078 tacitus
547 1036 615 1078 rem
639 1016 850 1094 considerans,
874 1029 997 1082 “veram
1023 1040 1092 1082 esse
1114 1017 1269 1081 timebat:

172 1117 231 1158 nec
244 1103 353 1161 tamen
364 1121 385 1162 a
399 1099 626 1185 dpraepamndo
641 1101 764 1180 itinere,
774 1124 837 1187 qno
848 1104 891 1167 ed
904 1110 1016 1190 gentes
1027 1103 1187 1168 docendae
1198 1103 1270 1182 iret,

172 1202 296 1266 cessare
311 1184 446 1260 volebat.

217 1266 266 1331 At
279 1276 354 1352 post
368 1269 436 1333 dies
450 1283 587 1354 epaucos
603 1294 729 1336 rursum
744 1272 831 1338 venit
848 1274 891 1338 ad
906 1295 978 1337 eum
995 1274 1147 1359 praelatus
1160 1273 1270 1350 frater,
1280 1288 1392 1336 seruum

174 1351 283 1416 dicens
300 1354 376 1438 quia
397 1363 431 1420 et
453 1377 491 1419 ea
508 1364 602 1420 nocte
619 1359 679 1422 sibi
702 1365 777 1443 post
794 1358 955 1444 fexpletos
976 1358 1152 1426 matutinos
1174 1359 1272 1423 Boisil
1280 1352 1349 1402 visio.

133 1459 232 1521 25per
245 1438 346 1503 visum
367 1441 561 1526 apparuerit,
576 1443 700 1508 dicens:
729 1445 829 1522 Quare
843 1454 907 1508 tam
921 1445 1097 1531 cepbpecter
1118 1466 1155 1509 oc
1176 1455 1188 1508 t
1224 1444 1274 1508 ide

172 1523 282 1587 miei
295 1524 456 1611 Boebercto
470 1550 538 1612 quar
558 1527 615 1592 tili
636 1530 764 1594 dicendo
780 1531 941 1616 precepi?
986 1535 1032 1594 Ar
1051 1552 1131 1594 nuce
1145 1553 1184 1594 oa
1222 1539 1275 1607 ,et

173 1609 225 1673 dic
245 1609 295 1674 illi
315 1613 399 1696 qaia,
423 1613 495 1676 coiit
515 1613 600 1692 colit,
623 1614 706 1679 dedet
722 1615 767 1678 ad
786 1616 970 1680 meconem
987 1615 1141 1680 Oohrmdoe
1162 1615 1272 1692 uenire,

173 1695 249 1778 quia
269 1707 380 1762 aratra
398 1719 499 1761 corana
519 1721 579 1763 uon
600 1711 677 1764 reete
695 1701 859 1766 incedant:
885 1711 996 1786 oportet
1017 1713 1121 1766 autem
1142 1723 1209 1765 eum
1230 1701 1275 1765 od

174 1790 288 1844 rectum
301 1783 364 1846 locro
377 1787 531 1848 transirem
549 1807 696 1850 revocare.
742 1787 804 1868 Qui
823 1788 892 1852 haec
913 1787 1045 1852 audiens
1068 1788 1173 1850 denuo
1193 1808 1273 1871 prae-

176 1866 263 1950 cepit
280 1869 383 1947 fratri,
399 1890 440 1932 ne
458 1871 526 1934 haec
541 1871 612 1936 seui
634 1873 838 1957 patefaceret.
885 1872 959 1958 Ipse
972 1895 1047 1938 vero
1062 1872 1190 1938 temetsi
1206 1893 1272 1936 cer-

175 1958 230 2014 tus
244 1961 295 2017 est
309 1955 412 2018 fectus
427 1956 468 2019 de
484 1955 611 2035 visione,
627 1957 829 2022 nihilominus
847 1959 986 2023 tentavit
1008 1958 1071 2023 iter
1085 1957 1274 2042 dispositum

136 2059 249 2110 aucum
263 2040 415 2104 fratribus
434 2043 618 2107 memoretis
639 2043 788 2128 incipere.
832 2045 973 2128 (lumque
991 2044 1060 2130 jam
1081 2043 1154 2108 navi
1175 2044 1276 2129 impo-
1376 2107 1379 2113 .

176 2124 314 2190 sirissent
328 2149 398 2210 quae
419 2128 504 2192 tanti
526 2128 648 2192 itineris
670 2129 842 2194 necessitas
863 2133 1026 2215 poscebat,
1045 2137 1142 2214 atque
1162 2151 1275 2215 oppor-

175 2215 272 2272 tunos
288 2211 410 2295 aliquot
424 2213 514 2276 ¹¹dies
528 2221 639 2279 ventos
661 2223 894 2299 exspectarent,
910 2217 996 2281 fecte
1018 2222 1068 2280 est
1090 2221 1184 2280 nocte
1200 2237 1275 2299 qua-

176 2295 251 2358 dam
264 2303 333 2361 tam
348 2319 432 2362 seeva
445 2306 630 2384 tempestas,
647 2323 717 2383 quae
732 2302 866 2384 perditis
886 2302 1035 2366 nonnulla
1052 2323 1093 2365 ex
1113 2307 1206 2385 parte
1226 2300 1280 2363 his·

176 2382 889 2552 thitidtffiltlttllllss
900 2386 1276 2537 utilitati

379 2518 386 2532 ·
1263 2517 1273 2548 r

137 2569 167 2619 35
177 2558 212 2617 et
226 2553 382 2618 sociorum
396 2557 474 2642 ejus.
520 2557 603 2621 Tum
617 2557 706 2642 kipse
721 2558 811 2643 quasi
831 2496 1052 2644 propiheticum
1067 2494 1274 2634 illudgdicens,
1283 2575 1437 2638 Tempestas.

179 2640 262 2719 Θυῖα
277 2652 403 2726 propter
416 2664 463 2705 mc
476 2652 516 2707 eet
530 2653 686 2729 tempestas
702 2644 772 2721 icoc,
788 2644 951 2709 subtraxit
966 2666 1000 2707 se
1015 2644 1059 2707 illi
1077 2642 1274 2728 profectioni,

177 2732 212 2790 et
227 2747 390 2791 remanere
405 2727 490 2792 domi
505 2751 617 2813 passus
632 2736 691 2793 est.

222 2811 271 2876 At
285 2833 359 2875 vero
377 2834 457 2877 unus
472 2814 512 2877 de
534 2815 627 2878 sociis
649 2816 728 2900 ejus,
738 2814 892 2880 vocabulo
908 2814 1088 2892 Victberct‚
1104 2834 1177 2879 cnm
1191 2820 1436 2895 esset[n.1).692]

178 2896 294 2981 etipse
316 2905 501 2983 contemptu
522 2900 632 2964 mundi
653 2924 692 2965 ac
715 2900 870 2965 doctrines
892 2900 1024 2965 scientia
1045 2898 1185 2999 insignis,
1201 2921 1276 2964 nam
1285 2894 1418 2944 Viam

177 2982 296 3046 multoe
309 3005 409 3048 annos
423 2984 456 3047 in
473 2985 630 3050 Hibernia
643 2986 829 3071 peregrinus
843 2985 1099 3051 anachoreticam
1113 3008 1147 3049 m
1160 3007 1279 3071 magna

137 3068 371 3153 soperfectione
393 3069 493 3136 vitam
518 3078 637 3157 egeret,
664 3070 809 3136 ascendit
835 3092 956 3150 navem,
979 3078 1014 3136 et
1036 3071 1181 3137 Fresiam
1205 3092 1276 3157 per-

178 3152 306 3219 veniens
319 3155 442 3219 duobus
452 3156 544 3220 annis
555 3156 713 3223 continuis
726 3157 816 3243 genti
827 3156 871 3221 illi
881 3178 920 3223 eo
929 3156 998 3244 regi
1010 3158 1077 3243 ejus
1092 3155 1277 3221 ¹Rethbedo
1285 3170 1404 3286 mppr

212 3320 225 3349 ο
237 3325 347 3359 veracem
359 3310 390 3358 V.
440 3313 455 3350 d
462 3312 579 3373 parando
591 3311 622 3358 V.
662 3321 778 3373 epam
788 3312 840 3360 dier
848 3311 879 3359 V.
934 3309 1060 3375 ‘expletur
1070 3314 1209 3360 mamim
1215 3311 1277 3359 V.G.

179 3373 396 3488 myst
478 3375 590 3423 brecus
601 3375 629 3424 V.
728 3376 776 3424 ier
787 3378 854 3425 latus
865 3376 895 3425 V.
987 3375 1054 3425 kiue
1065 3375 1095 3423 V.
1194 3373 1279 3425 lidius

214 3564 252 3613 18.
266 3565 395 3626 Columbo]
426 3564 466 3613 De
483 3566 529 3613 hoc
547 3573 573 3614 ct
590 3565 714 3614 Pictorum
731 3565 891 3615 conversione
902 3565 958 3613 vide
969 3564 1004 3612 iii.
1015 3578 1039 3625 4.
1051 3564 1093 3613 ubi
1112 3571 1223 3613 notatum
1241 3571 1279 3613 est

178 3644 234 3677 eum
246 3644 302 3677 cnm
316 3641 345 3690 ῃ
358 3644 437 3678 annos
452 3637 525 3679 uatus
535 3642 609 3689 esset,
622 3630 687 3678 circa
698 3646 738 3678 an.
751 3643 799 3695 597
811 3630 886 3679 fuisse
903 3629 1042 3691 sepultum
1062 3637 1133 3678 natus
1150 3637 1188 3679 est
1203 3629 1278 3693 igitur

178 3694 244 3742 circa
255 3708 294 3740 au.
306 3705 363 3756 520.
397 3692 479 3755 liujus
489 3696 580 3743 usialis
590 3695 677 3756 quinto
687 3695 756 3743 lunii
768 3696 911 3745 celebratur.
928 3696 952 3741 S.
1072 3747 1079 3755 .

212 3756 253 3808 26.
264 3761 415 3807 monasteria
430 3760 559 3821 atomio]
591 3760 752 3822 Ecgherctum
767 3760 824 3808 vide
841 3760 872 3807 sd
891 3757 1037 3807 catholicum
1057 3757 1146 3818 pascha
1164 3758 1279 3805 Hiienseu

179 3830 362 3872 convertentem
374 3839 398 3871 v.
411 3838 450 3871 nn.
470 3824 496 3871 S.

212 3901 253 3949 34
260 3888 433 3949 propheticum
444 3888 518 3949 iilud]
536 3888 594 3937 don.
607 3888 622 3937 i.
638 3902 675 3937 rr.

210 3967 252 4013 40.
265 3952 404 4014 Raetbedo]
424 3953 526 4001 Narrat
536 3953 681 4001 Vincentius
693 3954 720 3999 in
730 3954 827 4014 speculo
838 3951 971 4001 Hermiou·
982 3951 1012 3999 de
1018 3950 1136 4012 predicto
1146 3964 1207 4009 rege
1218 3950 1279 3997 Fre.

177 4032 275 4073 nmen,
286 4018 353 4079 quod
360 4032 418 4064 cum
425 4019 602 4079 predicatione
614 4014 748 4079 Wsrarmi
758 4018 863 4079 qrircopi
872 4017 908 4063 ad
917 4018 962 4063 hoc
975 4017 1093 4065 &ductus
1108 4021 1170 4063 erret
1180 4020 1210 4061 ut
1220 4016 1277 4076 tap-

179 4085 310 4137 sizaram,
322 4096 379 4129 eum
395 4097 474 4129 unum
490 4083 576 4144 pedem
595 4084 622 4130 iu
640 4085 741 4132 lavam
756 4083 908 4137 latiarem,
923 4081 1131 4142 circumpedes
1148 4081 1280 4127 retrahens

179 4148 346 4205 ermogenis
357 4146 459 4195 ιιόίπαπι
466 4149 554 4209 plures
562 4141 686 4208 mdiorum
696 4160 798 4193 morum
809 4152 889 4195 errent
899 4148 927 4193 in
938 4144 1046 4207 inferno,
1058 4160 1093 4191 aa
1104 4146 1131 4192 ia
1143 4144 1279 4205 paradino:

180 4216 205 4258 et
213 4211 318 4257 audiens
325 4213 411 4272 plures
422 4226 473 4259 erre
483 4213 510 4259 in
521 4210 630 4273 inservio.
642 4213 688 4270 ait,
698 4213 810 4259 sanctius
820 4217 858 4259 est
869 4217 899 4258 ut
910 4212 997 4273 plures
1013 4223 1089 4271 quam
1101 4210 1233 4270 pauciores
1242 4224 1280 4255 re-

179 4289 253 4337 quar.
276 4275 365 4337 crpgr.
377 4274 403 4322 ln
415 4275 474 4324 viu
485 4276 510 4324 S.
523 4275 690 4323 willibrordi:
708 4274 749 4322 ubi
764 4274 841 4323 etiam
858 4280 979 4333 humatur,
991 4273 1114 4336 quomodo
1124 4273 1189 4321 idem
1203 4272 1279 4321 Reth-

180 4338 257 4387 bcdur
267 4340 381 4400 deceptis
392 4347 431 4388 est
441 4355 456 4388 n
466 4338 565 4389 diabolo
576 4340 602 4388 in
614 4338 728 4401 angelum
740 4340 924 4401 urnsfigurato‚
935 4348 961 4387 ct
971 4338 1057 4387 domos
1068 4352 1154 4387 aurens
1168 4336 1192 4385 ei
1209 4337 1281 4398 polli-

180 4411 258 4453 cente.
276 4406 300 4452 S.
334 4404 374 4452 De
385 4404 517 4453 wlfranno
527 4404 572 4452 illo
584 4405 709 4453 Senonum
726 4403 916 4467 archiepiscopo,
927 4403 969 4465 qui
983 4402 1132 4452 coneneie
1146 4402 1281 4451 monachus

181 4468 260 4516 frctus
270 4469 300 4517 Α.
313 4469 346 4517 Ι).
355 4467 412 4531 678.
424 4484 482 4518 mox
492 4469 595 4519 Frisium
609 4468 768 4531 predicatum
780 4468 834 4528 ivit,
846 4467 895 4517 vid.
905 4468 996 4519 Chrcn.
1007 4468 1032 4519 S.
1045 4468 1109 4517 Petr.
1122 4467 1147 4514 in
1158 4467 1280 4516 D’Acher.

180 4533 263 4595 spicit
275 4533 301 4585 ii.
312 4550 336 4597 p.
349 4532 404 4595 464.
420 4534 517 4585 Mabill.
531 4534 620 4585 hunsl.
633 4533 700 4583 xviii.
713 4531 736 4581 6.
