<?xml version="1.0" encoding="UTF-8"?>
<!DOCTYPE html PUBLIC "-//W3C//DTD XHTML 1.0 Transitional//EN"
    "http://www.w3.org/TR/xhtml1/DTD/xhtml1-transitional.dtd">
<html xmlns="http://www.w3.org/1999/xhtml" xml:lang="en" lang="en">
 <head>
  <title>
</title>
<meta http-equiv="Content-Type" content="text/html;charset=utf-8" />
  <meta name='ocr-system' content='tesseract 3.04.00' />
  <meta name='ocr-capabilities' content='ocr_page ocr_carea ocr_par ocr_line ocrx_word'/>
</head>
<body>
  <div class='ocr_page' id='page_1' title='image "./historiaecclesi00hussgoog_0242.png"; bbox 0 0 3100 5125; ppageno 0'>
   <div class='ocr_carea' id='block_1_1' title="bbox 514 330 1291 399">
    <p class='ocr_par' dir='ltr' id='par_1_1' title="bbox 514 330 1291 399">
     <span class='ocr_line' id='line_1_1' title="bbox 514 330 1291 399; baseline 0 -3"><span class='ocrx_word' id='word_1_1' title='bbox 514 330 678 396; x_wconf 77' lang='lat' dir='ltr'>GENTIS</span> <span class='ocrx_word' id='word_1_2' title='bbox 701 330 972 399; x_wconf 78' lang='lat' dir='ltr'><strong>ANeLORUM.</strong></span> <span class='ocrx_word' id='word_1_3' title='bbox 1225 334 1291 396; x_wconf 68' lang='lat'><strong>223</strong></span> 
     </span>
    </p>
   </div>
   <div class='ocr_carea' id='block_1_2' title="bbox 105 481 1456 3253">
    <p class='ocr_par' dir='ltr' id='par_1_2' title="bbox 153 481 1449 1403">
     <span class='ocr_line' id='line_1_2' title="bbox 190 481 1289 572; baseline 0.004 -24"><span class='ocrx_word' id='word_1_4' title='bbox 190 483 293 548; x_wconf 81' lang='lat' dir='ltr'><strong>lertm</strong></span> <span class='ocrx_word' id='word_1_5' title='bbox 306 481 341 547; x_wconf 92' lang='lat' dir='ltr'><strong>in</strong></span> <span class='ocrx_word' id='word_1_6' title='bbox 360 483 523 569; x_wconf 89' lang='lat' dir='ltr'><strong>provincia</strong></span> <span class='ocrx_word' id='word_1_7' title='bbox 538 484 876 571; x_wconf 84' lang='lat' dir='ltr'><strong>Nordanhymbrorum</strong></span> <span class='ocrx_word' id='word_1_8' title='bbox 895 485 1093 572; x_wconf 89' lang='lat' dir='ltr'><strong>propositum</strong></span> <span class='ocrx_word' id='word_1_9' title='bbox 1107 492 1289 572; x_wconf 86' lang='lat' dir='ltr'><strong>vestemque</strong></span> 
     </span>
     <span class='ocr_line' id='line_1_3' title="bbox 191 569 1290 657; baseline 0.004 -25"><span class='ocrx_word' id='word_1_10' title='bbox 191 569 438 654; x_wconf 74' lang='lat' dir='ltr'><strong>sanctimonialis</strong></span> <span class='ocrx_word' id='word_1_11' title='bbox 459 570 598 648; x_wconf 87' lang='lat' dir='ltr'><strong>habitus,</strong></span> <span class='ocrx_word' id='word_1_12' title='bbox 621 579 826 636; x_wconf 75' lang='lat' dir='ltr'>consecrante</span> <span class='ocrx_word' id='word_1_13' title='bbox 848 573 981 636; x_wconf 88' lang='lat' dir='ltr'><strong>AEdano</strong></span> <span class='ocrx_word' id='word_1_14' title='bbox 1006 571 1163 657; x_wconf 86' lang='lat' dir='ltr'><strong>episcopo,</strong></span> <span class='ocrx_word' id='word_1_15' title='bbox 1186 594 1290 636; x_wconf 88' lang='lat' dir='ltr'><strong>susce-</strong></span> 
     </span>
     <span class='ocr_line' id='line_1_4' title="bbox 167 654 1289 742; baseline -0.003 -19"><span class='ocrx_word' id='word_1_16' title='bbox 167 654 284 740; x_wconf 76' lang='lat' dir='ltr'><strong>tpisse.</strong></span> <span class='ocrx_word' id='word_1_17' title='bbox 329 655 394 719; x_wconf 87' lang='lat' dir='ltr'><strong>Sed</strong></span> <span class='ocrx_word' id='word_1_18' title='bbox 417 655 470 720; x_wconf 88' lang='lat' dir='ltr'><strong>illa</strong></span> <span class='ocrx_word' id='word_1_19' title='bbox 495 664 569 740; x_wconf 92' lang='lat' dir='ltr'><strong>post</strong></span> <span class='ocrx_word' id='word_1_20' title='bbox 591 678 656 720; x_wconf 90' lang='lat' dir='ltr'><strong>non</strong></span> <span class='ocrx_word' id='word_1_21' title='bbox 680 657 816 721; x_wconf 90' lang='lat' dir='ltr'><strong>multum</strong></span> <span class='ocrx_word' id='word_1_22' title='bbox 842 663 969 742; x_wconf 89' lang='lat' dir='ltr'><strong>tempus</strong></span> <span class='ocrx_word' id='word_1_23' title='bbox 992 656 1069 721; x_wconf 90' lang='lat' dir='ltr'><strong>facti</strong></span> <span class='ocrx_word' id='word_1_24' title='bbox 1094 657 1289 734; x_wconf 82' lang='lat' dir='ltr'><strong>monasterii,</strong></span> 
     </span>
     <span class='ocr_line' id='line_1_5' title="bbox 189 740 1449 828; baseline -0.001 -24"><span class='ocrx_word' id='word_1_25' title='bbox 189 740 320 804; x_wconf 88' lang='lat' dir='ltr'><strong>secessit</strong></span> <span class='ocrx_word' id='word_1_26' title='bbox 339 741 382 804; x_wconf 85' lang='lat' dir='ltr'><strong>ad</strong></span> <span class='ocrx_word' id='word_1_27' title='bbox 396 740 559 805; x_wconf 88' lang='lat' dir='ltr'><strong>civitatem</strong></span> <span class='ocrx_word' id='word_1_28' title='bbox 574 741 750 806; x_wconf 79' lang='lat' dir='ltr'><strong>Oalcariam</strong></span> <span class='ocrx_word' id='word_1_29' title='bbox 765 765 836 826; x_wconf 83' lang='lat' dir='ltr'><strong>quae</strong></span> <span class='ocrx_word' id='word_1_30' title='bbox 851 765 871 806; x_wconf 89' lang='lat' dir='ltr'><strong>a</strong></span> <span class='ocrx_word' id='word_1_31' title='bbox 885 749 980 828; x_wconf 87' lang='lat' dir='ltr'><strong>gente</strong></span> <span class='ocrx_word' id='word_1_32' title='bbox 996 743 1175 828; x_wconf 78' lang='lat' dir='ltr'><strong>Anglorum</strong></span> <span class='ocrx_word' id='word_1_33' title='bbox 1189 742 1290 807; x_wconf 75' lang='lat' dir='ltr'><strong>sKael-</strong></span> <span class='ocrx_word' id='word_1_34' title='bbox 1301 756 1432 804; x_wconf 74' lang='lat' dir='ltr'><strong>Kaelcacs-</strong></span> <span class='ocrx_word' id='word_1_35' title='bbox 1447 783 1449 786; x_wconf 94' lang='lat'>-</span> 
     </span>
     <span class='ocr_line' id='line_1_6' title="bbox 189 821 1353 911; baseline 0.003 -21"><span class='ocrx_word' id='word_1_36' title='bbox 189 826 335 890; x_wconf 83' lang='lat' dir='ltr'><strong>cacaestir</strong></span> <span class='ocrx_word' id='word_1_37' title='bbox 348 827 535 911; x_wconf 86' lang='lat' dir='ltr'><strong>appellatur,</strong></span> <span class='ocrx_word' id='word_1_38' title='bbox 548 827 655 911; x_wconf 80' lang='lat' dir='ltr'><strong>ibique</strong></span> <span class='ocrx_word' id='word_1_39' title='bbox 669 827 730 891; x_wconf 90' lang='lat' dir='ltr'><strong>sibi</strong></span> <span class='ocrx_word' id='word_1_40' title='bbox 744 827 942 892; x_wconf 76' lang='lat' dir='ltr'><strong>mansionem</strong></span> <span class='ocrx_word' id='word_1_41' title='bbox 956 828 1105 893; x_wconf 89' lang='lat' dir='ltr'><strong>instituit.</strong></span> <span class='ocrx_word' id='word_1_42' title='bbox 1150 826 1291 894; x_wconf 87' lang='lat' dir='ltr'><strong>Praelata</strong></span> <span class='ocrx_word' id='word_1_43' title='bbox 1300 821 1353 870; x_wconf 56' lang='lat'><strong>⁸²5¹·</strong></span> 
     </span>
     <span class='ocr_line' id='line_1_7' title="bbox 189 911 1291 996; baseline 0.003 -21"><span class='ocrx_word' id='word_1_44' title='bbox 189 918 298 975; x_wconf 87' lang='lat' dir='ltr'><strong>autem</strong></span> <span class='ocrx_word' id='word_1_45' title='bbox 311 911 457 996; x_wconf 85' lang='lat' dir='ltr'><strong>regimini</strong></span> <span class='ocrx_word' id='word_1_46' title='bbox 471 913 656 976; x_wconf 89' lang='lat' dir='ltr'><strong>monasterii</strong></span> <span class='ocrx_word' id='word_1_47' title='bbox 670 913 752 976; x_wconf 90' lang='lat' dir='ltr'><strong>illius</strong></span> <span class='ocrx_word' id='word_1_48' title='bbox 766 913 885 977; x_wconf 87' lang='lat' dir='ltr'><strong>famula</strong></span> <span class='ocrx_word' id='word_1_49' title='bbox 900 913 1019 978; x_wconf 76' lang='lat' dir='ltr'><strong>Christi</strong></span> <span class='ocrx_word' id='word_1_50' title='bbox 1035 913 1124 989; x_wconf 86' lang='lat' dir='ltr'><strong>Hild,</strong></span> <span class='ocrx_word' id='word_1_51' title='bbox 1140 935 1215 977; x_wconf 85' lang='lat' dir='ltr'><strong>mox</strong></span> <span class='ocrx_word' id='word_1_52' title='bbox 1230 915 1291 978; x_wconf 89' lang='lat' dir='ltr'><strong>hoc</strong></span> 
     </span>
     <span class='ocr_line' id='line_1_8' title="bbox 189 997 1290 1083; baseline 0.003 -23"><span class='ocrx_word' id='word_1_53' title='bbox 189 997 327 1082; x_wconf 71' lang='lat' dir='ltr'><strong>regrdaui</strong></span> <span class='ocrx_word' id='word_1_54' title='bbox 341 997 409 1061; x_wconf 89' lang='lat' dir='ltr'><strong>vita</strong></span> <span class='ocrx_word' id='word_1_55' title='bbox 428 1020 485 1082; x_wconf 87' lang='lat' dir='ltr'><strong>per</strong></span> <span class='ocrx_word' id='word_1_56' title='bbox 506 998 621 1074; x_wconf 92' lang='lat' dir='ltr'><strong>omnia,</strong></span> <span class='ocrx_word' id='word_1_57' title='bbox 644 1006 740 1083; x_wconf 89' lang='lat' dir='ltr'><strong>prout</strong></span> <span class='ocrx_word' id='word_1_58' title='bbox 761 1021 782 1062; x_wconf 89' lang='lat' dir='ltr'><strong>a</strong></span> <span class='ocrx_word' id='word_1_59' title='bbox 802 999 905 1063; x_wconf 90' lang='lat' dir='ltr'><strong>doctis</strong></span> <span class='ocrx_word' id='word_1_60' title='bbox 923 999 997 1064; x_wconf 84' lang='lat' dir='ltr'><strong>viris</strong></span> <span class='ocrx_word' id='word_1_61' title='bbox 1016 999 1135 1063; x_wconf 88' lang='lat' dir='ltr'><strong>discere</strong></span> <span class='ocrx_word' id='word_1_62' title='bbox 1152 1006 1290 1083; x_wconf 87' lang='lat' dir='ltr'><strong>poterat,</strong></span> 
     </span>
     <span class='ocr_line' id='line_1_9' title="bbox 191 1083 1291 1169; baseline 0.002 -23"><span class='ocrx_word' id='word_1_63' title='bbox 191 1083 338 1146; x_wconf 89' lang='lat' dir='ltr'><strong>ordinare</strong></span> <span class='ocrx_word' id='word_1_64' title='bbox 360 1085 513 1148; x_wconf 89' lang='lat' dir='ltr'><strong>curabat:</strong></span> <span class='ocrx_word' id='word_1_65' title='bbox 536 1106 612 1147; x_wconf 90' lang='lat' dir='ltr'><strong>nam</strong></span> <span class='ocrx_word' id='word_1_66' title='bbox 633 1090 667 1148; x_wconf 90' lang='lat' dir='ltr'><strong>et</strong></span> <span class='ocrx_word' id='word_1_67' title='bbox 689 1084 855 1169; x_wconf 87' lang='lat' dir='ltr'><strong>episcopus</strong></span> <span class='ocrx_word' id='word_1_68' title='bbox 875 1085 993 1164; x_wconf 72' lang='lat' dir='ltr'><strong>hidam</strong></span> <span class='ocrx_word' id='word_1_69' title='bbox 1010 1092 1043 1149; x_wconf 88' lang='lat' dir='ltr'><strong>et</strong></span> <span class='ocrx_word' id='word_1_70' title='bbox 1063 1085 1178 1169; x_wconf 93' lang='lat' dir='ltr'><strong>quique</strong></span> <span class='ocrx_word' id='word_1_71' title='bbox 1198 1107 1291 1149; x_wconf 89' lang='lat' dir='ltr'><strong>nove-</strong></span> 
     </span>
     <span class='ocr_line' id='line_1_10' title="bbox 191 1161 1291 1254; baseline 0.004 -24"><span class='ocrx_word' id='word_1_72' title='bbox 191 1175 266 1232; x_wconf 93' lang='lat' dir='ltr'><strong>rant</strong></span> <span class='ocrx_word' id='word_1_73' title='bbox 292 1190 363 1232; x_wconf 91' lang='lat' dir='ltr'><strong>eam</strong></span> <span class='ocrx_word' id='word_1_74' title='bbox 385 1161 533 1253; x_wconf 84' lang='lat' dir='ltr'><strong>religiosi,</strong></span> <span class='ocrx_word' id='word_1_75' title='bbox 558 1192 617 1253; x_wconf 88' lang='lat' dir='ltr'><strong>pro</strong></span> <span class='ocrx_word' id='word_1_76' title='bbox 642 1169 740 1234; x_wconf 90' lang='lat' dir='ltr'><strong>insita</strong></span> <span class='ocrx_word' id='word_1_77' title='bbox 765 1170 794 1233; x_wconf 88' lang='lat' dir='ltr'><strong>ei</strong></span> <span class='ocrx_word' id='word_1_78' title='bbox 820 1170 977 1254; x_wconf 89' lang='lat' dir='ltr'><strong>sapientia</strong></span> <span class='ocrx_word' id='word_1_79' title='bbox 1002 1177 1036 1234; x_wconf 91' lang='lat' dir='ltr'><strong>ct</strong></span> <span class='ocrx_word' id='word_1_80' title='bbox 1060 1192 1168 1234; x_wconf 90' lang='lat' dir='ltr'><strong>amore</strong></span> <span class='ocrx_word' id='word_1_81' title='bbox 1194 1170 1291 1234; x_wconf 92' lang='lat' dir='ltr'><strong>divini</strong></span> 
     </span>
     <span class='ocr_line' id='line_1_11' title="bbox 153 1253 1291 1402; baseline 0.008 -91"><span class='ocrx_word' id='word_1_82' title='bbox 153 1253 371 1402; x_wconf 51' lang='lat' dir='ltr'><strong>iogqfflulapus,</strong></span> <span class='ocrx_word' id='word_1_83' title='bbox 388 1254 497 1318; x_wconf 88' lang='lat' dir='ltr'><strong>sedulo</strong></span> <span class='ocrx_word' id='word_1_84' title='bbox 519 1277 590 1318; x_wconf 89' lang='lat' dir='ltr'><strong>eam</strong></span> <span class='ocrx_word' id='word_1_85' title='bbox 604 1254 743 1334; x_wconf 87' lang='lat' dir='ltr'><strong>visitare,</strong></span> <span class='ocrx_word' id='word_1_86' title='bbox 759 1254 875 1319; x_wconf 83' lang='lat' dir='ltr'><strong>obnixe</strong></span> <span class='ocrx_word' id='word_1_87' title='bbox 896 1277 1014 1333; x_wconf 87' lang='lat' dir='ltr'><strong>amare,</strong></span> <span class='ocrx_word' id='word_1_88' title='bbox 1031 1256 1199 1341; x_wconf 84' lang='lat' dir='ltr'><strong>diligenter</strong></span> <span class='ocrx_word' id='word_1_89' title='bbox 1220 1277 1291 1320; x_wconf 88' lang='lat' dir='ltr'><strong>ern-</strong></span> 
     </span>
     <span class='ocr_line' id='line_1_12' title="bbox 215 1339 428 1403; baseline 0.009 -3"><span class='ocrx_word' id='word_1_90' title='bbox 215 1339 258 1403; x_wconf 87' lang='lat' dir='ltr'><strong>&#39;re</strong></span> <span class='ocrx_word' id='word_1_91' title='bbox 273 1341 428 1403; x_wconf 89' lang='lat' dir='ltr'><strong>scebant.</strong></span> 
     </span>
    </p>

    <p class='ocr_par' dir='ltr' id='par_1_3' title="bbox 190 1424 1445 1682">
     <span class='ocr_line' id='line_1_13' title="bbox 193 1424 1445 1523; baseline -0.001 -34"><span class='ocrx_word' id='word_1_92' title='bbox 193 1504 195 1508; x_wconf 23' lang='grc' dir='ltr'>Ι</span> <span class='ocrx_word' id='word_1_93' title='bbox 234 1425 315 1489; x_wconf 75' lang='lat' dir='ltr'><strong>(lum</strong></span> <span class='ocrx_word' id='word_1_94' title='bbox 341 1447 417 1523; x_wconf 78' lang='lat' dir='ltr'><strong>ergo</strong></span> <span class='ocrx_word' id='word_1_95' title='bbox 442 1424 564 1509; x_wconf 79' lang='lat' dir='ltr'><strong>aliquot</strong></span> <span class='ocrx_word' id='word_1_96' title='bbox 587 1448 688 1489; x_wconf 89' lang='lat' dir='ltr'><strong>annos</strong></span> <span class='ocrx_word' id='word_1_97' title='bbox 714 1425 787 1488; x_wconf 95' lang='lat' dir='ltr'><strong>huic</strong></span> <span class='ocrx_word' id='word_1_98' title='bbox 813 1425 1015 1502; x_wconf 81' lang='lat' dir='ltr'><strong>monasterio,</strong></span> <span class='ocrx_word' id='word_1_99' title='bbox 1039 1425 1193 1510; x_wconf 79' lang='lat' dir='ltr'><strong>regularis</strong></span> <span class='ocrx_word' id='word_1_100' title='bbox 1215 1424 1289 1491; x_wconf 86' lang='lat' dir='ltr'><strong>vitae</strong></span> <span class='ocrx_word' id='word_1_101' title='bbox 1305 1439 1338 1487; x_wconf 89' lang='lat' dir='ltr'><strong>A.</strong></span> <span class='ocrx_word' id='word_1_102' title='bbox 1347 1440 1379 1488; x_wconf 86' lang='lat'><strong>1).</strong></span> <span class='ocrx_word' id='word_1_103' title='bbox 1389 1440 1445 1504; x_wconf 83' lang='lat'><strong>658.</strong></span> 
     </span>
     <span class='ocr_line' id='line_1_14' title="bbox 190 1505 1413 1617; baseline 0.002 -44"><span class='ocrx_word' id='word_1_104' title='bbox 190 1510 385 1575; x_wconf 89' lang='lat' dir='ltr'><strong>institutiom</strong></span> <span class='ocrx_word' id='word_1_105' title='bbox 404 1511 539 1574; x_wconf 88' lang='lat' dir='ltr'><strong>multum</strong></span> <span class='ocrx_word' id='word_1_106' title='bbox 559 1511 684 1575; x_wconf 90' lang='lat' dir='ltr'><strong>intenta</strong></span> <span class='ocrx_word' id='word_1_107' title='bbox 706 1517 866 1594; x_wconf 71' lang='lat' dir='ltr'><strong>praeesset,</strong></span> <span class='ocrx_word' id='word_1_108' title='bbox 886 1512 1020 1597; x_wconf 85' lang='lat' dir='ltr'><strong>contigit</strong></span> <span class='ocrx_word' id='word_1_109' title='bbox 1042 1533 1112 1574; x_wconf 90' lang='lat' dir='ltr'><strong>eam</strong></span> <span class='ocrx_word' id='word_1_110' title='bbox 1133 1511 1290 1596; x_wconf 88' lang='lat' dir='ltr'><strong>suscipere</strong></span> <span class='ocrx_word' id='word_1_111' title='bbox 1299 1505 1413 1617; x_wconf 69' lang='lat' dir='ltr'><strong>spane-</strong></span> 
     </span>
     <span class='ocr_line' id='line_1_15' title="bbox 191 1572 1392 1682; baseline 0.001 -22"><span class='ocrx_word' id='word_1_112' title='bbox 191 1595 290 1660; x_wconf 89' lang='lat' dir='ltr'><strong>etiam</strong></span> <span class='ocrx_word' id='word_1_113' title='bbox 304 1597 551 1660; x_wconf 88' lang='lat' dir='ltr'><strong>construendum</strong></span> <span class='ocrx_word' id='word_1_114' title='bbox 565 1595 631 1660; x_wconf 91' lang='lat' dir='ltr'><strong>sive</strong></span> <span class='ocrx_word' id='word_1_115' title='bbox 645 1597 855 1660; x_wconf 87' lang='lat' dir='ltr'><strong>ordinandum</strong></span> <span class='ocrx_word' id='word_1_116' title='bbox 866 1597 1094 1662; x_wconf 88' lang='lat' dir='ltr'><strong>monasterium</strong></span> <span class='ocrx_word' id='word_1_117' title='bbox 1108 1595 1141 1658; x_wconf 91' lang='lat' dir='ltr'><strong>in</strong></span> <span class='ocrx_word' id='word_1_118' title='bbox 1156 1598 1225 1661; x_wconf 94' lang='lat' dir='ltr'><strong>loco</strong></span> <span class='ocrx_word' id='word_1_119' title='bbox 1236 1584 1311 1682; x_wconf 80' lang='lat' dir='ltr'><strong>qui⁸</strong></span> <span class='ocrx_word' id='word_1_120' title='bbox 1329 1572 1392 1618; x_wconf 55' lang='grc' dir='ltr'><strong>Μ’·</strong></span> 
     </span>
    </p>

    <p class='ocr_par' dir='ltr' id='par_1_4' title="bbox 105 1681 1456 3253">
     <span class='ocr_line' id='line_1_16' title="bbox 191 1681 1292 1768; baseline 0.001 -23"><span class='ocrx_word' id='word_1_121' title='bbox 191 1687 325 1746; x_wconf 89' lang='lat' dir='ltr'><strong>vocatur</strong></span> <span class='ocrx_word' id='word_1_122' title='bbox 339 1681 593 1758; x_wconf 79' lang='lat' dir='ltr'><strong>Streaneshalch,</strong></span> <span class='ocrx_word' id='word_1_123' title='bbox 610 1682 696 1765; x_wconf 94' lang='lat' dir='ltr'><strong>quod</strong></span> <span class='ocrx_word' id='word_1_124' title='bbox 710 1704 790 1766; x_wconf 88' lang='lat' dir='ltr'><strong>opus</strong></span> <span class='ocrx_word' id='word_1_125' title='bbox 806 1681 865 1746; x_wconf 90' lang='lat' dir='ltr'><strong>sibi</strong></span> <span class='ocrx_word' id='word_1_126' title='bbox 881 1683 1059 1766; x_wconf 90' lang='lat' dir='ltr'><strong>injunctum</strong></span> <span class='ocrx_word' id='word_1_127' title='bbox 1073 1703 1137 1744; x_wconf 93' lang='lat' dir='ltr'><strong>non</strong></span> <span class='ocrx_word' id='word_1_128' title='bbox 1152 1682 1292 1768; x_wconf 86' lang='lat' dir='ltr'><strong>segniter</strong></span> 
     </span>
     <span class='ocr_line' id='line_1_17' title="bbox 190 1767 1293 1852; baseline 0.003 -23"><span class='ocrx_word' id='word_1_129' title='bbox 190 1767 342 1851; x_wconf 83' lang='lat' dir='ltr'><strong>implevit.</strong></span> <span class='ocrx_word' id='word_1_130' title='bbox 388 1767 472 1831; x_wconf 93' lang='lat' dir='ltr'><strong>Nam</strong></span> <span class='ocrx_word' id='word_1_131' title='bbox 486 1768 605 1831; x_wconf 88' lang='lat' dir='ltr'><strong>eisdem</strong></span> <span class='ocrx_word' id='word_1_132' title='bbox 622 1767 737 1851; x_wconf 91' lang='lat' dir='ltr'><strong>quibus</strong></span> <span class='ocrx_word' id='word_1_133' title='bbox 756 1767 844 1852; x_wconf 87' lang='lat' dir='ltr'><strong>prius</strong></span> <span class='ocrx_word' id='word_1_134' title='bbox 862 1769 1098 1844; x_wconf 77' lang='lat' dir='ltr'><strong>monasterium,</strong></span> <span class='ocrx_word' id='word_1_135' title='bbox 1115 1769 1212 1833; x_wconf 90' lang='lat' dir='ltr'><strong>etiam</strong></span> <span class='ocrx_word' id='word_1_136' title='bbox 1232 1769 1293 1832; x_wconf 92' lang='lat' dir='ltr'><strong>hoc</strong></span> 
     </span>
     <span class='ocr_line' id='line_1_18' title="bbox 105 1844 1292 1939; baseline 0.005 -28"><span class='ocrx_word' id='word_1_137' title='bbox 105 1905 118 1921; x_wconf 78' lang='grc'>,</span> <span class='ocrx_word' id='word_1_138' title='bbox 154 1875 182 1926; x_wconf 85' lang='lat'><strong>15</strong></span> <span class='ocrx_word' id='word_1_139' title='bbox 193 1851 365 1936; x_wconf 89' lang='lat' dir='ltr'><strong>disciplinis</strong></span> <span class='ocrx_word' id='word_1_140' title='bbox 381 1852 629 1939; x_wconf 82' lang='lat' dir='ltr'><strong>vitaeregular&#39;is</strong></span> <span class='ocrx_word' id='word_1_141' title='bbox 652 1844 810 1917; x_wconf 84' lang='lat' dir='ltr'><strong>instituit:</strong></span> <span class='ocrx_word' id='word_1_142' title='bbox 834 1859 868 1918; x_wconf 91' lang='lat' dir='ltr'><strong>et</strong></span> <span class='ocrx_word' id='word_1_143' title='bbox 890 1853 1017 1937; x_wconf 91' lang='lat' dir='ltr'><strong>quidem</strong></span> <span class='ocrx_word' id='word_1_144' title='bbox 1038 1853 1172 1918; x_wconf 91' lang='lat' dir='ltr'><strong>multam</strong></span> <span class='ocrx_word' id='word_1_145' title='bbox 1193 1853 1292 1917; x_wconf 81' lang='lat' dir='ltr'><strong>sinibi</strong></span> 
     </span>
     <span class='ocr_line' id='line_1_19' title="bbox 192 1937 1292 2023; baseline 0.003 -23"><span class='ocrx_word' id='word_1_146' title='bbox 192 1960 318 2023; x_wconf 90' lang='lat' dir='ltr'><strong>quoque</strong></span> <span class='ocrx_word' id='word_1_147' title='bbox 336 1939 479 2021; x_wconf 83' lang='lat' dir='ltr'><strong>justitiae,</strong></span> <span class='ocrx_word' id='word_1_148' title='bbox 504 1937 644 2022; x_wconf 86' lang='lat' dir='ltr'><strong>pietatis,</strong></span> <span class='ocrx_word' id='word_1_149' title='bbox 668 1945 703 2003; x_wconf 89' lang='lat' dir='ltr'><strong>et</strong></span> <span class='ocrx_word' id='word_1_150' title='bbox 726 1938 931 2016; x_wconf 82' lang='lat' dir='ltr'><strong>castimoniae,</strong></span> <span class='ocrx_word' id='word_1_151' title='bbox 958 1946 1208 2023; x_wconf 85' lang='lat' dir='ltr'><strong>caeterarumque</strong></span> <span class='ocrx_word' id='word_1_152' title='bbox 1231 1939 1292 2003; x_wconf 87' lang='lat' dir='ltr'><strong>vir-</strong></span> 
     </span>
     <span class='ocr_line' id='line_1_20' title="bbox 190 2023 1292 2124; baseline 0.002 -37"><span class='ocrx_word' id='word_1_153' title='bbox 190 2029 308 2096; x_wconf 89' lang='lat' dir='ltr'><strong>tutum,</strong></span> <span class='ocrx_word' id='word_1_154' title='bbox 325 2024 382 2087; x_wconf 90' lang='lat' dir='ltr'><strong>sed</strong></span> <span class='ocrx_word' id='word_1_155' title='bbox 396 2023 532 2088; x_wconf 87' lang='lat' dir='ltr'><strong>maxime</strong></span> <span class='ocrx_word' id='word_1_156' title='bbox 546 2024 634 2124; x_wconf 87' lang='lat' dir='ltr'><strong>pacis</strong></span> <span class='ocrx_word' id='word_1_157' title='bbox 649 2031 684 2089; x_wconf 89' lang='lat' dir='ltr'><strong>et</strong></span> <span class='ocrx_word' id='word_1_158' title='bbox 698 2024 843 2089; x_wconf 89' lang='lat' dir='ltr'><strong>caritatis</strong></span> <span class='ocrx_word' id='word_1_159' title='bbox 858 2025 1035 2089; x_wconf 78' lang='lat' dir='ltr'><strong>custodiam</strong></span> <span class='ocrx_word' id='word_1_160' title='bbox 1050 2025 1177 2089; x_wconf 91' lang='lat' dir='ltr'><strong>docuit:</strong></span> <span class='ocrx_word' id='word_1_161' title='bbox 1193 2025 1241 2088; x_wconf 91' lang='lat' dir='ltr'><strong>ita</strong></span> <span class='ocrx_word' id='word_1_162' title='bbox 1255 2032 1292 2089; x_wconf 89' lang='lat' dir='ltr'><strong>ut</strong></span> 
     </span>
     <span class='ocr_line' id='line_1_21' title="bbox 191 2106 1292 2193; baseline 0.003 -21"><span class='ocrx_word' id='word_1_163' title='bbox 191 2110 225 2172; x_wconf 95' lang='lat' dir='ltr'><strong>in</strong></span> <span class='ocrx_word' id='word_1_164' title='bbox 244 2106 423 2192; x_wconf 88' lang='lat' dir='ltr'><strong>exemplum</strong></span> <span class='ocrx_word' id='word_1_165' title='bbox 442 2109 611 2193; x_wconf 88' lang='lat' dir='ltr'><strong>primit1vae</strong></span> <span class='ocrx_word' id='word_1_166' title='bbox 634 2110 772 2174; x_wconf 86' lang='lat' dir='ltr'><strong>ecclesiae</strong></span> <span class='ocrx_word' id='word_1_167' title='bbox 790 2111 893 2174; x_wconf 90' lang='lat' dir='ltr'><strong>nullus</strong></span> <span class='ocrx_word' id='word_1_168' title='bbox 911 2110 956 2173; x_wconf 91' lang='lat' dir='ltr'><strong>ibi</strong></span> <span class='ocrx_word' id='word_1_169' title='bbox 975 2109 1071 2186; x_wconf 77' lang='lat' dir='ltr'><strong>dives,</strong></span> <span class='ocrx_word' id='word_1_170' title='bbox 1087 2110 1190 2173; x_wconf 90' lang='lat' dir='ltr'><strong>nullus</strong></span> <span class='ocrx_word' id='word_1_171' title='bbox 1208 2118 1292 2175; x_wconf 89' lang='lat' dir='ltr'><strong>esset</strong></span> 
     </span>
     <span class='ocr_line' id='line_1_22' title="bbox 191 2194 1292 2280; baseline 0.001 -23"><span class='ocrx_word' id='word_1_172' title='bbox 191 2215 296 2280; x_wconf 83' lang='lat' dir='ltr'><strong>egens,</strong></span> <span class='ocrx_word' id='word_1_173' title='bbox 312 2194 457 2258; x_wconf 90' lang='lat' dir='ltr'><strong>omnibus</strong></span> <span class='ocrx_word' id='word_1_174' title='bbox 472 2202 578 2259; x_wconf 87' lang='lat' dir='ltr'><strong>essent</strong></span> <span class='ocrx_word' id='word_1_175' title='bbox 593 2196 698 2260; x_wconf 90' lang='lat' dir='ltr'><strong>omnia</strong></span> <span class='ocrx_word' id='word_1_176' title='bbox 713 2196 901 2273; x_wconf 89' lang='lat' dir='ltr'><strong>communia,</strong></span> <span class='ocrx_word' id='word_1_177' title='bbox 918 2219 990 2260; x_wconf 90' lang='lat' dir='ltr'><strong>cum</strong></span> <span class='ocrx_word' id='word_1_178' title='bbox 1009 2195 1087 2258; x_wconf 91' lang='lat' dir='ltr'><strong>nihil</strong></span> <span class='ocrx_word' id='word_1_179' title='bbox 1107 2197 1292 2280; x_wconf 89' lang='lat' dir='ltr'><strong>cujusquam</strong></span> 
     </span>
     <span class='ocr_line' id='line_1_23' title="bbox 193 2279 1290 2366; baseline 0.001 -23"><span class='ocrx_word' id='word_1_180' title='bbox 193 2301 261 2343; x_wconf 84' lang='lat' dir='ltr'><strong>esse</strong></span> <span class='ocrx_word' id='word_1_181' title='bbox 276 2279 437 2344; x_wconf 88' lang='lat' dir='ltr'><strong>videretur</strong></span> <span class='ocrx_word' id='word_1_182' title='bbox 451 2281 623 2366; x_wconf 88' lang='lat' dir='ltr'><strong>proprium.</strong></span> <span class='ocrx_word' id='word_1_183' title='bbox 669 2281 783 2346; x_wconf 84' lang='lat' dir='ltr'><strong>Tantae</strong></span> <span class='ocrx_word' id='word_1_184' title='bbox 798 2288 906 2346; x_wconf 89' lang='lat' dir='ltr'><strong>autem</strong></span> <span class='ocrx_word' id='word_1_185' title='bbox 924 2290 995 2347; x_wconf 90' lang='lat' dir='ltr'><strong>erat</strong></span> <span class='ocrx_word' id='word_1_186' title='bbox 1015 2281 1086 2366; x_wconf 93' lang='lat' dir='ltr'><strong>ipsa</strong></span> <span class='ocrx_word' id='word_1_187' title='bbox 1103 2281 1290 2366; x_wconf 73' lang='lat' dir='ltr'><strong>prudentias,</strong></span> 
     </span>
     <span class='ocr_line' id='line_1_24' title="bbox 154 2366 1293 2452; baseline 0.004 -27"><span class='ocrx_word' id='word_1_188' title='bbox 154 2373 232 2429; x_wconf 74' lang='lat' dir='ltr'><strong>scut</strong></span> <span class='ocrx_word' id='word_1_189' title='bbox 254 2387 318 2429; x_wconf 92' lang='lat' dir='ltr'><strong>non</strong></span> <span class='ocrx_word' id='word_1_190' title='bbox 341 2366 443 2429; x_wconf 94' lang='lat' dir='ltr'><strong>solum</strong></span> <span class='ocrx_word' id='word_1_191' title='bbox 465 2366 640 2430; x_wconf 89' lang='lat' dir='ltr'><strong>mediocres</strong></span> <span class='ocrx_word' id='word_1_192' title='bbox 664 2366 780 2452; x_wconf 88' lang='lat' dir='ltr'><strong>quique</strong></span> <span class='ocrx_word' id='word_1_193' title='bbox 806 2367 839 2430; x_wconf 94' lang='lat' dir='ltr'><strong>in</strong></span> <span class='ocrx_word' id='word_1_194' title='bbox 865 2367 1108 2432; x_wconf 86' lang='lat' dir='ltr'><strong>necessitatibus</strong></span> <span class='ocrx_word' id='word_1_195' title='bbox 1135 2367 1209 2444; x_wconf 90' lang='lat' dir='ltr'><strong>suis,</strong></span> <span class='ocrx_word' id='word_1_196' title='bbox 1236 2366 1293 2430; x_wconf 89' lang='lat' dir='ltr'><strong>sed</strong></span> 
     </span>
     <span class='ocr_line' id='line_1_25' title="bbox 193 2450 1292 2550; baseline 0 -36"><span class='ocrx_word' id='word_1_197' title='bbox 193 2450 290 2515; x_wconf 89' lang='lat' dir='ltr'><strong>etiam</strong></span> <span class='ocrx_word' id='word_1_198' title='bbox 307 2472 398 2550; x_wconf 80' lang='lat' dir='ltr'><strong>reges</strong></span> <span class='ocrx_word' id='word_1_199' title='bbox 415 2473 453 2515; x_wconf 89' lang='lat' dir='ltr'><strong>ac</strong></span> <span class='ocrx_word' id='word_1_200' title='bbox 473 2452 573 2534; x_wconf 87' lang='lat' dir='ltr'><strong>priuci</strong></span> <span class='ocrx_word' id='word_1_201' title='bbox 596 2474 630 2516; x_wconf 90' lang='lat' dir='ltr'><strong>es</strong></span> <span class='ocrx_word' id='word_1_202' title='bbox 645 2475 872 2536; x_wconf 91' lang='lat' dir='ltr'><strong>nonnunquam</strong></span> <span class='ocrx_word' id='word_1_203' title='bbox 889 2455 930 2516; x_wconf 90' lang='lat' dir='ltr'><strong>ab</strong></span> <span class='ocrx_word' id='word_1_204' title='bbox 946 2474 984 2516; x_wconf 90' lang='lat' dir='ltr'><strong>ea</strong></span> <span class='ocrx_word' id='word_1_205' title='bbox 999 2458 1177 2537; x_wconf 86' lang='lat' dir='ltr'><strong>quaercrcnt</strong></span> <span class='ocrx_word' id='word_1_206' title='bbox 1193 2451 1292 2514; x_wconf 91' lang='lat' dir='ltr'><strong>consi-</strong></span> 
     </span>
     <span class='ocr_line' id='line_1_26' title="bbox 192 2535 1293 2622; baseline 0.001 -23"><span class='ocrx_word' id='word_1_207' title='bbox 192 2535 279 2615; x_wconf 86' lang='lat' dir='ltr'><strong>lium,</strong></span> <span class='ocrx_word' id='word_1_208' title='bbox 295 2542 329 2601; x_wconf 90' lang='lat' dir='ltr'><strong>et</strong></span> <span class='ocrx_word' id='word_1_209' title='bbox 343 2536 528 2602; x_wconf 88' lang='lat' dir='ltr'><strong>mvenirent.</strong></span> <span class='ocrx_word' id='word_1_210' title='bbox 591 2543 704 2603; x_wconf 88' lang='lat' dir='ltr'><strong>autum</strong></span> <span class='ocrx_word' id='word_1_211' title='bbox 717 2537 846 2602; x_wconf 89' lang='lat' dir='ltr'><strong>lectioni</strong></span> <span class='ocrx_word' id='word_1_212' title='bbox 861 2537 1040 2602; x_wconf 87' lang='lat' dir='ltr'><strong>divinarum</strong></span> <span class='ocrx_word' id='word_1_213' title='bbox 1056 2537 1293 2622; x_wconf 86' lang='lat' dir='ltr'><strong>Scripturarum</strong></span> 
     </span>
     <span class='ocr_line' id='line_1_27' title="bbox 192 2622 1293 2709; baseline 0 -23"><span class='ocrx_word' id='word_1_214' title='bbox 192 2645 267 2686; x_wconf 88' lang='lat' dir='ltr'><strong>suos</strong></span> <span class='ocrx_word' id='word_1_215' title='bbox 293 2644 407 2687; x_wconf 87' lang='lat' dir='ltr'><strong>vacare</strong></span> <span class='ocrx_word' id='word_1_216' title='bbox 431 2622 584 2700; x_wconf 84' lang='lat' dir='ltr'><strong>subditos,</strong></span> <span class='ocrx_word' id='word_1_217' title='bbox 607 2630 736 2688; x_wconf 91' lang='lat' dir='ltr'><strong>tantum</strong></span> <span class='ocrx_word' id='word_1_218' title='bbox 761 2624 909 2709; x_wconf 90' lang='lat' dir='ltr'><strong>operibus</strong></span> <span class='ocrx_word' id='word_1_219' title='bbox 931 2624 1065 2708; x_wconf 85' lang='lat' dir='ltr'><strong>justitiae</strong></span> <span class='ocrx_word' id='word_1_220' title='bbox 1090 2646 1123 2687; x_wconf 85' lang='lat' dir='ltr'><strong>se</strong></span> <span class='ocrx_word' id='word_1_221' title='bbox 1147 2645 1293 2687; x_wconf 88' lang='lat' dir='ltr'><strong>exercere</strong></span> 
     </span>
     <span class='ocr_line' id='line_1_28' title="bbox 192 2708 1293 2793; baseline 0 -23"><span class='ocrx_word' id='word_1_222' title='bbox 192 2708 340 2786; x_wconf 85' lang='lat' dir='ltr'><strong>iaciebat,</strong></span> <span class='ocrx_word' id='word_1_223' title='bbox 367 2715 405 2773; x_wconf 94' lang='lat' dir='ltr'><strong>ut</strong></span> <span class='ocrx_word' id='word_1_224' title='bbox 434 2708 579 2773; x_wconf 86' lang='lat' dir='ltr'><strong>facillime</strong></span> <span class='ocrx_word' id='word_1_225' title='bbox 603 2709 786 2772; x_wconf 90' lang='lat' dir='ltr'><strong>viderentur</strong></span> <span class='ocrx_word' id='word_1_226' title='bbox 814 2708 932 2773; x_wconf 88' lang='lat' dir='ltr'><strong>ibidem</strong></span> <span class='ocrx_word' id='word_1_227' title='bbox 955 2708 1010 2793; x_wconf 96' lang='lat' dir='ltr'><strong>qui</strong></span> <span class='ocrx_word' id='word_1_228' title='bbox 1033 2708 1293 2773; x_wconf 87' lang='lat' dir='ltr'><strong>Ecclesiasticum</strong></span> 
     </span>
     <span class='ocr_line' id='line_1_29' title="bbox 192 2792 1292 2893; baseline 0 -36"><span class='ocrx_word' id='word_1_229' title='bbox 192 2795 337 2893; x_wconf 82' lang='lat' dir='ltr'><strong>gradum,</strong></span> <span class='ocrx_word' id='word_1_230' title='bbox 352 2794 414 2859; x_wconf 88' lang='lat' dir='ltr'><strong>fioc</strong></span> <span class='ocrx_word' id='word_1_231' title='bbox 429 2802 487 2874; x_wconf 86' lang='lat' dir='ltr'><strong>est,</strong></span> <span class='ocrx_word' id='word_1_232' title='bbox 503 2794 768 2878; x_wconf 29' lang='lat' dir='ltr'><strong>altarislofficium</strong></span> <span class='ocrx_word' id='word_1_233' title='bbox 788 2801 864 2879; x_wconf 86' lang='lat' dir='ltr'><strong>apte</strong></span> <span class='ocrx_word' id='word_1_234' title='bbox 884 2794 1036 2872; x_wconf 86' lang='lat' dir='ltr'><strong>subirent,</strong></span> <span class='ocrx_word' id='word_1_235' title='bbox 1053 2792 1179 2879; x_wconf 89' lang='lat' dir='ltr'><strong>plurimi</strong></span> <span class='ocrx_word' id='word_1_236' title='bbox 1200 2815 1292 2879; x_wconf 90' lang='lat' dir='ltr'><strong>posse</strong></span> 
     </span>
     <span class='ocr_line' id='line_1_30' title="bbox 193 2901 334 2943; baseline 0.007 -1"><span class='ocrx_word' id='word_1_237' title='bbox 193 2901 229 2943; x_wconf 88' lang='lat' dir='ltr'><strong>re</strong></span> <span class='ocrx_word' id='word_1_238' title='bbox 251 2902 334 2943; x_wconf 83' lang='lat' dir='ltr'><strong>emm.</strong></span> 
     </span>
     <span class='ocr_line' id='line_1_31' title="bbox 154 2903 1456 3057; baseline 0.002 -32"><span class='ocrx_word' id='word_1_239' title='bbox 154 2990 185 3041; x_wconf 80' lang='lat'><strong>²5</strong></span> <span class='ocrx_word' id='word_1_240' title='bbox 229 2903 384 3048; x_wconf 77' lang='lat' dir='ltr'><strong>Illenique</strong></span> <span class='ocrx_word' id='word_1_241' title='bbox 407 2965 610 3049; x_wconf 71' lang='lat' dir='ltr'><strong>quinque-ex</strong></span> <span class='ocrx_word' id='word_1_242' title='bbox 634 2967 746 3030; x_wconf 89' lang='lat' dir='ltr'><strong>eodem</strong></span> <span class='ocrx_word' id='word_1_243' title='bbox 770 2965 964 3029; x_wconf 86' lang='lat' dir='ltr'><strong>monasterio</strong></span> <span class='ocrx_word' id='word_1_244' title='bbox 992 2972 1104 3049; x_wconf 87' lang='lat' dir='ltr'><strong>postea</strong></span> <span class='ocrx_word' id='word_1_245' title='bbox 1129 2964 1293 3049; x_wconf 88' lang='lat' dir='ltr'><strong>episcopos</strong></span> <span class='ocrx_word' id='word_1_246' title='bbox 1301 2944 1427 3057; x_wconf 55' lang='lat' dir='ltr'><strong>quttorid</strong></span> <span class='ocrx_word' id='word_1_247' title='bbox 1446 3038 1456 3051; x_wconf 40' lang='grc' dir='ltr'>ι</span> 
     </span>
     <span class='ocr_line' id='line_1_32' title="bbox 195 3025 1444 3143; baseline -0.002 -28"><span class='ocrx_word' id='word_1_248' title='bbox 195 3050 338 3127; x_wconf 83' lang='lat' dir='ltr'><strong>vidimus,</strong></span> <span class='ocrx_word' id='word_1_249' title='bbox 354 3057 388 3114; x_wconf 88' lang='lat' dir='ltr'><strong>ct</strong></span> <span class='ocrx_word' id='word_1_250' title='bbox 410 3052 468 3113; x_wconf 90' lang='lat' dir='ltr'><strong>hos</strong></span> <span class='ocrx_word' id='word_1_251' title='bbox 490 3073 599 3115; x_wconf 90' lang='lat' dir='ltr'><strong>omnes</strong></span> <span class='ocrx_word' id='word_1_252' title='bbox 621 3051 789 3143; x_wconf 78' lang='lat' dir='ltr'><strong>singularis</strong></span> <span class='ocrx_word' id='word_1_253' title='bbox 810 3052 916 3115; x_wconf 91' lang='lat' dir='ltr'><strong>meriti</strong></span> <span class='ocrx_word' id='word_1_254' title='bbox 939 3073 977 3115; x_wconf 89' lang='lat' dir='ltr'><strong>ac</strong></span> <span class='ocrx_word' id='word_1_255' title='bbox 999 3050 1180 3115; x_wconf 76' lang='lat' dir='ltr'><strong>sanctitatis</strong></span> <span class='ocrx_word' id='word_1_256' title='bbox 1199 3025 1444 3128; x_wconf 59' lang='lat' dir='ltr'><strong>virosiiaeaeu</strong></span> 
     </span>
     <span class='ocr_line' id='line_1_33' title="bbox 195 3136 1379 3253; baseline 0.003 -55"><span class='ocrx_word' id='word_1_257' title='bbox 195 3158 330 3221; x_wconf 90' lang='lat' dir='ltr'><strong>quorum</strong></span> <span class='ocrx_word' id='word_1_258' title='bbox 344 3137 412 3200; x_wconf 86' lang='lat' dir='ltr'><strong>hacc</strong></span> <span class='ocrx_word' id='word_1_259' title='bbox 427 3142 504 3200; x_wconf 92' lang='lat' dir='ltr'><strong>sunt</strong></span> <span class='ocrx_word' id='word_1_260' title='bbox 523 3137 661 3215; x_wconf 75' lang='lat' dir='ltr'><strong>nomina</strong></span> <span class='ocrx_word' id='word_1_261' title='bbox 678 3137 772 3215; x_wconf 85' lang='lat' dir='ltr'><strong>Bosa,</strong></span> <span class='ocrx_word' id='word_1_262' title='bbox 789 3136 893 3214; x_wconf 85' lang='lat' dir='ltr'><strong>AEtla‚</strong></span> <span class='ocrx_word' id='word_1_263' title='bbox 910 3136 1049 3214; x_wconf 71' lang='lat' dir='ltr'><strong>hoctor,</strong></span> <span class='ocrx_word' id='word_1_264' title='bbox 1065 3136 1241 3215; x_wconf 80' lang='lat' dir='ltr'><strong>lohannes,</strong></span> <span class='ocrx_word' id='word_1_265' title='bbox 1259 3140 1379 3253; x_wconf 40' lang='lat' dir='ltr'><strong>&amp;hodi</strong></span> 
     </span>
    </p>
   </div>
   <div class='ocr_carea' id='block_1_3' title="bbox 257 3320 1228 3382">
    <p class='ocr_par' dir='ltr' id='par_1_5' title="bbox 257 3320 1228 3382">
     <span class='ocr_line' id='line_1_34' title="bbox 257 3320 1228 3382; baseline -0.003 -12"><span class='ocrx_word' id='word_1_266' title='bbox 257 3320 437 3370; x_wconf 67' lang='lat' dir='ltr'><strong>{Kalcacestir</strong></span> <span class='ocrx_word' id='word_1_267' title='bbox 447 3320 477 3369; x_wconf 90' lang='lat' dir='ltr'><strong>V.</strong></span> <span class='ocrx_word' id='word_1_268' title='bbox 587 3324 720 3370; x_wconf 71' lang='lat' dir='ltr'><strong>tmulttcm</strong></span> <span class='ocrx_word' id='word_1_269' title='bbox 731 3322 859 3370; x_wconf 78' lang='lat' dir='ltr'><strong>videretur</strong></span> <span class='ocrx_word' id='word_1_270' title='bbox 870 3336 920 3370; x_wconf 79' lang='lat' dir='ltr'><strong>erse</strong></span> <span class='ocrx_word' id='word_1_271' title='bbox 930 3322 960 3369; x_wconf 89' lang='lat' dir='ltr'><strong>V.</strong></span> <span class='ocrx_word' id='word_1_272' title='bbox 1070 3322 1086 3359; x_wconf 82' lang='lat' dir='ltr'><strong>h</strong></span> <span class='ocrx_word' id='word_1_273' title='bbox 1102 3320 1188 3382; x_wconf 67' lang='lat' dir='ltr'><strong>Ostsw</strong></span> <span class='ocrx_word' id='word_1_274' title='bbox 1199 3320 1228 3368; x_wconf 89' lang='lat' dir='ltr'><strong>V.</strong></span> 
     </span>
    </p>
   </div>
   <div class='ocr_carea' id='block_1_4' title="bbox 193 3473 1299 4570">
    <p class='ocr_par' dir='ltr' id='par_1_6' title="bbox 193 3473 1295 3679">
     <span class='ocr_line' id='line_1_35' title="bbox 193 3473 1295 3602; baseline -0.003 -14"><span class='ocrx_word' id='word_1_275' title='bbox 193 3474 712 3602; x_wconf 57' lang='lat' dir='ltr'><strong>tatttsshttattttthtt</strong></span> <span class='ocrx_word' id='word_1_276' title='bbox 723 3473 1295 3601; x_wconf 58' lang='lat' dir='ltr'><strong>t?..ituattltttlttttttttt&#39;tt</strong></span> 
     </span>
     <span class='ocr_line' id='line_1_36' title="bbox 195 3603 1011 3679; baseline -0.006 -26"><span class='ocrx_word' id='word_1_277' title='bbox 195 3604 267 3667; x_wconf 87' lang='lat' dir='ltr'><strong>hujus</strong></span> <span class='ocrx_word' id='word_1_278' title='bbox 278 3605 364 3666; x_wconf 87' lang='lat' dir='ltr'><strong>capitis</strong></span> <span class='ocrx_word' id='word_1_279' title='bbox 375 3603 473 3664; x_wconf 83' lang='lat' dir='ltr'><strong>sequela</strong></span> <span class='ocrx_word' id='word_1_280' title='bbox 484 3604 642 3651; x_wconf 85' lang='lat' dir='ltr'><strong>manifestum</strong></span> <span class='ocrx_word' id='word_1_281' title='bbox 653 3610 698 3651; x_wconf 80' lang='lat' dir='ltr'><strong>cst.</strong></span> <span class='ocrx_word' id='word_1_282' title='bbox 710 3604 736 3651; x_wconf 92' lang='lat' dir='ltr'><strong>S.</strong></span> <span class='ocrx_word' id='word_1_283' title='bbox 1004 3666 1011 3679; x_wconf 93' lang='lat'><strong>.</strong></span> 
     </span>
    </p>

    <p class='ocr_par' dir='ltr' id='par_1_7' title="bbox 196 3666 1294 3861">
     <span class='ocr_line' id='line_1_37' title="bbox 226 3666 1294 3794; baseline -0.006 -10"><span class='ocrx_word' id='word_1_284' title='bbox 226 3666 1294 3794; x_wconf 59' lang='lat' dir='ltr'><strong>a:acuataccumularetutua...1...</strong></span> 
     </span>
     <span class='ocr_line' id='line_1_38' title="bbox 196 3797 570 3861; baseline -0.011 -13"><span class='ocrx_word' id='word_1_285' title='bbox 196 3800 250 3848; x_wconf 89' lang='lat' dir='ltr'><strong>MS.</strong></span> <span class='ocrx_word' id='word_1_286' title='bbox 263 3799 366 3861; x_wconf 79' lang='lat' dir='ltr'><strong>lnglcby</strong></span> <span class='ocrx_word' id='word_1_287' title='bbox 377 3797 532 3845; x_wconf 80' lang='lat' dir='ltr'><strong>Abberiorth.</strong></span> <span class='ocrx_word' id='word_1_288' title='bbox 545 3798 570 3844; x_wconf 86' lang='lat' dir='ltr'><strong>S.</strong></span> 
     </span>
    </p>

    <p class='ocr_par' dir='ltr' id='par_1_8' title="bbox 196 3854 1296 4004">
     <span class='ocr_line' id='line_1_39' title="bbox 231 3854 1296 3926; baseline -0.007 -15"><span class='ocrx_word' id='word_1_289' title='bbox 231 3878 269 3911; x_wconf 86' lang='lat'><strong>11.</strong></span> <span class='ocrx_word' id='word_1_290' title='bbox 280 3865 375 3925; x_wconf 79' lang='lat' dir='ltr'><strong>aliquot</strong></span> <span class='ocrx_word' id='word_1_291' title='bbox 384 3865 473 3926; x_wconf 78' lang='lat' dir='ltr'><strong>aanor]</strong></span> <span class='ocrx_word' id='word_1_292' title='bbox 494 3863 621 3922; x_wconf 78' lang='lat' dir='ltr'><strong>Inceptum</strong></span> <span class='ocrx_word' id='word_1_293' title='bbox 638 3860 686 3909; x_wconf 87' lang='lat' dir='ltr'><strong>fuit</strong></span> <span class='ocrx_word' id='word_1_294' title='bbox 704 3859 877 3907; x_wconf 84' lang='lat' dir='ltr'><strong>monasterium</strong></span> <span class='ocrx_word' id='word_1_295' title='bbox 895 3858 1088 3908; x_wconf 70' lang='lat' dir='ltr'><strong>streaneshalch</strong></span> <span class='ocrx_word' id='word_1_296' title='bbox 1101 3857 1135 3905; x_wconf 91' lang='lat' dir='ltr'><strong>A.</strong></span> <span class='ocrx_word' id='word_1_297' title='bbox 1142 3857 1174 3906; x_wconf 85' lang='grc' dir='ltr'><strong>Ι).</strong></span> <span class='ocrx_word' id='word_1_298' title='bbox 1187 3854 1244 3920; x_wconf 80' lang='lat'><strong>658.</strong></span> <span class='ocrx_word' id='word_1_299' title='bbox 1256 3857 1296 3905; x_wconf 88' lang='lat' dir='ltr'><strong>vel</strong></span> 
     </span>
     <span class='ocr_line' id='line_1_40' title="bbox 196 3920 1295 4004; baseline -0.005 -28"><span class='ocrx_word' id='word_1_300' title='bbox 196 3927 253 3991; x_wconf 80' lang='lat'><strong>657,</strong></span> <span class='ocrx_word' id='word_1_301' title='bbox 264 3926 365 4004; x_wconf 65' lang='lat' dir='ltr'><strong>biennio</strong></span> <span class='ocrx_word' id='word_1_302' title='bbox 377 3933 432 3988; x_wconf 90' lang='lat' dir='ltr'><strong>post</strong></span> <span class='ocrx_word' id='word_1_303' title='bbox 446 3941 553 3989; x_wconf 75' lang='lat' dir='ltr'><strong>pugnam</strong></span> <span class='ocrx_word' id='word_1_304' title='bbox 565 3926 592 3973; x_wconf 92' lang='lat' dir='ltr'><strong>in</strong></span> <span class='ocrx_word' id='word_1_305' title='bbox 603 3940 691 3987; x_wconf 84' lang='lat' dir='ltr'><strong>campo</strong></span> <span class='ocrx_word' id='word_1_306' title='bbox 703 3924 822 3984; x_wconf 84' lang='lat' dir='ltr'><strong>Vinvaed‚</strong></span> <span class='ocrx_word' id='word_1_307' title='bbox 832 3938 887 3985; x_wconf 77' lang='lat' dir='ltr'><strong>quoe</strong></span> <span class='ocrx_word' id='word_1_308' title='bbox 898 3923 945 3971; x_wconf 87' lang='lat' dir='ltr'><strong>fuit</strong></span> <span class='ocrx_word' id='word_1_309' title='bbox 956 3924 1001 3972; x_wconf 90' lang='lat' dir='ltr'><strong>sub</strong></span> <span class='ocrx_word' id='word_1_310' title='bbox 1012 3922 1062 3971; x_wconf 87' lang='lat' dir='ltr'><strong>fine</strong></span> <span class='ocrx_word' id='word_1_311' title='bbox 1073 3922 1145 3971; x_wconf 91' lang='lat' dir='ltr'><strong>A.D.</strong></span> <span class='ocrx_word' id='word_1_312' title='bbox 1155 3920 1210 3985; x_wconf 84' lang='lat'><strong>655.</strong></span> <span class='ocrx_word' id='word_1_313' title='bbox 1238 3921 1295 3971; x_wconf 90' lang='lat' dir='ltr'><strong>Vid.</strong></span> 
     </span>
    </p>

    <p class='ocr_par' dir='ltr' id='par_1_9' title="bbox 196 4005 1130 4117">
     <span class='ocr_line' id='line_1_41' title="bbox 243 4005 376 4039; baseline -0.03 0"><span class='ocrx_word' id='word_1_314' title='bbox 243 4008 254 4039; x_wconf 90' lang='lat' dir='ltr'><strong>r</strong></span> <span class='ocrx_word' id='word_1_315' title='bbox 287 4007 322 4039; x_wconf 83' lang='grc' dir='ltr'><strong>ιιι.</strong></span> <span class='ocrx_word' id='word_1_316' title='bbox 336 4005 349 4038; x_wconf 75' lang='lat' dir='ltr'><strong>a</strong></span> <span class='ocrx_word' id='word_1_317' title='bbox 369 4023 376 4035; x_wconf 89' lang='lat'><strong>.</strong></span> 
     </span>
     <span class='ocr_line' id='line_1_42' title="bbox 196 4008 1130 4117; baseline -0.004 -12"><span class='ocrx_word' id='word_1_318' title='bbox 196 4008 277 4115; x_wconf 53' lang='lat' dir='ltr'><strong>supp,</strong></span> <span class='ocrx_word' id='word_1_319' title='bbox 282 4008 486 4117; x_wconf 68' lang='lat' dir='ltr'><strong>Streaitesbclcl]</strong></span> <span class='ocrx_word' id='word_1_320' title='bbox 501 4054 663 4102; x_wconf 82' lang='lat' dir='ltr'><strong>Occasionem</strong></span> <span class='ocrx_word' id='word_1_321' title='bbox 674 4052 746 4114; x_wconf 84' lang='lat' dir='ltr'><strong>hujus</strong></span> <span class='ocrx_word' id='word_1_322' title='bbox 757 4051 926 4101; x_wconf 83' lang='lat' dir='ltr'><strong>translationis</strong></span> <span class='ocrx_word' id='word_1_323' title='bbox 937 4051 993 4099; x_wconf 89' lang='lat' dir='ltr'><strong>vide</strong></span> <span class='ocrx_word' id='word_1_324' title='bbox 1004 4050 1040 4099; x_wconf 85' lang='lat' dir='ltr'><strong>iii.</strong></span> <span class='ocrx_word' id='word_1_325' title='bbox 1052 4065 1091 4113; x_wconf 76' lang='lat'><strong>24.</strong></span> <span class='ocrx_word' id='word_1_326' title='bbox 1105 4053 1130 4101; x_wconf 90' lang='lat' dir='ltr'><strong>S.</strong></span> 
     </span>
    </p>

    <p class='ocr_par' dir='ltr' id='par_1_10' title="bbox 230 4119 679 4182">
     <span class='ocr_line' id='line_1_43' title="bbox 230 4119 679 4182; baseline -0.013 -13"><span class='ocrx_word' id='word_1_327' title='bbox 230 4120 270 4169; x_wconf 79' lang='lat'><strong>26.</strong></span> <span class='ocrx_word' id='word_1_328' title='bbox 283 4120 362 4182; x_wconf 81' lang='lat' dir='ltr'><strong>Bosa]</strong></span> <span class='ocrx_word' id='word_1_329' title='bbox 377 4120 417 4168; x_wconf 87' lang='lat' dir='ltr'><strong>De</strong></span> <span class='ocrx_word' id='word_1_330' title='bbox 427 4120 471 4167; x_wconf 91' lang='lat' dir='ltr'><strong>illo</strong></span> <span class='ocrx_word' id='word_1_331' title='bbox 481 4119 530 4167; x_wconf 79' lang='lat' dir='ltr'><strong>vid.</strong></span> <span class='ocrx_word' id='word_1_332' title='bbox 543 4134 626 4181; x_wconf 84' lang='lat' dir='ltr'><strong>supra,</strong></span> <span class='ocrx_word' id='word_1_333' title='bbox 641 4132 679 4165; x_wconf 75' lang='grc' dir='ltr'><strong>η.</strong></span> 
     </span>
    </p>

    <p class='ocr_par' dir='ltr' id='par_1_11' title="bbox 197 4179 1299 4570">
     <span class='ocr_line' id='line_1_44' title="bbox 230 4179 1295 4248; baseline -0.005 -14"><span class='ocrx_word' id='word_1_334' title='bbox 230 4197 270 4248; x_wconf 81' lang='lat'><strong>27.</strong></span> <span class='ocrx_word' id='word_1_335' title='bbox 285 4184 383 4246; x_wconf 85' lang='lat' dir='ltr'><strong>Ostscr]</strong></span> <span class='ocrx_word' id='word_1_336' title='bbox 399 4185 427 4232; x_wconf 91' lang='lat' dir='ltr'><strong>ln</strong></span> <span class='ocrx_word' id='word_1_337' title='bbox 441 4184 579 4233; x_wconf 82' lang='lat' dir='ltr'><strong>Monastico</strong></span> <span class='ocrx_word' id='word_1_338' title='bbox 591 4184 607 4231; x_wconf 84' lang='lat' dir='ltr'><strong>i.</strong></span> <span class='ocrx_word' id='word_1_339' title='bbox 621 4199 643 4245; x_wconf 90' lang='lat' dir='ltr'><strong>p.</strong></span> <span class='ocrx_word' id='word_1_340' title='bbox 656 4195 708 4230; x_wconf 70' lang='grc' dir='ltr'><strong>παι.</strong></span> <span class='ocrx_word' id='word_1_341' title='bbox 720 4197 752 4229; x_wconf 87' lang='lat' dir='ltr'><strong>ex</strong></span> <span class='ocrx_word' id='word_1_342' title='bbox 763 4181 878 4243; x_wconf 75' lang='lat' dir='ltr'><strong>Registro</strong></span> <span class='ocrx_word' id='word_1_343' title='bbox 890 4179 1008 4242; x_wconf 80' lang='lat' dir='ltr'><strong>Vuigom.</strong></span> <span class='ocrx_word' id='word_1_344' title='bbox 1021 4180 1047 4227; x_wconf 91' lang='lat' dir='ltr'><strong>in</strong></span> <span class='ocrx_word' id='word_1_345' title='bbox 1063 4180 1127 4229; x_wconf 80' lang='lat' dir='ltr'><strong>Hibl.</strong></span> <span class='ocrx_word' id='word_1_346' title='bbox 1141 4180 1240 4228; x_wconf 84' lang='lat' dir='ltr'><strong>Cotton.</strong></span> <span class='ocrx_word' id='word_1_347' title='bbox 1251 4179 1295 4229; x_wconf 90' lang='grc' dir='ltr'><strong>Τί-</strong></span> 
     </span>
     <span class='ocr_line' id='line_1_45' title="bbox 197 4244 1297 4306; baseline -0.005 -8"><span class='ocrx_word' id='word_1_348' title='bbox 197 4250 281 4298; x_wconf 78' lang='lat' dir='ltr'><strong>berius</strong></span> <span class='ocrx_word' id='word_1_349' title='bbox 298 4252 381 4306; x_wconf 80' lang='lat' dir='ltr'><strong>A.13.</strong></span> <span class='ocrx_word' id='word_1_350' title='bbox 400 4249 443 4295; x_wconf 82' lang='lat' dir='ltr'><strong>fol.</strong></span> <span class='ocrx_word' id='word_1_351' title='bbox 460 4264 497 4297; x_wconf 87' lang='lat'><strong>10.</strong></span> <span class='ocrx_word' id='word_1_352' title='bbox 516 4264 540 4306; x_wconf 82' lang='lat' dir='ltr'><strong>a,</strong></span> <span class='ocrx_word' id='word_1_353' title='bbox 558 4248 624 4295; x_wconf 87' lang='lat' dir='ltr'><strong>edita</strong></span> <span class='ocrx_word' id='word_1_354' title='bbox 643 4254 682 4295; x_wconf 84' lang='lat' dir='ltr'><strong>cst</strong></span> <span class='ocrx_word' id='word_1_355' title='bbox 699 4246 784 4294; x_wconf 83' lang='lat' dir='ltr'><strong>charta</strong></span> <span class='ocrx_word' id='word_1_356' title='bbox 802 4246 945 4293; x_wconf 84' lang='lat' dir='ltr'><strong>venerandae</strong></span> <span class='ocrx_word' id='word_1_357' title='bbox 962 4244 1117 4306; x_wconf 85' lang='lat' dir='ltr'><strong>antiquitatis</strong></span> <span class='ocrx_word' id='word_1_358' title='bbox 1133 4259 1248 4293; x_wconf 84' lang='lat' dir='ltr'><strong>concessa</strong></span> <span class='ocrx_word' id='word_1_359' title='bbox 1265 4245 1297 4293; x_wconf 84' lang='lat' dir='ltr'><strong>ab</strong></span> 
     </span>
     <span class='ocr_line' id='line_1_46' title="bbox 198 4309 1298 4377; baseline -0.005 -13"><span class='ocrx_word' id='word_1_360' title='bbox 198 4315 308 4377; x_wconf 73' lang='lat' dir='ltr'><strong>Ecguiue</strong></span> <span class='ocrx_word' id='word_1_361' title='bbox 318 4312 409 4361; x_wconf 83' lang='lat' dir='ltr'><strong>Oltfori</strong></span> <span class='ocrx_word' id='word_1_362' title='bbox 420 4328 569 4372; x_wconf 85' lang='lat' dir='ltr'><strong>successore,</strong></span> <span class='ocrx_word' id='word_1_363' title='bbox 580 4312 605 4359; x_wconf 89' lang='lat' dir='ltr'><strong>in</strong></span> <span class='ocrx_word' id='word_1_364' title='bbox 616 4327 665 4373; x_wconf 85' lang='lat' dir='ltr'><strong>qua</strong></span> <span class='ocrx_word' id='word_1_365' title='bbox 676 4317 781 4359; x_wconf 85' lang='lat' dir='ltr'><strong>testatur</strong></span> <span class='ocrx_word' id='word_1_366' title='bbox 796 4326 826 4359; x_wconf 87' lang='lat' dir='ltr'><strong>ex</strong></span> <span class='ocrx_word' id='word_1_367' title='bbox 843 4310 920 4359; x_wconf 88' lang='lat' dir='ltr'><strong>altera</strong></span> <span class='ocrx_word' id='word_1_368' title='bbox 935 4309 988 4370; x_wconf 83' lang='lat' dir='ltr'><strong>ejus</strong></span> <span class='ocrx_word' id='word_1_369' title='bbox 1004 4316 1072 4370; x_wconf 84' lang='lat' dir='ltr'><strong>parte</strong></span> <span class='ocrx_word' id='word_1_370' title='bbox 1087 4324 1169 4371; x_wconf 78' lang='lat' dir='ltr'><strong>regem</strong></span> <span class='ocrx_word' id='word_1_371' title='bbox 1182 4310 1298 4359; x_wconf 83' lang='lat' dir='ltr'><strong>AEthilrc·</strong></span> 
     </span>
     <span class='ocr_line' id='line_1_47' title="bbox 198 4374 1297 4437; baseline -0.005 -10"><span class='ocrx_word' id='word_1_372' title='bbox 198 4380 257 4427; x_wconf 90' lang='lat' dir='ltr'><strong>dum</strong></span> <span class='ocrx_word' id='word_1_373' title='bbox 268 4380 373 4426; x_wconf 86' lang='lat' dir='ltr'><strong>donasse</strong></span> <span class='ocrx_word' id='word_1_374' title='bbox 384 4378 484 4427; x_wconf 82' lang='lat' dir='ltr'><strong>Oftforo</strong></span> <span class='ocrx_word' id='word_1_375' title='bbox 500 4377 675 4426; x_wconf 85' lang='lat' dir='ltr'><strong>monasterium</strong></span> <span class='ocrx_word' id='word_1_376' title='bbox 687 4375 848 4437; x_wconf 77' lang='lat' dir='ltr'><strong>Fledanburg.</strong></span> <span class='ocrx_word' id='word_1_377' title='bbox 883 4376 921 4423; x_wconf 83' lang='lat' dir='ltr'><strong>lta</strong></span> <span class='ocrx_word' id='word_1_378' title='bbox 935 4375 1019 4422; x_wconf 86' lang='lat' dir='ltr'><strong>charta</strong></span> <span class='ocrx_word' id='word_1_379' title='bbox 1033 4380 1128 4423; x_wconf 83' lang='lat' dir='ltr'><strong>tantum</strong></span> <span class='ocrx_word' id='word_1_380' title='bbox 1147 4374 1297 4436; x_wconf 81' lang='lat' dir='ltr'><strong>secundaria,</strong></span> 
     </span>
     <span class='ocr_line' id='line_1_48' title="bbox 198 4438 1297 4505; baseline -0.004 -14"><span class='ocrx_word' id='word_1_381' title='bbox 198 4444 271 4505; x_wconf 87' lang='lat' dir='ltr'><strong>idque</strong></span> <span class='ocrx_word' id='word_1_382' title='bbox 286 4458 317 4492; x_wconf 83' lang='lat' dir='ltr'><strong>ex</strong></span> <span class='ocrx_word' id='word_1_383' title='bbox 333 4443 473 4504; x_wconf 82' lang='lat' dir='ltr'><strong>apographo</strong></span> <span class='ocrx_word' id='word_1_384' title='bbox 483 4450 528 4503; x_wconf 82' lang='lat' dir='ltr'><strong>est,</strong></span> <span class='ocrx_word' id='word_1_385' title='bbox 540 4442 605 4490; x_wconf 81' lang='lat' dir='ltr'><strong>edita</strong></span> <span class='ocrx_word' id='word_1_386' title='bbox 621 4441 686 4504; x_wconf 73' lang='lat' dir='ltr'><strong>regis</strong></span> <span class='ocrx_word' id='word_1_387' title='bbox 698 4454 755 4488; x_wconf 85' lang='lat' dir='ltr'><strong>vero</strong></span> <span class='ocrx_word' id='word_1_388' title='bbox 766 4440 844 4501; x_wconf 88' lang='lat' dir='ltr'><strong>ipsius</strong></span> <span class='ocrx_word' id='word_1_389' title='bbox 861 4440 975 4501; x_wconf 86' lang='lat' dir='ltr'><strong>primaria</strong></span> <span class='ocrx_word' id='word_1_390' title='bbox 986 4454 1039 4500; x_wconf 75' lang='lat' dir='ltr'><strong>quos</strong></span> <span class='ocrx_word' id='word_1_391' title='bbox 1053 4438 1080 4487; x_wconf 90' lang='lat' dir='ltr'><strong>in</strong></span> <span class='ocrx_word' id='word_1_392' title='bbox 1097 4438 1214 4487; x_wconf 80' lang='lat' dir='ltr'><strong>anteriori</strong></span> <span class='ocrx_word' id='word_1_393' title='bbox 1230 4446 1297 4501; x_wconf 79' lang='lat' dir='ltr'><strong>parte</strong></span> 
     </span>
     <span class='ocr_line' id='line_1_49' title="bbox 199 4504 1299 4570; baseline -0.005 -13"><span class='ocrx_word' id='word_1_394' title='bbox 199 4510 305 4570; x_wconf 85' lang='lat' dir='ltr'><strong>ponitur,</strong></span> <span class='ocrx_word' id='word_1_395' title='bbox 316 4506 357 4555; x_wconf 86' lang='lat' dir='ltr'><strong>vel</strong></span> <span class='ocrx_word' id='word_1_396' title='bbox 373 4508 400 4555; x_wconf 90' lang='lat' dir='ltr'><strong>in</strong></span> <span class='ocrx_word' id='word_1_397' title='bbox 416 4506 521 4570; x_wconf 72' lang='lat' dir='ltr'><strong>registro</strong></span> <span class='ocrx_word' id='word_1_398' title='bbox 536 4520 586 4555; x_wconf 87' lang='lat' dir='ltr'><strong>non</strong></span> <span class='ocrx_word' id='word_1_399' title='bbox 601 4504 709 4567; x_wconf 84' lang='lat' dir='ltr'><strong>fuit,ch</strong></span> <span class='ocrx_word' id='word_1_400' title='bbox 724 4505 755 4553; x_wconf 82' lang='lat' dir='ltr'><strong>ab</strong></span> <span class='ocrx_word' id='word_1_401' title='bbox 770 4504 961 4568; x_wconf 79' lang='lat' dir='ltr'><strong>exscriptoribus</strong></span> <span class='ocrx_word' id='word_1_402' title='bbox 976 4504 1067 4554; x_wconf 86' lang='lat' dir='ltr'><strong>omissa</strong></span> <span class='ocrx_word' id='word_1_403' title='bbox 1083 4512 1128 4554; x_wconf 85' lang='lat' dir='ltr'><strong>est.</strong></span> <span class='ocrx_word' id='word_1_404' title='bbox 1163 4504 1299 4566; x_wconf 86' lang='lat' dir='ltr'><strong>Utramque</strong></span> 
     </span>
    </p>
   </div>
   <div class='ocr_carea' id='block_1_5' title="bbox 0 0 1563 5125">
    <p class='ocr_par' dir='ltr' id='par_1_12' title="bbox 0 0 1563 5125">
     <span class='ocr_line' id='line_1_50' title="bbox 0 0 1563 5125; baseline 0 0"><span class='ocrx_word' id='word_1_405' title='bbox 0 0 1563 5125; x_wconf 95' lang='lat' dir='ltr'><strong> </strong></span> 
     </span>
    </p>
   </div>
  </div>
 </body>
</html>
