3100 5125
489 373 653 439 euntis
677 371 947 440 ANGLORUM.
1202 373 1265 437 123
1309 383 1312 388 ’

79 533 149 599 107
167 527 200 584 et
216 519 295 584 duos
309 545 349 586 ex
365 546 428 608 quo
442 525 510 609 ipse
528 525 723 592 Brittaniam
741 526 973 613 praedieaturus
995 525 1084 590 adiit.
1130 523 1266 589 Fecerat

165 613 283 685 autem,
299 609 483 694 priusquam
503 611 697 677 Brittaniam
712 613 842 689 veniret,
858 611 1087 676 monasterium
1106 611 1210 674 nobile
1232 611 1265 672 in

167 689 333 771 Hibernia,
351 697 436 778 quod
451 720 470 761 a
485 697 576 782 copia
591 700 741 762 roborum
756 697 937 762 Dearmacb
951 697 1058 783 lingua
1071 697 1263 773 Scottorum,

166 777 227 840 hoe
251 786 309 856 est,
332 781 470 868 Campus
492 783 651 860 roborum,
671 784 922 870 cognominatur.
969 783 1020 846 Ex
1043 804 1105 866 quo
1130 788 1266 866 utroque

166 866 360 930 monasterio
375 867 534 952 hplurima
549 868 662 933 exinde
677 868 870 933 monasteria
887 889 945 954 per
959 867 1127 953 discipulos
1144 867 1212 951 ejus
1232 874 1265 931 et

141 947 199 1020 sin
215 946 376 1016 Brittania
395 960 430 1017 et
451 953 484 1016 in
499 954 656 1019 Hibernia
674 960 852 1040 propagata
873 961 967 1018 sunt:
991 954 1024 1016 in
1039 954 1153 1038 quibus
1167 954 1266 1015 omni-

165 1035 225 1097 bus
255 1035 339 1100 idem
367 1040 594 1103 monasterium
626 1041 813 1118 insulanum,
843 1039 877 1102 in
906 1061 970 1123 quo
998 1039 1065 1124 ipse
1097 1039 1265 1123 requiescit

164 1142 305 1206 corpore,
321 1124 533 1209 principatum
553 1125 700 1189 ¹teneret.

209 1205 339 1271 Habere
359 1217 468 1274 autern
490 1212 570 1275 solet
591 1211 661 1296 ipsa
682 1211 785 1274 insula
805 1216 961 1274 rectorem
976 1231 1100 1294 semper
1113 1211 1264 1274 abbatem
1275 1221 1382 1285 tiyensts

163 1293 393 1378 presbyterum,
424 1297 512 1396 cujus
538 1297 602 1380 juri
632 1304 666 1360 et
695 1297 797 1360 omnis
825 1295 994 1381 provincia,
1019 1304 1053 1360 et
1082 1296 1141 1380 ipsi
1166 1288 1410 1366 etiamtbbdurls·

165 1377 311 1525 episcopi,
331 1379 441 1444 ordine
460 1381 621 1459 inusitate,
638 1383 776 1446 debeant
798 1404 866 1445 esse
888 1382 1030 1465 subjecti,
1048 1382 1143 1465 juxta
1160 1355 1355 1444 exem-‘¹¹³9'

165 1486 253 1548 pum
274 1464 367 1549 primi
388 1467 526 1530 doctoris
547 1468 638 1545 illius,
662 1468 716 1552 qui
738 1491 803 1531 non
824 1468 997 1552 episcopus,
1019 1468 1076 1530 sed
1097 1468 1265 1551 presbyter

124 1549 277 1614 :oexeitit
291 1558 324 1614 et
338 1553 528 1616 monachus:
554 1554 594 1618 de
609 1554 697 1637 cujus
713 1553 778 1616 vita
799 1559 832 1617 et
851 1553 955 1616 verbis
975 1553 1125 1616 nonnulla
1138 1576 1159 1616 a
1174 1553 1263 1616 disci-

165 1633 248 1718 pulis
277 1637 344 1720 ejus
373 1639 519 1702 feruntur
548 1639 666 1723 scripta
697 1639 818 1702 haberi.
878 1638 1000 1701 Verum
1029 1639 1264 1722 qualiscumque

165 1721 262 1785 fuerit
277 1721 353 1805 ipse,
369 1745 427 1786 nos
445 1722 505 1787 boc
520 1724 560 1788 de
577 1725 630 1788 illo
651 1731 773 1788 certum
789 1730 943 1801 tenemus,
959 1723 1033 1808 quia
1047 1723 1175 1808 reliquit
1197 1745 1264 1786 suc-

164 1827 305 1870 cessores
323 1829 438 1893 magna
458 1809 654 1874 continentia
668 1833 705 1874 ac
721 1810 826 1873 divino
841 1831 949 1874 amore
964 1810 1162 1894 regularique
1177 1809 1265 1873 insti-

164 1892 291 1956 tutione
306 1893 458 1979 insignes:
475 1895 508 1958 in
518 1902 662 1980 tempore
673 1897 800 1980 quidem
815 1917 943 1958 summae
955 1895 1138 1960 festivitatis
1153 1894 1265 1958 dubios

165 1977 299 2040 circulos
324 1987 502 2063 sequentes,
525 1988 637 2066 utpote
660 1982 773 2065 quibus
797 1981 889 2065 longe
912 1981 998 2044 ultra
1023 1982 1131 2044 orbem
1153 1980 1266 2064 positis

124 2083 260 2134 ranemo
286 2065 448 2148 synodalia
477 2067 633 2150 paschalis
662 2066 871 2130 observantiae
898 2066 1028 2129 decreta
1056 2072 1263 2150 porrexerat;

165 2154 295 2212 tantum
310 2171 433 2234 eaquae
448 2151 482 2213 in
495 2151 697 2236 propheticis,
713 2149 900 2236 evangelicis
916 2158 949 2215 et
969 2151 1151 2250 apostolicis
1165 2150 1265 2213 literis

166 2233 287 2297 discere
306 2243 457 2319 poterant
473 2237 603 2322 pietatis
620 2245 654 2301 et
675 2236 836 2302 castitatis
858 2257 954 2321 opera
974 2236 1142 2322 diligenter
1161 2238 1265 2299 obser-

166 2329 288 2383 vantes.
343 2321 526 2387 Permansit
551 2330 659 2387 autem
684 2323 864 2408 hujusmodi
886 2323 1087 2386 observantia
1109 2321 1267 2406 paschalis

164 2405 253 2504 apud
267 2428 321 2469 eos
336 2413 478 2492 tempore
494 2431 556 2472 non
576 2431 687 2508 pauco,
703 2411 763 2473 hoc
778 2415 837 2486 est,
853 2409 1009 2492 usquead
1025 2429 1144 2472 annum
1158 2407 1266 2469 Domi·
1277 2417 1424 2481 [A.D.715.]

165 2511 245 2554 mcae
265 2491 489 2557 incarnationis
512 2495 825 2581 septingentesimum
843 2494 997 2557 decimum
1017 2493 1193 2579 l‘quintum
1208 2513 1267 2577 per

165 2599 267 2643 annos
282 2587 410 2643 centum
426 2580 663 2667 quinquaginta.

265 2706 446 2769 hperptmma
455 2711 485 2756 V.
667 2710 674 2748 i
688 2715 754 2755 tenet
767 2710 828 2757 V.G.
1003 2708 1126 2755 kseetum
1139 2708 1168 2753 V.

202 2822 225 2859 a.
236 2812 391 2874 Dennnart]
411 2814 570 2863 Adnmnanus
585 2814 610 2861 in
621 2814 672 2861 vita
683 2828 702 2861 s.
716 2814 852 2868 cobumbe,
867 2813 909 2859 tib.
924 2812 940 2858 i.
953 2826 1004 2873 cap.
1015 2825 1041 2872 3,
1051 2813 1110 2859 dicit
1122 2812 1267 2860 columbum

166 2873 194 2920 in
213 2876 390 2925 mediterranea
407 2878 531 2926 Hibernia
553 2886 620 2939 parte
637 2879 809 2925 monasterium
827 2878 891 2938 quod
908 2878 1013 2925 scottice
1029 2878 1119 2924 dicitur
1135 2878 1268 2924 Duirmaeh

166 2938 289 2987 fundasse.
325 2941 391 2989 Illud
401 2942 465 2989 idem
477 2954 514 2991 est
525 2959 580 2990 cum
593 2943 774 3003 Augustiniuno
788 2956 817 2989 eo
829 2941 941 2990 coenobio
952 2943 1015 3002 quod
1026 2942 1097 2988 hodie
1109 2942 1233 3003 Durrogb‚
1244 2948 1268 2990 et

166 3002 295 3051 Durmucb
306 3006 409 3054 dicimus
423 3007 449 3053 in
467 3010 584 3055 comitatu
597 3008 671 3068 regis,
682 3014 707 3054 et
724 3008 788 3053 male
804 3006 971 3067 aquibusdam
985 3021 1039 3054 cum
1055 3006 1169 3053 coenobio
1181 3008 1268 3053 Arma-

167 3068 247 3115 cbsno
259 3070 423 3119 confunditur.
444 3073 469 3119 S.
505 3072 559 3119 Vid.
573 3072 654 3119 Usser.
667 3088 690 3133 p.
704 3071 761 3130 361.
795 3072 869 3118 Porro
884 3078 965 3117 cutem
984 3073 1014 3117 eb
1031 3072 1147 3119 hocloco
1163 3071 1269 3119 Durrow

166 3132 355 3194 distinguendus
366 3142 402 3183 est
414 3136 477 3183 alius
487 3152 583 3198 quoque
594 3137 661 3183 locus
674 3136 714 3183 ubi
727 3136 848 3183 Columba
865 3136 1040 3183 monasterium
1052 3135 1167 3192 instituit,
1181 3148 1268 3195 nempe

167 3196 246 3245 Deire
266 3198 393 3261 salgami,
410 3201 482 3248 bodie
505 3201 592 3264 Derry.
624 3201 695 3248 Conf.
716 3200 799 3247 Usser.
819 3200 877 3248 ibid.
913 3200 1002 3247 Annal.
1021 3200 1105 3248 Ulton.
1124 3201 1266 3258 O‘Connor,

167 3262 199 3309 A.
208 3262 241 3308 D.
253 3276 310 3322 545.
323 3264 369 3311 &a

201 3326 226 3373 8.
238 3328 286 3387 ipsi
296 3330 371 3374 etiam
386 3330 498 3389 episcopi]
513 3330 561 3377 Sed
574 3344 622 3377 non
634 3330 713 3390 quoad
727 3329 897 3379 auctoritatem
913 3328 1071 3389 spiritualem.
1099 3328 1162 3376 Vide
1172 3328 1267 3375 Adum-

169 3391 316 3437 nenivitam
329 3407 347 3438 s.
361 3393 511 3441 Columbini.
527 3393 564 3441 zo.
597 3394 652 3441 Alio
669 3398 695 3441 in
713 3402 819 3455 tempore
835 3394 936 3455 quidam
953 3395 983 3441 de
1000 3393 1193 3440 Nuntinmeium
1206 3408 1266 3455 pro·

167 3456 252 3502 vincia
266 3459 406 3517 proselytus
421 3459 579 3505 adsumtum
591 3460 668 3515 veuit,
681 3461 723 3521 qui
733 3474 759 3504 se
769 3461 796 3505 in
809 3464 930 3519 quantum
943 3459 1025 3519 potuit
1040 3459 1167 3504 humiliter
1181 3458 1267 3518 gessit,

167 3520 234 3581 quod
241 3522 326 3566 nultus
333 3523 408 3568 sciret
416 3524 481 3583 quod
488 3524 612 3585 epitomas
621 3530 695 3573 cecca-
708 3524 751 3568 sed
761 3529 845 3569 tamen
856 3524 902 3569 hoc
911 3527 1026 3568 sunctum
1034 3537 1084 3569 non
1091 3524 1174 3583 potuit
1181 3526 1266 3569 latere.

168 3584 241 3631 Num
259 3586 311 3631 aliu
330 3587 370 3632 die
388 3588 530 3644 Dominicis,
551 3602 568 3634 α
587 3594 672 3634 sanctu
688 3587 773 3646 jussus
794 3588 886 3635 Christi
903 3600 992 3643 corpus
1009 3601 1041 3633 etc
1056 3600 1122 3632 more
1138 3588 1267 3649 conficere,

166 3655 284 3695 sanctum
295 3650 407 3710 advocat
419 3658 448 3697 ut
458 3653 533 3698 einim
543 3654 615 3713 questi
625 3653 672 3698 duo
682 3652 820 3712 presbyteri
830 3652 990 3697 Dominicum
1000 3665 1094 3711 panem
1101 3650 1266 3711 frangerent.

168 3711 282 3759 Sanctus
296 3716 402 3773 proinde
417 3716 456 3761 ud
470 3717 591 3762 altarium
607 3718 735 3771 accedens,
749 3721 849 3776 repente
864 3717 971 3762 intuitus
980 3713 1077 3776 scriem
1087 3715 1148 3774 ejus,
1161 3717 1197 3761 sic
1210 3730 1266 3761 eum

168 3779 313 3837 compellati
333 3778 464 3826 Benedicat
482 3787 506 3826 te
526 3780 646 3839 Christus,
664 3780 746 3839 frater,
764 3780 828 3826 hunc
845 3779 912 3827 solus
928 3780 1054 3840 episcopus
1070 3779 1200 3839 episcopali
1218 3778 1267 3824 ritu

169 3840 257 3900 frange
269 3856 366 3901 punem.
379 3857 443 3890 nuuc
455 3843 546 3889 scimus
556 3845 621 3903 quod
637 3845 671 3891 sis
688 3845 823 3905 episcopus.
856 3844 939 3905 Quare
954 3844 1001 3889 huc
1016 3857 1092 3902 usque
1106 3850 1131 3889 tc
1145 3842 1268 3889 occultare

168 3914 274 3951 conatus
285 3920 321 3961 es,
334 3912 361 3952 ut
372 3906 416 3953 tibi
427 3922 442 3953 a
455 3907 524 3953 nobis
534 3908 617 3955 debite
629 3923 676 3955 uon
690 3909 830 3955 redderetur
840 3907 983 3955 veneratio?
1015 3907 1073 3969 ,Quo
1087 3908 1172 3953 audito
1186 3908 1269 3953 cuncti

168 3970 241 4015 verbo
252 3972 508 4031 humiltsperegrt'nus
516 3974 587 4019 valde
597 3971 752 4034 stupefactus
764 3975 889 4019 Christum
900 3974 928 4018 in
942 3978 1028 4019 saneto
1043 3978 1174 4018 emmau
1187 3978 1232 4028 est,
1244 3976 1269 4017 et

169 4036 214 4096 qui
225 4040 300 4081 eram
307 4041 441 4093 presentes
452 4038 526 4083 nimis
534 4037 655 4083 admirati
662 4036 869 4097 glenficaverunt
880 4036 972 4083 Deum.
991 4035 1071 4096 Apud.
1080 4035 1162 4083 Canis.
1175 4043 1233 4082 tom.
1244 4050 1268 4081 v.

170 4112 227 4159 pars
240 4113 263 4145 π.
276 4113 298 4158 p.
309 4110 364 4163 579
379 4101 402 4145 S.
422 4100 504 4147 Canis.
516 4100 587 4148 Thes.
599 4102 637 4148 ed.
650 4101 769 4161 Basnuge,
780 4117 803 4147 v.
816 4115 838 4148 1.
849 4097 935 4162 p.687.
963 4099 1268 4163 Lloyd,quibunclocum

169 4163 312 4211 adamnani
324 4162 409 4210 citavit
420 4161 564 4226 (Governm.
574 4164 603 4211 οἰ
616 4165 656 4213 the
669 4165 774 4221 Churcb,
786 4179 808 4211 v.
820 4178 840 4211 1.
853 4180 877 4226 p.
889 4164 967 4225 101.),
978 4164 1152 4211 monasterium
1167 4163 1269 4211 Hiiense

169 4240 221 4273 non
233 4226 316 4287 inepte
331 4235 456 4289 comparat
472 4228 685 4288 Universitatibus‚
696 4229 780 4289 quales
797 4244 831 4276 ea
848 4243 914 4276 nunc
931 4235 997 4284 sunt,
1008 4229 1034 4274 in
1046 4228 1133 4289 quibus
1149 4228 1200 4289 ipse
1216 4227 1266 4288 cpi·

169 4305 261 4351 scopus
280 4291 326 4339 etsi
349 4294 494 4341 auctoritate
516 4307 560 4341 sua
583 4295 691 4341 introitus
713 4294 851 4341 auctoritati
874 4300 956 4340 tumen
979 4293 1122 4341 academice
1144 4292 1269 4353 subjacere

170 4362 260 4419 potest.
283 4355 316 4404 ib.
330 4356 370 4404 vii.
382 4366 404 4416 7.
416 4372 439 4417 p.
452 4356 504 4405 180.

206 4419 244 4468 18.
263 4422 385 4468 decimam
402 4423 527 4483 quintum]
549 4420 617 4469 inim
631 4436 653 4469 v.
667 4436 704 4470 η.
722 4423 827 4469 mutatio
844 4422 947 4469 refertur
963 4422 994 4469 ed
1011 4436 1103 4469 annum
1121 4431 1269 4483 sequentem.

170 4478 227 4533 Hoc
240 4491 285 4542 est,
299 4486 329 4531 Α.
338 4486 370 4533 Ι).
384 4497 437 4547 715·
451 4486 552 4534 ultimus
563 4492 615 4533 erat
627 4488 714 4535 veteris
726 4488 802 4547 modi,
813 4488 844 4534 A.
856 4486 888 4533 Ι).
903 4485 958 4548 716.
967 4487 1060 4547 primus
1072 4487 1145 4533 novi:
1159 4486 1271 4549 priorhic

167 4556 281 4606 notatur,
294 4550 414 4609 posterior
424 4549 496 4599 intra.

694 4637 714 4675 n
729 4618 749 4675 2
