3100 5125
104 475 175 524 sara

103 735 188 785 m

265 314 330 379 236
587 311 824 376 HISTORIAE
848 310 1025 376 Euctus.
1283 309 1347 378 IV.
1361 330 1445 396 27·-

265 463 371 542 situm,
387 472 464 529 tune
484 464 585 528 abbas
607 463 702 541 Esto,
717 463 765 527 vir
780 462 920 526 omnium
939 462 1211 526 mansuetissimus
1230 485 1269 528 ae
1292 463 1366 527 slm-

266 550 454 634 plicissimus
479 551 632 634 regebat:
667 549 721 634 qui
749 555 863 633 postea
892 548 1056 633 episcopus
1086 548 1364 634 Hagustnldensis,

267 635 333 699 sive
359 635 626 698 Lindisl'arnensis
650 635 787 698 eeclesiae
813 634 917 698 laetus
943 640 1002 709 est,
1027 641 1064 697 ut
1090 656 1187 718 supra
1208 657 1364 699 memora·

267 721 387 784 vimus:
403 721 453 784 oui
468 727 612 804 tempore
626 719 679 783 illo
693 720 884 805 praepositus
899 719 997 782 Boisil
1011 741 1198 804 magnarum
1207 720 1364 785 virtutum

266 812 300 870 et
349 804 505 890 rophetiei
541 804 671 888 spiritus
700 805 866 869 asacerdos
895 804 965 868 fuit.
1025 805 1132 889 Hujus
1161 805 1362 890 discipulatui
1372 825 1406 873 30

266 891 314 957 011
336 893 429 955 beret
452 891 613 954 humiliter
635 891 790 967 subditus,
814 895 848 954 et
871 889 1036 974 scient‘pm
1064 893 1106 955 ab
1132 912 1171 954 eo
1196 890 1362 976 bScriptu-

265 999 374 1040 rarum
388 983 423 1040 et
436 977 592 1040 bonorum
606 997 737 1060 operum
751 975 887 1059 sumpsit
902 975 1057 1060 exempla.

310 1062 371 1142 Qui
388 1068 558 1147 postquam
574 1060 723 1145 migravit
740 1061 784 1124 ad
803 1059 984 1138 Dominum,
1001 1061 1163 1126 Oudberct
1179 1061 1282 1124 eidem
1298 1082 1364 1126 mo-

266 1147 406 1212 nasterio
423 1147 527 1211 faetus
546 1145 746 1231 praepositus,
762 1146 867 1229 plures
890 1152 924 1209 et
945 1146 1138 1211 auctoritate
1159 1147 1313 1232 magistri,
1329 1155 1364 1212 et

266 1231 409 1317 exemplo
430 1254 495 1296 suae
516 1231 652 1297 actionis
672 1229 850 1316 regularem
872 1231 1061 1295 instituebat
1082 1233 1125 1296 ad
1142 1232 1251 1296 vitam.
1298 1233 1364 1297 Nec

266 1317 367 1382 solum
381 1317 440 1402 ipsi
454 1316 647 1381 monasterio
660 1317 813 1401 regularis
828 1316 901 1380 vitae
916 1317 1039 1380 monita
1053 1317 1145 1380 simul
1164 1327 1198 1382 et
1217 1318 1362 1417 exempla

265 1404 439 1487 praebebat,
456 1403 512 1467 sed
534 1409 568 1466 et
589 1402 700 1486 vulgus
721 1401 979 1486 circumpositum
1000 1401 1093 1487 louge
1113 1402 1241 1487 lateque
1260 1426 1282 1468 a
1296 1411 1401 1473 ntass

266 1489 375 1553 stultae
395 1487 632 1553 consuetudinis
648 1487 691 1550 ad
711 1486 884 1551 caelestium
905 1487 1093 1572 gaudiorum
1110 1495 1296 1552 convertere
1309 1511 1362 1553 eu-

265 1574 361 1638 rabat
374 1594 524 1638 amorem.
570 1572 654 1636 Nam
673 1580 707 1637 et
730 1571 821 1636 multi
836 1571 932 1636 fidem
947 1594 1043 1657 quam
1060 1573 1232 1651 habebant,
1248 1574 1363 1659 iniquis

265 1660 479 1744 profanabant
501 1658 666 1744 operibns:
690 1664 724 1722 et
745 1657 842 1742 aliqui
866 1658 965 1721 etiam
982 1664 1125 1742 tempore
1145 1659 1362 1737 mortaiitatis,

266 1744 418 1894 npglleptis
439 1744 529 1892 fideli
535 1743 741 1842 sacramentis
763 1744 877 1893 quibps
899 1750 993 1892 prant
1015 1743 1139 1843 imbuti,
1161 1745 1204 1808 ad
1225 1745 1363 1893 erraItJica

266 1852 277 1892 ι
301 1852 351 1893 oa
367 1852 423 1894 nae
446 1852 496 1893 me
531 1851 655 1893 camma
681 1851 833 1894 concurre
856 1851 898 1893 an
923 1854 932 1904 ;
988 1851 1058 1893 uasr
1087 1851 1216 1894 nussam
1244 1853 1266 1894 a
1323 1853 1363 1895 eo

265 1915 431 1979 conditore
451 1915 587 2001 plagam,
609 1937 667 1998 per
687 1914 929 1991 incantationes,
948 1851 996 1978 vd}
1017 1914 1209 1999 ‘fylacteria
1229 1916 1279 1979 vel
1299 1915 1405 1984 alia40

267 2001 417 2085 quaelibet
438 1999 661 2064 ddaemoniaoae
686 1999 767 2065 artis
796 2021 913 2064 areana
941 1999 1088 2064 cohibere
1112 2001 1264 2066 valerent.
1307 2001 1363 2064 Ad

148 2143 150 2147 .
266 2093 474 2169 utrorumque
493 2107 568 2170 ergo
586 2085 807 2170 corrigendum
826 2107 966 2150 errorem
986 2087 1098 2151 crebro
1118 2085 1185 2170 ipse
1200 2087 1240 2150 de
1254 2108 1363 2150 mona
1381 2084 1444 2164 176

266 2171 364 2234 sterio
387 2191 540 2255 egressus,
566 2170 751 2254 ‘aliquoties
772 2192 855 2256 equo
881 2171 1002 2247 sedens,
1029 2171 1085 2235 sed
1110 2172 1225 2258 saepius
1251 2172 1363 2271 spedas

265 2255 421 2332 incedens,
445 2254 684 2339 ciremnpositas
706 2255 853 2320 veniebat
874 2255 916 2320 ad
937 2255 1035 2332 villas,
1057 2263 1092 2321 et
1113 2257 1197 2321 viam
1218 2257 1364 2322 veritatis

287 2341 463 2405 radicabat
477 2341 657 2404 errantibus
669 2367 678 2413 ;
703 2341 789 2425 quod
803 2341 906 2425 ipsum
920 2341 1018 2405 etiam
1032 2341 1130 2404 Boisil
1147 2364 1204 2407 suo
1218 2349 1363 2427 tempore

265 2364 370 2490 iacere
391 2433 606 2490 consueverat.
651 2425 734 2490 Erat
756 2427 872 2511 quippe
894 2426 990 2489 moris
1013 2449 1051 2490 eo
1072 2433 1215 2512 tempore
1236 2428 1361 2513 populis

266 2512 452 2598 Anglorum,
468 2518 505 2577 ut
519 2511 664 2576 veniente
678 2512 712 2576 in
726 2511 830 2577 villam
852 2511 964 2577 clerico
979 2511 1027 2575 vel
1045 2514 1239 2598 presbytero,
1255 2513 1384 2581 eunetis

265 2598 308 2662 ad
329 2599 398 2683 ejus
418 2598 584 2683 imperium
605 2598 736 2662 verbum
758 2598 899 2662 audituri
924 2598 1138 2670 confluerent3
1166 2600 1301 2663 libenter
1322 2622 1362 2664 ea

267 2706 337 2768 quae
353 2684 541 2760 dicerentur,
557 2684 724 2760 audirent3
748 2684 897 2748 libentius
919 2706 958 2747 ea
975 2706 1045 2767 quae
1065 2684 1176 2747 audire
1194 2691 1228 2748 et
1249 2684 1362 2749 intelli-

265 2791 341 2854 gere
354 2776 516 2853 poterant,
531 2769 692 2853 operando
706 2776 923 2855 sequerentur.
955 2770 1059 2832 Porro
1075 2769 1254 2833 Oudbereto
1269 2776 1363 2834 tanta

267 2867 337 2919 erat
359 2854 483 2918 dicendi
504 2854 628 2939 peritia,
644 2861 755 2919 tantus
771 2876 862 2920 amor
903 2854 1091 2917 ersuadendi
1107 2876 1176 2939 quae
1191 2861 1360 2939 gcoeperat,

267 2940 331 3003 tale
346 2940 451 3003 vultus
472 2940 604 3025 angelici
625 2939 740 3016 lumen,
762 2947 800 3003 ut
822 2876 924 3003 nulliis
945 2940 1149 3023 praesentium
1171 2940 1310 3005 latebras
1332 2940 1361 3005 ei

267 3024 317 3088 sui
338 3025 441 3088 cordis
463 3025 566 3089 celare
587 3032 811 3110 praesumerem
838 3046 946 3088 omnes
967 3025 1074 3110 palam
1093 3048 1163 3109 quae
1184 3031 1360 3109 gesserant,

267 3110 447 3173 confitendo
464 3111 651 3194 proferrent,
668 3110 741 3193 quia
762 3110 911 3172 nimirum
933 3110 1001 3173 haee
1023 3111 1135 3174 eadem
1155 3110 1243 3173 illum
1261 3110 1403 3173 laterem

267 3194 461 3259 nullomodo
476 3194 673 3277 hputabant;
698 3202 731 3259 et
751 3196 894 3259 confessa
909 3195 1020 3280 dignis,
1037 3203 1074 3260 ut
1094 3195 1280 3280 imperabat,
1296 3216 1362 3293 poe-

267 3278 410 3343 nitentiae
431 3280 586 3343 fructibus
607 3282 837 3365 abstergerent.
883 3280 1013 3345 Solebat
1034 3288 1144 3345 autem
1165 3304 1204 3345 ea
1224 3302 1362 3344 maxrme

266 3365 335 3427 loca
349 3386 527 3450 peragrare,
543 3364 618 3428 iillis
632 3366 805 3450 praedicare
822 3366 854 3427 in
870 3364 986 3443 viculis,
1004 3366 1057 3449 qui
1079 3367 1112 3428 in
1126 3366 1234 3430 arduis
1256 3388 1362 3451 asper-

266 3448 355 3534 isque
369 3450 530 3513 montibus
545 3450 653 3533 procul
668 3450 772 3534 positi,
788 3450 857 3513 aliis
875 3450 999 3514 horrori
1017 3458 1110 3515 erant
1130 3452 1173 3516 ad
1188 3450 1361 3527 visendum,

266 3542 300 3598 et
322 3541 511 3618 paupertate
534 3534 655 3619 pariter
677 3557 714 3599 ae
737 3536 918 3599 rusticitate
940 3558 998 3599 sua
1019 3537 1186 3601 doctorum
1209 3537 1363 3600 arcebant

265 3641 434 3684 secessum.
480 3621 568 3700 Quos
593 3627 701 3684 tamen
727 3620 778 3683 ille
803 3620 856 3704 pio
878 3621 1014 3686 libenter
1036 3622 1235 3705 mancipatus
1259 3620 1362 3687 labori

297 3816 312 3845 ι
320 3807 484 3870 sptrttmfutt
495 3808 525 3854 V.
621 3806 794 3855 bernatorum
807 3808 925 3870 Smpt-
936 3808 965 3855 V.
1067 3818 1080 3848 ο
1087 3810 1247 3870 phyloctete
1257 3808 1307 3856 Str
1318 3807 1362 3855 sed

214 3875 217 3879 '
264 3870 369 3918 formam
380 3872 522 3919 inusitatum
534 3870 627 3918 retineo
638 3877 754 3931 tanquam
767 3874 900 3934 genuinam
913 3872 1018 3920 auctoris
1031 3888 1139 3924 manum.
1246 3874 1260 3912 d
1273 3873 1362 3919 dmm-

263 3937 325 3982 m'coe
336 3936 366 3982 V.
498 3938 669 3997 ealiqaoeteas
681 3937 710 3984 V.
850 3937 861 3976 f
867 3938 970 3999 pedibus
982 3938 1044 3985 V.G.
1174 3938 1318 3985 sdocuerut
1329 3936 1359 3983 V.
1415 3986 1420 3996 ,

265 3999 411 4060 bmnium!
422 4000 452 4047 V.
550 4000 596 4047 ies
606 4002 656 4048 suis
667 4001 697 4047 V.

263 4158 420 4209 cisterciensi
432 4158 510 4205 ordini
523 4172 578 4205 eum
592 4158 700 4219 pluribus
711 4160 767 4207 aliis
778 4161 896 4208 attribuit.
922 4160 1258 4223 Monasttom.ii.p1057.
1288 4160 1362 4208 Facta

264 4231 303 4273 est
312 4224 410 4271 abbatia
419 4238 438 4271 s.
448 4222 534 4271 Maria
542 4223 572 4269 de
584 4223 688 4271 Mailros
700 4223 760 4272 feria
770 4226 878 4273 secunda
889 4226 992 4287 pascha,
1004 4234 1030 4273 et
1039 4225 1174 4274 Richardur
1185 4226 1278 4286 primus
1287 4224 1362 4271 abbas

265 4287 369 4336 Mailros
383 4288 531 4335 constitutus
547 4303 586 4335 nn.
600 4285 669 4347 113⁶.
704 4288 835 4337 Curunda
848 4290 1057 4354 Mailroapatg.
1088 4290 1181 4339 Sericm
1194 4288 1361 4338 novemdecim

264 4350 379 4399 abbatum
391 4352 421 4398 sd
433 4366 472 4398 sn.
487 4350 555 4400 1268.
566 4351 640 4401 habes
649 4367 672 4414 p.
681 4352 736 4401 226.
749 4354 775 4401 S.

298 4416 339 4461 28.
349 4416 436 4476 supra]
451 4414 507 4462 Vid.
519 4415 553 4462 iii.
568 4413 606 4465 26.

297 4478 330 4527 ib.
343 4478 395 4540 cus]
410 4478 562 4527 Monusterio
573 4478 685 4529 Muilros.
707 4481 767 4530 Vrd.
779 4482 852 4539 inlrs,
864 4498 885 4530 r.
897 4498 922 4547 9.
