3100 5125
278 244 300 309 6
609 238 847 308 HISTORIAE
869 240 1048 308 EOOLES
1388 242 1416 307 1.
1430 263 1461 307 r.
1537 306 1538 317 ff

277 397 384 463 eastir
394 401 517 473 vooata
532 395 721 497 interposito
734 394 816 459 man'
831 416 851 459 a
862 394 1049 459 Gessoriseo
1061 393 1261 459 Morinorum
1271 394 1418 480 gentis15

276 484 371 548 litore
389 482 544 567 proximo,
559 487 698 565 trajectu
716 480 837 544 milium
852 478 1090 565 quinquaginta,
1106 479 1180 557 sive,
1196 486 1234 544 ut
1248 479 1377 565 quidam

277 569 440 654 seripsere,
456 567 633 632 stadiorum
646 566 951 651 quadringentorum
965 564 1203 665 quinquaginta.
1238 566 1270 629 A
1285 572 1377 652 tergo

277 661 396 730 autem,
411 654 496 717 unde
510 674 629 716 oeeano
642 650 769 716 infinito
782 657 883 736 patet,
901 650 1044 715 Oreades
1057 650 1175 715 msulae
1190 651 1297 717 babet.

322 738 457 839 aOpima
478 738 622 823 frugibus
646 744 744 822 atque
769 736 937 801 arboribus
958 736 1072 813 insula,
1097 741 1131 801 et
1156 735 1278 800 alendis
1300 743 1379 821 apta

278 826 445 911 peoonbus
458 845 497 887 ae
513 822 685 908 jumentis;
709 822 817 887 vineas
831 822 930 887 etiam
949 822 1139 907 quibusdam
1157 820 1191 885 in
1211 820 1288 885 loeis
1308 844 1377 907 ger-

278 911 422 975 minans:
455 909 512 973 sed
535 916 571 973 et
593 908 699 973 avium
719 909 809 973 ferax
831 914 919 972 terra
939 907 1083 992 marique
1107 906 1231 992 generis
1253 906 1420 971 diversiso

281 995 400 1060 Fluviis
415 1016 539 1080 queque
553 994 689 1059 multum
702 993 844 1079 pisoosis
858 1014 897 1057 aa
910 992 1051 1057 fontibus
1065 992 1219 1077 praeclara
1233 992 1376 1091 eopiosis,

280 1088 315 1146 et
336 1080 464 1165 quidem
483 1079 641 1165 praecipue
663 1079 767 1143 issieio
787 1078 932 1144 abundat
954 1084 989 1143 et
1010 1078 1158 1163 anguilla.
1202 1078 1379 1163 Oaptuntur

280 1174 390 1231 autem
412 1166 584 1252 saepissime
606 1172 641 1229 et
663 1164 753 1229 vituli
781 1164 904 1241 marini,
931 1169 965 1229 et
994 1163 1165 1249 delphines,
1192 1185 1315 1228 neenon
1344 1171 1378 1231 et

280 1253 413 1317 ballenae
424 1277 431 1316 :
448 1251 589 1337 exeeptis
602 1250 760 1314 variorum
773 1249 942 1335 generibus
952 1248 1204 1334 eonohyliorum;
1220 1248 1253 1315 in
1264 1249 1378 1335 quibus

281 1343 357 1401 sunt
379 1344 413 1402 et
433 1338 592 1413 musoulae,
615 1331 729 1420 quibus
750 1335 903 1399 inelusam
925 1356 1010 1419 saepe
1035 1334 1252 1419 margaritam
1277 1335 1378 1399 omnis

281 1423 410 1507 quidem
431 1422 545 1486 eoloris
568 1422 722 1506 optimam
744 1420 916 1497 inveniunt,
940 1420 974 1483 id
999 1427 1057 1519 est,
1082 1427 1116 1483 et
1141 1419 1316 1519 rubioundi‚
1343 1428 1377 1484 et

281 1504 1417 1677 {tibiattiitittttttttttttttttt·atti²⁵

281 1679 395 1743 eoloris
424 1679 598 1755 eonfieitur‚
629 1678 718 1762 eujus
747 1678 845 1741 rubor
868 1675 1097 1762 puleherrimus
1125 1676 1210 1739 nullo
1239 1699 1378 1761 unquam

281 1766 357 1828 solis
371 1767 494 1841 ardore,
510 1764 596 1827 nulla
610 1764 695 1827 valet
708 1762 885 1846 pluviarum
899 1762 1015 1846 injuria
1028 1762 1218 1846 pallesoere;
1243 1763 1300 1825 sed
1314 1784 1377 1847 quo

282 1850 438 1915 vetustior
452 1857 511 1927 est,
523 1871 561 1913 eo
576 1848 657 1912 solet
671 1870 741 1912 esse
754 1847 926 1913 venustior.
956 1848 1067 1911 Habet
1081 1846 1186 1911 fontes
1197 1848 1377 1927 salinarum,

281 1936 380 1999 habet
394 1940 428 1998 et
442 1936 547 1999 fontes
561 1933 689 2009 ealidos,
705 1939 739 1996 et
756 1954 797 1995 ex
811 1932 856 1996 eis
870 1932 981 1996 fluvios
995 1931 1180 1996 balnearum
1194 1933 1377 2011 ealidarnm,

281 2020 367 2083 omni
392 2020 483 2084 aetati
505 2025 540 2083 et
564 2018 654 2082 sexui
678 2040 736 2103 per
760 2017 913 2082 distincta
934 2018 1012 2095 loea,
1035 2018 1130 2102 juxta
1152 2039 1244 2081 suum
1266 2019 1378 2104 auique

281 2107 411 2169 modum
431 2104 660 2171 aoeommodos.
704 2105 802 2188 Aqua
819 2104 902 2167 onim
921 2106 973 2187 (ut
988 2109 1116 2170 sanetus
1132 2103 1269 2171 Basilius
1283 2104 1375 2185 dieit)
1387 2115 1420 2163 so

282 2191 436 2255 fervidam
449 2190 638 2275 qualitatem
651 2189 774 2274 resipit,
791 2212 888 2273 quum
906 2208 964 2273 per
983 2196 1072 2253 eerta
1086 2190 1233 2272 quaedam
1248 2191 1425 2261 metalla41

282 2276 483 2353 transcurrit,
507 2282 541 2341 et
567 2277 605 2340 iit
627 2298 692 2339 non
715 2275 816 2339 solum
844 2275 956 2352 calida,
982 2275 1038 2339 sed
1063 2280 1098 2338 et
1125 2276 1250 2341 ardens.
1300 2276 1378 2355 Qua

282 2362 381 2426 etiam
409 2362 496 2427 venis
524 2360 733 2438 metallorum,
758 2360 840 2438 seris,
867 2360 951 2438 ferri,
978 2366 1012 2427 et
1040 2360 1161 2444 plumbi
1191 2368 1224 2425 et
1253 2362 1378 2447 argenti

281 2448 435 2524 faeounda,
450 2448 554 2533 gignit
574 2453 609 2512 et
629 2447 767 2532 lapidem
786 2454 935 2531 gagatem
954 2446 1124 2531 plurimum
1142 2447 1377 2532 optimumque:

282 2539 333 2601 est
354 2541 463 2598 autem
484 2534 736 2619 nigrogemmeus
761 2539 796 2608 et
820 2532 935 2596 ardens
960 2531 1025 2618 igni
1050 2532 1208 2611 admotus,
1235 2531 1380 2599 incensus

282 2627 447 2704 serpentes
463 2622 564 2706 fugat,
579 2619 703 2685 adtritu
721 2619 893 2682 ealefaetus
914 2618 1065 2702 adplioita
1086 2619 1210 2685 detinet
1230 2641 1321 2705 aeque
1342 2626 1380 2686 ut

282 2706 452 2780 succinum.
496 2707 580 2770 Erat
598 2712 631 2769 et
650 2705 834 2770 civitatibus
848 2705 1008 2788 quondam
1022 2704 1133 2790 viginti
1151 2712 1185 2770 et
1204 2711 1278 2780 oete
1292 2705 1402 2770 nobi-5

740 2818 756 2848 a
775 2807 877 2869 Optime
889 2806 918 2854 V.

316 2901 353 2948 14
377 2889 528 2952 aenaim]
547 2891 618 2952 Quod
636 2905 702 2938 nune
718 2887 838 2936 Bononia.
860 2887 939 2936 Tabb.
957 2887 1026 2936 Peut.
1045 2888 1071 2938 S.
1106 2887 1168 2936 Vide
1183 2889 1300 2940 Manusrt
1317 2890 1379 2940 ceo-

282 2953 708 3129 gribi¹3:12}itieiiiseiil6Gtetrssetiidlliir
718 2953 872 3076 deblliioitbited
884 2951 1056 3076 aodespgtzpppim
1065 3023 1186 3078 porrecta,
1194 3017 1309 3078 adjuncto
1319 3019 1381 3066 forte

375 3096 407 3128 on
429 3097 468 3128 vo.
497 3115 504 3129 .

281 3096 357 3259 :aiii
373 3148 475 3258 quidugn
490 3146 621 3209 saiprere]
640 3146 690 3194 Dio
706 3145 807 3194 Cassius
822 3144 926 3203 scilieet,
947 3143 1025 3206 [Hist.
1036 3145 1120 3194 xxxix.
1133 3158 1173 3206 50.
1189 3147 1227 3194 ed.
1244 3145 1336 3207 Stura]
1356 3152 1382 3197 et

306 3211 431 3257 ntoninus.

318 3273 357 3322 16.
372 3276 457 3321 stadia
471 3273 593 3334 CCCCL]
612 3273 684 3321 Mille
699 3287 786 3335 passus
801 3273 980 3335 quinquaginta
997 3289 1047 3322 sex.
1060 3276 1083 3322 S.
1124 3275 1225 3324 Rectius
1237 3274 1303 3323 Beda
1314 3275 1381 3324 mille

283 3353 370 3400 passus
381 3339 467 3386 stadiis
478 3353 565 3386 novem
577 3346 667 3398 aquit,
677 3344 707 3386 nt
722 3337 802 3386 stadis
819 3337 925 3386 CGCGL
936 3338 1042 3386 efficiant
1055 3339 1074 3386 L
1087 3338 1155 3388 mille
1166 3354 1258 3401 passus.
1293 3340 1340 3388 Sed
1352 3340 1383 3388 de

283 3403 386 3514 iii
397 3403 538 3516 litati
547 3402 1381 3530 mittat}tatattt‘lttttt'tff·

349 3502 354 3513 ·
383 3499 389 3512 ·
425 3503 432 3516 ·
541 3501 548 3525 s
985 3503 991 3514 =
1121 3501 1128 3526 ν
1222 3501 1228 3515 ·
1266 3502 1273 3514 ·
1304 3503 1310 3516 ·

318 3547 355 3596 19.
372 3532 467 3593 vineas]
488 3532 569 3580 Vitem
587 3531 647 3579 olim
662 3532 689 3579 in
707 3531 836 3579 Britannia
852 3532 943 3580 cultam
961 3531 1035 3580 luisse
1053 3538 1173 3580 testantur
1188 3546 1284 3594 queque
1304 3533 1383 3580 adhue

283 3595 390 3656 plurima
404 3596 514 3644 locorum
529 3596 631 3644 nomina
641 3597 667 3644 in
678 3596 740 3644 vicis
756 3603 781 3644 et
798 3596 900 3656 oppidis
936 3597 983 3644 Sed
998 3609 1053 3644 cnm
1065 3597 1168 3644 Tacitus
1178 3597 1224 3644 boe
1236 3605 1319 3658 negat,
1330 3612 1381 3646 cre·

283 3661 388 3709 dsndurn
400 3669 438 3710 est
448 3676 502 3709 eam
515 3677 530 3708 a
542 3661 661 3710 Romsms
671 3661 698 3708 iu
709 3661 816 3708 insulam
827 3661 922 3708 illatam
934 3661 1026 3709 luisses
1041 3661 1122 3710 Taciti
1131 3661 1205 3710 verba
1216 3667 1284 3716 suut,
1297 3662 1382 3714 Solum

279 3734 373 3787 prater
383 3730 461 3774 oleam
472 3728 595 3788 vitetisque
604 3731 629 3773 et
640 3732 729 3774 cutm
739 3725 895 3785 calidior-ibas
906 3728 981 3773 terete
991 3727 1053 3774 oriri
1064 3731 1144 3784 sueta,
1151 3727 1252 3788 patim
1259 3726 1381 3787 fingam,

278 3792 420 3855 secundam
442 3791 525 3853 Agrie.
537 3803 574 3837 η.

317 3870 358 3904 21.
368 3856 461 3918 bacio]
479 3855 556 3904 Piscis
571 3861 609 3903 est
625 3854 735 3916 grandis,
747 3853 790 3915 qui
804 3853 830 3901 in
843 3853 930 3901 Rheno
946 3868 1042 3916 quoque
1055 3855 1194 3906 habitabat:
1211 3854 1260 3917 tq.
1273 3869 1332 3904 esox
1342 3852 1383 3902 vel

283 3921 351 3980 leotz
368 3921 472 3982 Anglice
479 3919 536 3982 pite
548 3916 661 3981 vetjaes
684 3919 741 3966 Vid.
752 3918 815 3966 Plin.
827 3918 858 3965 ix.
870 3928 908 3979 17.
924 3919 986 3981 (15.)
1002 3926 1027 3967 et
1039 3919 1153 3968 ilarduiu
1165 3921 1196 3967 sd
1207 3918 1225 3967 l.

318 3999 357 4032 22.
369 3985 490 4048 exceptis]
509 3984 537 4032 ld
550 3991 598 4042 est,
611 3990 708 4045 prater,
719 3983 835 4044 insuper:
853 3983 918 4031 cons.
931 3983 987 4046 Ipse
998 3991 1203 4048 autemsaepe
1214 3985 1384 4032 contendisset

285 4051 384 4110 legendi
395 4065 505 4110 munere,
516 4056 541 4097 et
551 4049 793 4109 atiud-acceperat.
817 4047 877 4096 lnfr.
889 4047 922 4095 ir.
932 4050 970 4096 18.
981 4055 1007 4096 et
1018 4063 1038 4096 o.

317 4127 358 4173 30.
371 4113 400 4161 S.
412 4112 534 4174 Basilius]
550 4113 683 4161 Hexsmer.
694 4113 771 4160 Hom.
783 4112 816 4160 iv.
828 4111 864 4175 [6-
876 4113 925 4160 vol.
934 4114 950 4161 i.
964 4128 987 4175 p.
996 4125 1037 4176 39.
1049 4113 1086 4160 ed.
1099 4113 1207 4176 Benedl
1230 4111 1294 4171 Ἤδη
1305 4110 1332 4160 δὲ
1343 4110 1382 4160 καὶ

285 4175 424 4239 θερμωέρας
436 4178 464 4226 ἐκ
472 4175 601 4237 μετάλλων
609 4175 736 4235 ποιότητος
746 4175 808 4226 κατὰ
817 4175 864 4234 τὴν
874 4175 975 4238 διέξοδον
985 4180 1158 4240 προσλαβοῦσα
1169 4179 1197 4227 ἐκ
1207 4179 1251 4236 τῆς
1259 4177 1331 4235 αὐτῆς
1339 4177 1383 4226 τοῦ

284 4243 406 4290 κινοῦντος
416 4240 492 4290 sirius
503 4240 588 4302 (ἐουσα
597 4241 699 4302 γίνεται,
710 4243 741 4292 ὣς
751 4240 880 4299 τὰπολλὰ,
892 4242 930 4290 καὶ
941 4241 1053 4304 πυρώδης.
1066 4243 1092 4290 S.

319 4318 343 4367 5.
354 4308 446 4366 triginti
457 4313 482 4354 et
491 4314 544 4354 octo
554 4307 707 4368 οίυίῑαέὶόω]
719 4308 758 4355 De
769 4307 807 4354 his
818 4307 896 4355 fusim
908 4308 959 4368 egit
973 4308 998 4354 S.
1012 4307 1040 4355 in
1052 4307 1191 4371 Appendice
1202 4308 1278 4357 Num.
1288 4306 1347 4362 lll.,
1358 4311 1383 4354 et

286 4370 346 4418 citat
362 4370 500 4428 Usserium,
512 4371 623 4418 Britann.
641 4372 736 4420 Eccles.
747 4371 831 4433 Antiq.
843 4387 867 4418 v.
880 4385 953 4432 p.33,
965 4371 1069 4433 quirem
1082 4380 1159 4421 totam
1176 4372 1298 4434 exposuit.
1331 4371 1384 4420 No·

286 4435 355 4483 mina
372 4449 456 4484 earum
474 4436 540 4484 dedit
559 4436 672 4484 Neruius
690 4437 718 4483 in
736 4435 786 4484 flue
806 4436 923 4484 Historia
940 4437 1085 4486 britonum:
1106 4437 1304 4504 cujusratslogo
1321 4435 1384 4485 eddo
