3100 5125
85 1853 239 1906 obiturus·
291 1843 342 1908 Eo
355 1849 421 1908 tem

85 1919 129 1968 te.

250 275 315 346 198
574 274 807 342 HISTORIAE
830 275 1007 345 EOOLES.
1057 313 1059 317 Α
1301 277 1369 342 IV.
1392 299 1425 343 11

247 427 387 503 ninlium,
401 428 445 492 od
458 427 515 492 reli
537 425 607 492 uias
628 433 811 492 sanctorum
833 435 966 514 peteret,
981 427 1141 513 perditam
1156 434 1265 514 posset
1278 441 1355 492 <rre-

248 514 354 600 cipere
367 514 481 578 lucem.
556 536 593 578 ec
608 513 733 579 distulit
748 514 824 598 quin
839 513 999 592 continuo,
1016 513 1102 614 quod
1115 520 1222 578 mente
1238 536 1354 578 conce-
1366 533 1398 568 ¹0

246 605 349 684 perat,
366 599 533 698 lexpleret.
577 599 740 663 Perducta
753 621 891 684 namque
905 623 926 663 a
939 599 1050 685 puellis
1072 599 1137 662 suis
1152 600 1210 664 sad
1223 621 1353 664 monas-

246 686 372 762 terinm,
382 707 457 769 quia
466 684 499 747 in
510 684 655 768 proximo
664 692 744 762 erat,
753 684 809 748 ubi
819 685 916 749 fidem
927 708 992 750 suae
1003 684 1179 750 sanationis
1189 685 1353 772 integram

248 793 283 836 se
296 771 414 835 babere
429 770 572 856 professa
585 776 645 847 est,
657 771 842 837 introducta
853 777 903 834 est
917 771 973 835 tud
988 769 1203 856 cymiterium:
1226 777 1260 835 et
1274 793 1352 835 cum

247 856 366 921 ibidem
380 856 501 920 diutius
514 855 605 919 flexis
625 857 759 942 genibus
781 863 898 933 oraret,
914 857 1011 920 nihilo
1026 857 1149 920 tardius
1164 857 1280 920 meruit
1296 879 1352 921 ex·

246 941 361 1006 audiri.
395 941 479 1005 Nam
491 963 664 1027 exsurgens
678 943 720 1006 ab
735 942 1084 1026 oratione,p1iusquam
1099 943 1201 1005 exiret
1212 943 1252 1005 de
1266 942 1348 1020 loce,

247 1026 357 1113 petitae
377 1026 455 1090 lucis
476 1027 615 1112 gratiam
629 1027 770 1113 recepit:
794 1034 828 1093 et
843 1050 914 1113 quae
928 1028 1117 1092 famularum
1131 1027 1277 1091 manibus
1291 1028 1349 1091 ad-

248 1113 345 1177 ducta
366 1112 480 1189 iuerat,
496 1113 506 1175 i
529 1135 565 1176 sa
586 1113 685 1176 libero
706 1114 823 1198 pedum
845 1113 967 1178 incessu
988 1115 1118 1176 domum
1131 1113 1206 1177 laeta
1219 1135 1350 1177 reversa
1361 1131 1392 1178 ῐ5

247 1204 316 1273 est;
341 1197 431 1282 quasi
445 1199 488 1263 ad
501 1135 562 1262 iios
577 1198 772 1263 solummodo
786 1199 890 1263 lucem
904 1199 1068 1264 amitteret
1083 1199 1300 1282 temporalem,
1311 1206 1350 1264 ut

247 1290 369 1434 guenta
383 1290 513 1348 sanctos
527 1283 647 1348 Christi
661 1284 717 1348 lux
731 1284 764 1347 in
779 1284 872 1362 caelis,
889 1307 958 1370 quae
976 1284 1083 1371 gratia
1097 1283 1225 1349 virtutis
1247 1284 1350 1370 possi-

268 1375 347 1446 eret,
362 1390 421 1434 sua
436 1369 602 1434 sanatione
617 1369 861 1435 demonstraret.

700 1529 809 1595 OAP.
833 1529 898 1594 XI.

290 1651 328 1709 Ut
341 1671 391 1709 rer
404 1652 521 1726 ey'usdem
526 1651 677 1728 provincie
687 1651 779 1808 deditii,
790 1652 819 1708 iu
833 1651 987 1708 mmcliea
1000 1650 1084 1708 vitam
1098 1651 1300 1709 convocatione

761 1733 854 1790 aierit.
1358 1751 1396 1786 πο

248 1928 346 1992 etiam
367 1865 499 1993 libelliise
511 1841 1350 2006 (ΓῷἳῖῑᾶνὲΥξηῇἳηῖῑῃῧῗέιίἰῖῗοῗιὲῗᾭᾜ]ἓῒὸὲῖἷῗ

248 2015 338 2098 cujus
352 2035 449 2099 supra
463 2013 671 2078 meminimus.
716 2015 799 2079 Erat
813 2014 898 2078 enim
912 2013 1065 2100 religiosis
1079 2013 1212 2090 actibus,
1225 2014 1349 2078 crebris

247 2098 402 2185 precibus,
423 2097 485 2183 piis
510 2099 780 2184 eleemosynarum
804 2098 960 2164 fructibus
985 2099 1154 2184 plurimum
1179 2098 1345 2176 intentus;

246 2184 346 2248 vitam
359 2183 518 2269 privatam
539 2191 574 2250 et
595 2185 812 2250 monachicam
827 2184 949 2249 cunctis
963 2185 1053 2270 regni
1068 2183 1184 2248 divitiis
1199 2193 1233 2248 et
1247 2184 1348 2249 hono-

246 2269 335 2333 ribus
348 2270 528 2354 praeferens,
546 2293 642 2355 quam
655 2278 690 2335 et
704 2271 780 2335 olim
794 2271 871 2356 jam,
887 2269 914 2333 si
928 2293 992 2334 non
1008 2270 1187 2334 obstinatus
1202 2271 1347 2356 conjugis
1357 2288 1389 2338 25

246 2355 370 2419 animus
399 2355 569 2419 divortium
598 2363 740 2442 negaret,
766 2357 879 2421 relicto
907 2378 1006 2442 regno
1036 2355 1193 2420 subiisset.
1247 2355 1347 2420 Unde

246 2440 376 2505 umultis
397 2441 499 2505 visum
520 2449 576 2506 ¹et
598 2463 682 2526 saepe
703 2442 824 2507 dictum
846 2448 904 2520 est,
923 2443 998 2526 quia
1019 2441 1094 2504 talis
1115 2440 1212 2504 animi
1232 2441 1347 2520 virum,

246 2525 429 2627 episcopum
449 2527 550 2613 magis
565 2550 660 2612 quam
674 2549 782 2613 regem
797 2527 936 2592 ordinari
952 2528 1087 2592 deceret.
1133 2527 1275 2611 Oumque
1290 2549 1348 2591 an-

88 2616 232 2683 [⁸·D·⁶95·]
247 2633 306 2677 nos
319 2619 454 2698 triginta
467 2613 501 2676 in
514 2636 613 2699 regno
627 2614 716 2677 miles
730 2615 841 2700 rregni
855 2613 989 2678 scelestis
1003 2613 1168 2699 exegisset,
1181 2619 1348 2698 correptus

247 2705 298 2763 est
313 2700 454 2784 corporis
474 2699 661 2763 infirmitate
683 2700 888 2785 permaxima,
905 2722 967 2783 qua
982 2705 1015 2763 et
1030 2704 1174 2763 mortuus
1188 2705 1255 2765 est:
1280 2721 1349 2762 am-

246 2784 432 2869 monuitque
454 2786 629 2871 conjngem,
653 2791 691 2849 ut
714 2785 763 2849 vel
784 2791 861 2867 tunc
884 2784 990 2848 divino
1013 2806 1047 2848 se
1070 2784 1198 2848 servitio
1224 2784 1391 2869 pariterso

246 2870 474 2954 manciparent,
486 2893 558 2933 cum
568 2870 702 2956 amplius
712 2870 834 2955 pariter
844 2871 997 2933 mundum
1008 2870 1164 2955 amplecti,
1175 2870 1223 2933 vel
1238 2870 1348 2954 potius

245 2956 365 3019 mundo
387 2955 503 3019 servire
525 2977 588 3019 uon
609 2962 749 3041 possent.
795 2956 888 3037 Quod
903 2956 979 3019 dum
993 2978 1078 3041 aegre
1101 2952 1288 3041 impetraret
1303 2957 1347 3019 ab

85 3056 200 3106 valcheri
246 3062 294 3118 ea,
310 3040 398 3104 venit
412 3041 454 3104 ad
467 3040 646 3106 antistitem
662 3041 837 3106 Lundoniae
853 3040 1001 3118 civitatis,
1014 3042 1166 3105 vocabulo
1178 3040 1346 3119 Valdberi,

85 3123 131 3185 Er·
144 3122 219 3171 ¹1⁰⁰&
247 3126 301 3209 qui
317 3125 515 3189 Erconvaldo
537 3134 751 3201 successerat;
775 3134 811 3191 et
825 3149 883 3213 per
897 3128 965 3212 ejus
979 3126 1239 3204 benedictionem,
1255 3126 1347 3189 habi-

246 3216 317 3275 tum
330 3210 490 3297 religionis
505 3234 599 3297 quem
613 3213 667 3275 diu
682 3211 913 3290 ²desiderabat,
930 3212 1062 3297 accepit.
1097 3211 1222 3276 Attulit
1236 3219 1347 3275 autem

246 3295 349 3360 eidem
370 3303 404 3362 et
424 3319 581 3361 summam
601 3297 741 3383 pecuniae
763 3320 829 3362 non
845 3320 990 3395 parvam,
1006 3298 1197 3383 pauperibus
1212 3318 1347 3382 erogan-

239 3475 458 3537 sacumv.
523 3474 672 3523 recusem
683 3473 713 3523 V.
791 3473 883 3522 sev.
957 3474 1006 3521 tin
1017 3474 1048 3522 V.
1125 3474 1346 3522 ueemuttisvfi.

247 3539 344 3588 xuev.
411 3541 619 3588 rmilereaelestis
629 3539 660 3587 V.
726 3540 908 3587 raetiae-arat
919 3538 950 3587 V.

280 3716 320 3753 απ.
331 3703 419 3768 supra]
438 3703 501 3830 lade
511 3703 547 3752 iii.
557 3716 599 3763 30.
615 3703 641 3752 S.
681 3703 753 3751 Unde
770 3702 792 3751 si
809 3702 911 3765 triginta
928 3710 1054 3765 computes
1071 3718 1158 3765 annos,
1170 3701 1252 3750 obitus
1263 3701 1349 3750 Sebboe

249 3769 320 3816 cadet
330 3770 355 3815 in
368 3769 397 3816 A.
407 3769 438 3816 D.
482 3780 505 3830 5.

279 3846 319 3892 32.
333 3832 464 3893 Valdten]
493 3834 580 3881 Annus
596 3832 677 3880 obitus
694 3831 857 3881 Enrcooveldi
875 3831 991 3893 incertus,
1006 3832 1099 3879 clarum
1118 3837 1200 3879 tanuen
1217 3836 1255 3879 est
1271 3829 1349 3878 trisse

247 3906 304 3945 ante
315 3911 335 3943 r.
342 3898 433 3945 Saebbee
443 3912 574 3953 recessum,
581 3896 795 3958 tempore'sciiicet
804 3897 926 3957 Valdheri,
938 3897 978 3958 qui
992 3898 1137 3944 successisse
1148 3896 1244 3944 videtur
1255 3910 1277 3941 a.
1287 3894 1347 3955 694,

245 3960 305 4009 licet
315 3961 420 4009 Servilius
437 3961 462 4008 in
481 3962 559 4009 Fastis
576 3969 652 4023 ponet
662 3978 684 4010 a.
697 3959 756 4026 697,
767 3961 842 4017 etiem
860 3968 988 4023 postquam
1006 3961 1100 4009 fixisset
1117 3975 1238 4008 recessum
1255 3958 1349 4007 Sabbas

247 4041 270 4073 a·
278 4024 409 4090 694,quod
420 4026 569 4087 impossibile
581 4033 626 4074 est.
660 4026 824 4075 Earconvaldi
836 4040 932 4087 corpus,
941 4026 1031 4073 frustra
1042 4023 1348 4084 renitentibusBerecingo

247 4097 273 4139 et
289 4091 438 4146 Cherteseie,
456 4092 482 4137 in
499 4091 601 4138 ecclesia
611 4106 656 4138 sua
667 4091 693 4138 S.
703 4090 773 4139 Pauli
785 4090 915 4151 sepultum,
928 4089 1035 4150 reliquia
1051 4090 1105 4151 ejus
1121 4090 1146 4136 in
1165 4088 1281 4136 scrinium
1299 4086 1349 4135 ele·

247 4162 318 4213 πίω,
330 4161 356 4203 et
366 4154 444 4203 cultui
460 4154 603 4204 solemniter
613 4154 698 4217 positu
709 4170 731 4202 a.
743 4154 814 4215 1148.
849 4155 885 4202 M.
896 4154 973 4203 West.
984 4153 1149 4203 Esrconvuldi
1160 4152 1211 4201 diss
1223 4152 1305 4201 obitus
1320 4152 1347 4199 in

247 4219 422 4281 martyrologio
436 4219 594 4280 consignatur
605 4220 634 4267 ud
643 4219 786 4281 scuptilia,
795 4219 963 4268 translationis
974 4220 1004 4266 sd
1019 4232 1046 4278 ¹4
1057 4218 1213 4265 Novembris.
1230 4216 1255 4265 S.
1291 4217 1349 4264 Post

247 4284 428 4332 Erconvoldum
446 4286 481 4332 ait
492 4283 548 4332 Gnl.
559 4284 689 4333 Mnlmesb.
701 4298 788 4331 omnes
804 4283 936 4331 Lnudoniae
953 4284 1079 4345 episcopos
1098 4297 1141 4343 per
1160 4281 1251 4330 multos
1269 4294 1349 4329 annos

247 4349 375 4409 usquead
400 4348 608 4396 undevicesimum
625 4348 804 4408 'lbeodredum
822 4348 882 4397 nihil
906 4348 1048 4408 praclarum
1067 4348 1107 4394 vel
1131 4344 1289 4394 memorabile
1311 4344 1347 4393 fe-

248 4412 324 4461 cisse:
344 4413 412 4461 Adeo
429 4413 474 4459 rub
493 4414 650 4460 obscuritatis
668 4413 750 4459 nubilo
762 4408 853 4475 jacent
871 4418 900 4459 ut
917 4428 967 4460 uon
982 4427 1067 4460 eorum
1084 4413 1199 4461 sciantur
1213 4412 1346 4458 mausolea.

248 4477 315 4526 Gest.
326 4475 397 4524 Pont.
408 4474 435 4523 ii.
448 4491 472 4537 p.
483 4475 538 4537 236.

1431 329 1439 343 ’
