3100 5125
504 345 668 412 esuris
690 347 963 412 ANeLORUM.
1235 350 1279 412 85

183 518 254 580 quae
270 497 312 561 ad
327 499 486 564 borealem
502 498 658 564 Humhrae
676 499 815 563 fluminis
829 499 958 647 quagam
975 498 1144 576 inhabitat,
1159 498 1280 583 majore

182 582 329 730 qotenda
343 584 466 648 cunctis
481 584 535 668 qui
550 584 744 650 Brittaniam
758 585 830 648 inco
841 591 909 661 unt,
922 585 1101 684 Anglorum
1111 582 1233 668 pariter
1246 590 1281 648 et

212 667 369 732 rittonum
388 669 511 754 populis
530 670 667 754 praehrit,
682 676 802 755 praeter
815 669 1018 735 deantuarns
1036 675 1184 743 tantum3
1208 691 1281 734 nec-

184 774 248 815 non
270 760 305 818 et
327 755 492 838 Mevaniae
509 755 694 820 Brittcnum
711 756 838 832 insulas,
854 777 925 840 quae
943 755 1030 819 inter
1044 754 1233 818 Hiberniam
1247 761 1282 819 et

184 838 379 903 Brittaniam
402 840 472 904 sitae
502 847 586 917 sunt,
613 840 794 926 Anglorum
822 841 957 926 subjecit
985 840 1136 924 imperi03
1171 847 1282 904 sextus

185 921 306 988 Osuald
317 932 351 989 et
361 925 429 1008 ipse
439 925 776 1011 Nordanhymbrorum
786 949 844 990 rex
853 926 1148 1003 Christianissimus,
1158 925 1282 1006 hisdem

143 1029 177 1074 40
184 1008 301 1074 finibus
311 1032 444 1094 regnum
457 1011 582 1086 tenuit3
603 1012 756 1096 septimus
770 1011 890 1075 θΟειιὶιι
904 1012 1005 1076 irater
1017 1012 1096 1096 ejus,
1107 1011 1281 1096 aequalibus

184 1095 414 1179 penetemninis
423 1119 556 1182 regnum
564 1097 713 1161 nonnullo
720 1103 863 1182 tempore
872 1119 1027 1174 coercens,
1035 1097 1283 1181 Pictorumquo-

185 1201 247 1264 que
266 1186 364 1265 atque
386 1183 573 1246 Scottorum
591 1189 713 1268 gentes,
729 1205 801 1267 quae
820 1183 1093 1268 septemtrionales
1111 1181 1281 1246 Brittaniae

185 1265 264 1330 fines
283 1272 403 1344 tenent,
420 1267 559 1332 maxima
574 1290 613 1332 ex
628 1275 721 1352 parte
735 1268 925 1352 perdomuit,
940 1291 979 1332 ac
993 1268 1181 1333 tributarias
1194 1266 1283 1332 fecit.

187 1350 251 1414 Sed
265 1352 333 1416 haec
348 1354 560 1438 postmodum.
606 1353 786 1418 Defunctus
800 1375 875 1418 vero
889 1360 940 1418 est
958 1375 1016 1418 rex
1030 1353 1216 1418 AEdilberct
1231 1353 1347 1417 heret
1359 1367 1383 1416 d
1395 1378 1435 1425 aa

186 1435 337 1522 vigesima
365 1437 377 1478 f
388 1446 504 1522 quarta
527 1439 644 1502 mensis
671 1439 848 1516 Februarii,
878 1446 953 1525 post
981 1439 1093 1525 viginti
1122 1447 1156 1504 et
1184 1461 1285 1503 unum

134 1514 287 1595 84annos
309 1531 448 1608 acceptae
470 1524 554 1601 fidei,
577 1531 674 1608 atque
696 1525 728 1587 in
750 1525 877 1609 porticu
901 1525 1005 1588 sancti
1029 1524 1173 1601 Martini,
1196 1525 1283 1589 intra

186 1607 351 1672 ecclesiam
364 1611 532 1674 beatorum
549 1610 766 1694 apostolorum
785 1611 876 1675 Petri
893 1617 927 1675 et
946 1610 1041 1674 Pauli
1059 1610 1210 1695 sepultus,
1226 1609 1282 1673 ubi

185 1700 220 1756 et
234 1693 373 1758 sBercta
386 1695 516 1760 condita
531 1702 589 1759 est.
612 1744 615 1750 .

215 1778 275 1858 Qui
290 1779 374 1843 inter
389 1789 506 1845 caetera
516 1782 610 1857 bona,
622 1803 693 1865 quae
707 1781 796 1882 genti
811 1804 877 1846 suae
887 1781 1079 1846 consulendo
1089 1781 1282 1857 conferebat,
1292 1787 1438 1837 AEdilbereti

185 1864 283 1928 etiam
297 1865 426 1930 decreta
439 1865 483 1928 illi
494 1866 695 1951 judiciorum,
706 1874 802 1951 Juxta
815 1867 960 1952 exempla
975 1867 1199 1945 Romanorum,
1211 1853 1365 1930 cum¹‘⁸⁰⁸⁴

161 1948 316 2019 scansilio
349 1950 539 2035 sapientium
568 1952 754 2026 constituit;
794 1975 865 2037 quae
895 1953 1077 2036 conscripta
1106 1952 1305 2037 Anglorum·

186 2055 331 2099 sermone
347 2037 500 2100 hactenus
517 2038 686 2115 habentur,
702 2044 736 2102 et
755 2040 965 2103 observantur
981 2039 1023 2102 ab
1040 2059 1097 2102 ea:
1120 2039 1164 2101 Ia
1177 2036 1285 2122 quidus

182 2121 329 2205 primitas
341 2123 453 2206 posuit,
469 2121 602 2208 qualiter
614 2123 652 2187 ici
667 2123 824 2187 madore
837 2123 958 2201 debesa
972 2125 1026 2207 qui
1044 2123 1168 2208 aliquid
1182 2143 1285 2186 reram

185 2206 233 2269 cel
243 2207 379 2284 scobem,
394 2207 441 2271 cel
453 2209 591 2293 episcopi,
608 2209 656 2272 cai
667 2209 852 2293 reliquorum
868 2210 1010 2273 adinum
1021 2209 1115 2293 sarto
1130 2209 1285 2292 ecferret:

185 2292 291 2355 volens
306 2293 424 2357 scilicet
442 2293 611 2358 tuitionem
623 2294 679 2372 eis,
696 2316 775 2379 quos
791 2301 824 2358 et
838 2317 973 2379 quorum
988 2294 1167 2359 doctrinam
1181 2315 1286 2357 susee-

184 2383 286 2462 perat,
301 2385 465 2462 praestare.

230 2462 312 2528 Erat
333 2471 442 2528 autem
463 2463 547 2529 idem
562 2463 746 2530 AEdilberct
765 2465 848 2528 filius
870 2465 1061 2544 hirminrici,
1084 2464 1174 2549 cujus
1189 2471 1284 2548 pater
1332 2532 1337 2542 ,

146 2570 178 2603 10
187 2548 278 2626 Octa,
295 2551 384 2635 cujus
405 2557 499 2635 pater
518 2551 634 2630 i(llric,
650 2558 860 2637 cognomento
875 2551 958 2631 Oisc,
973 2576 994 2617 a
1012 2574 1075 2637 quo
1096 2572 1187 2636 reges
1202 2550 1283 2615 (lau-

184 2634 361 2699 tuariorum
378 2637 482 2701 solent
496 2637 661 2722 Oiscingas
676 2637 929 2723 *cognominare
974 2638 1072 2722 eujus
1086 2643 1179 2721 pater
1194 2636 1284 2699 Hen-

184 2721 258 2806 gist,
271 2721 325 2806 qui
341 2744 413 2785 cum
424 2722 489 2785 filio
504 2744 561 2786 suo
573 2723 648 2786 Oiso
662 2723 815 2787 invitatus
828 2746 849 2787 a
863 2721 1076 2809 ¹Vurtigerno
1087 2720 1283 2786 Brittaniam

184 2806 306 2891 primus
320 2807 461 2884 intravit,
476 2814 624 2892 utsupra
639 2808 814 2872 retulimus.
973 2816 976 2819 ’

230 2894 279 2957 At
301 2915 375 2957 vero
397 2900 471 2978 post
493 2900 629 2957 mortem
643 2893 848 2972 AEdilbercti,
864 2916 936 2957 cum
950 2894 1034 2957 filius
1051 2894 1119 2978 ejus
1135 2891 1283 2957 Eadbald
1292 2904 1440 2954 dsdbddus.

185 2978 275 3063 regni
298 2979 512 3064 gubernacula
538 2980 737 3063 suscepisset,
761 3002 878 3065 magno
892 2980 1017 3045 tenellis
1038 2979 1083 3043 ibi
1104 2979 1209 3043 adhuc
1231 2998 1284 3041 ec-

146 3082 176 3131 15
186 3064 287 3128 clesiae
303 3064 471 3128 crementis
486 3064 677 3129 detrimento
692 3064 762 3129 fuit.
807 3066 970 3151 Siquidem
989 3088 1054 3129 non
1071 3065 1174 3128 solum
1187 3063 1283 3127 fidem

219 3192 233 3232 d
249 3191 398 3239 &usuarios
407 3191 437 3240 V.
559 3202 572 3231 e
587 3191 662 3249 Orici,
679 3191 763 3239 Oricia
775 3193 807 3241 V.
920 3193 1060 3253 rvigessaa
1071 3194 1186 3254 ιφιίιιισ,
1197 3191 1283 3239 mem

184 3270 234 3317 quo
246 3270 320 3316 surpra
330 3270 411 3305 errore
422 3255 452 3304 V.
555 3256 682 3305 sBsrctae
694 3258 720 3305 S.
732 3258 769 3306 St.
782 3258 830 3305 Sed
841 3257 906 3306 coni.
918 3272 971 3319 sup.
983 3258 1000 3305 i.
1013 3271 1052 3318 25.
1074 3257 1107 3304 B.
1118 3258 1208 3316 regina
1220 3256 1282 3304 V.G.
1320 3260 1326 3272 ⁹

185 3320 197 3353 ¹¹
210 3320 322 3368 Him-
333 3320 364 3368 V.
463 3320 471 3360 l
484 3320 559 3369 Om'c
570 3320 600 3369 V.
700 3323 714 3361 k
726 3323 899 3383 cogmmiacn'
910 3322 942 3370 V.
1040 3322 1050 3362 l
1063 3321 1209 3381 Vartigesio
1218 3320 1248 3368 V.

218 3448 241 3495 3.
253 3434 363 3494 decreta]
383 3434 487 3482 Restant
502 3434 580 3481 adhuc
595 3434 647 3483 hoec
663 3435 760 3483 decreta
776 3435 802 3481 in
819 3434 976 3483 celeberrimo
991 3441 1060 3483 textu
1077 3433 1198 3490 Rcffensi,
1209 3447 1283 3495 quem

182 3498 300 3546 Erculius
310 3499 438 3559 episcopus
448 3498 553 3560 reliquit.
575 3500 666 3547 Eorum
678 3500 805 3549 exordium
816 3500 980 3561 spelmannus
989 3499 1073 3547 edidit.
1086 3499 1187 3547 Conci.
1200 3510 1282 3561 pusq.

184 3563 288 3625 Reliqua
300 3563 431 3611 Hickesius
443 3564 468 3609 in
480 3577 526 3610 suo
535 3563 660 3611 Thesauro
672 3564 739 3612 Dias.
752 3565 831 3626 Epist
840 3580 863 3626 p.
871 3563 913 3626 89.
935 3564 1033 3611 Novam
1041 3564 1173 3611 editionem
1183 3562 1283 3610 molitus

184 3635 222 3676 est
234 3628 365 3688 Elstcbirm,
377 3628 419 3675 sed
431 3634 510 3675 morte
521 3637 653 3688 prereptus
664 3631 806 3690 preclarum
818 3644 881 3691 opus
890 3629 1028 3689 relinquere
1039 3635 1137 3675 coactus
1148 3634 1186 3675 est
1194 3628 1283 3689 imper-

184 3694 282 3741 fectum.
307 3694 333 3740 S.
367 3692 466 3753 lntegra
486 3692 607 3739 habentur
626 3693 661 3750 in,
681 3693 792 3741 Ancieut
812 3694 883 3741 Laws
902 3694 951 3740 and
968 3692 1098 3740 Institutas
1112 3693 1141 3739 oi
1158 3691 1281 3752 ungunt,

184 3758 260 3818 Regis
271 3756 340 3817 jussu
356 3757 415 3803 edit.
427 3772 442 3803 a
453 3756 551 3816 Thorpe
565 3758 643 3817 1⁸40i
660 3758 787 3805 exordium
804 3773 888 3805 eorum
905 3758 979 3805 babet
994 3756 1101 3804 lVilkins
1112 3757 1187 3804 conc.
1200 3769 1223 3817 p.
1234 3769 1281 3818 ²9³

183 3822 209 3868 in
221 3822 308 3882 quibus
320 3828 437 3868 stanuum
449 3827 495 3876 est,
507 3828 536 3868 ut
551 3823 657 3869 ecclesias
667 3824 794 3885 peculiam
810 3823 946 3881 duodecies,
958 3823 1061 3885 episcopi
1073 3823 1188 3869 andecies
1200 3835 1283 3868 mas·

183 3886 298 3944 claretur,
315 3886 371 3947 (hoc
381 3892 428 3942 est,
443 3892 472 3932 ut
488 3886 580 3933 mulcta
591 3886 674 3933 delicti
691 3886 716 3933 in
729 3887 855 3935 ecclesiam
868 3888 907 3935 vel
919 3887 1060 3947 episcopum
1072 3886 1103 3934 ad
1113 3900 1169 3933 eum
1181 3885 1282 3931 modum

183 3949 332 4012 augmenta)
347 3960 372 3997 et
389 3950 482 4010 reliqua
499 3949 613 3998 similiter
628 3965 672 4011 pro
685 3951 781 3999 ratione
798 3967 850 3999 sus.
879 3951 970 3999 Verum
983 3949 1099 3998 notabilis
1110 3956 1148 3997 est
1158 3949 1197 3996 hic
1210 3948 1282 3996 Bedse

182 4015 265 4062 locusa
288 4015 345 4061 hinc
361 4014 428 4061 enim
445 4012 528 4075 colligi
544 4022 626 4075 potest
641 4015 736 4076 Anglos
752 4031 767 4063 s
784 4016 902 4064 Romanis
918 4030 973 4064 cum
994 4015 1041 4062 fide
1061 4012 1152 4061 chtisti
1168 4012 1282 4061 didicisse

183 4079 257 4127 ctiam
276 4092 368 4127 morem
385 4077 455 4125 illum
473 4077 539 4139 leges
556 4078 582 4125 in
599 4080 760 4128 conventibus
774 4080 913 4141 sapientum
929 4078 1053 4127 sanciendi
1064 4084 1090 4125 et
1101 4076 1281 4133 conscribendi,

182 4144 265 4205 itaque
275 4143 419 4205 religionem
431 4142 605 4203 Christianam,
616 4144 637 4191 si
646 4158 695 4193 non
704 4144 807 4191 omnino
815 4144 869 4204 ipss
875 4151 970 4191 matrim
978 4142 1134 4191 commodum
1143 4140 1281 4202 reipublicae

182 4208 298 4268 effecerit,
309 4208 395 4255 saltem
408 4206 461 4267 cjrrs
471 4208 625 4257 occasionem
634 4209 737 4257 dedisse.
761 4209 828 4257 Nam
840 4206 1097 4269 iustitutsAuglcrum
1106 4205 1209 4253 antehac
1220 4205 1282 4253 satis

182 4272 254 4321 rudia
264 4273 340 4320 fuisse
357 4271 468 4320 concludi
486 4278 611 4332 potestas
627 4286 657 4321 so
667 4273 733 4335 quod
743 4272 811 4320 Beda
826 4279 946 4320 memorat
961 4273 992 4319 de
1009 4270 1116 4333 antiquis
1132 4270 1281 4329 Suosibas,

182 4337 240 4385 infr.
252 4352 274 4385 r.
290 4350 327 4386 ιο.
340 4351 380 4385 so.

219 4415 256 4448 ιο.
271 4401 414 4462 Oueiagcs]
436 4400 634 4463 Patronymicum
651 4400 810 4459 Saronicum,
826 4408 854 4451 ut
874 4402 1017 4463 Geraistos,
1030 4398 1180 4461 Wosaag,
1192 4400 1284 4449 Aesic-

179 4469 247 4525 ung,
258 4467 307 4514 &a
322 4467 347 4513 S.
526 4518 528 4523 ,

218 4544 255 4579 sa.
266 4531 355 4595 supra]
371 4530 387 4578 i.
399 4544 408 4577 ι
413 4541 436 4592 5.
449 4532 473 4577 S.
