3100 5125
275 330 339 396 rsa
612 326 849 396 msronrm
872 327 1049 396 neonus.
1308 329 1373 394 1v.
1389 349 1456 412 4-
1542 359 1547 442 ἰ

273 479 355 544 sium
368 479 471 544 insula
484 486 732 566 congregaverat
743 480 891 545 Scottos:
915 479 971 544 sed
986 481 1071 544 etde
1084 487 1181 566 gente
1192 479 1374 566 Anglorum

274 566 357 630 viros
378 566 506 630 circiter
528 566 570 630 tri
593 566 669 642 uta,
686 565 739 650 qui
761 565 889 650 utrique
910 566 1103 630 monachica
1123 565 1374 632 conversationis

274 658 368 717 erant
393 652 507 716 studiis
532 589 655 716 imbuti.
706 651 752 715 Et
776 651 895 715 relictis
920 651 953 714 in
979 651 1109 716 ecclesia
1134 674 1193 716 sua
1215 651 1373 716 fratribus

273 737 403 822 aliquot,
413 738 516 823 primo
527 738 664 802 venitad
677 735 813 801 insulam
823 737 890 815 Hii,
902 739 985 801 unde
998 745 1068 802 erat
1077 739 1119 802 ad
1132 737 1372 822 praedicandum

273 825 423 887 ¹’verbum
448 823 626 909 Anglorum
653 823 741 909 genti
771 822 959 888 destinatus.
1016 823 1142 888 Deinde
1168 823 1299 898 secessit
1327 825 1413 896 ades

272 910 407 973 insulam
427 911 588 994 quandam
610 930 750 993 parvam,
772 931 844 992 quae
866 910 909 973 ad
929 909 1157 974 occidentalem
1177 909 1305 994 plagam
1326 912 1372 974 ab

274 994 432 1060 Hibernia
456 995 565 1080 procul
593 1001 724 1071 secrete,
749 1015 893 1058 sermone
918 995 1059 1060 Scottico
1087 994 1311 1073 Inisboufinde,
1337 996 1373 1059 id

273 1088 331 1158 est,
347 1081 449 1145 insule
463 1082 570 1145 eitaloe
583 1079 669 1156 elbae,
685 1087 895 1166 nuncupatur.
935 1081 973 1143 In
987 1081 1069 1145 hano
1085 1103 1160 1167 ergo
1173 1081 1371 1166 perveniens,
1392 1099 1450 1164 147

271 1166 451 1230 construxit
472 1167 707 1244 monasterium,
723 1173 757 1230 et
777 1167 949 1230 monachos
972 1165 1057 1243 inibi,
1074 1189 1154 1251 quos
1173 1167 1213 1230 de
1232 1174 1373 1251 utraque

272 1253 401 1317 natione
430 1253 577 1317 collectos
605 1253 795 1327 adduxerat,
823 1252 996 1316 collocavit.
1050 1254 1111 1334 Qui
1140 1274 1212 1317 cum
1237 1253 1374 1317 invicem
1546 1273 1547 1316 l

271 1339 464 1402 concordare
485 1360 549 1401 non
571 1344 710 1423 possent,
726 1339 866 1422 eoquod
882 1339 984 1402 Scotti
1003 1345 1146 1423 tempore
1167 1339 1374 1423 aestatisque

271 1424 377 1510 fruges
391 1431 484 1488 erant
499 1424 691 1509 colligendae,
707 1422 818 1488 relicto
836 1425 1030 1488 monasterio
1049 1430 1199 1508 pernota
1216 1424 1276 1487 sibi
1300 1426 1373 1489 loca

272 1509 405 1595 dmpersi
425 1517 637 1595 vegetantem
672 1515 803 1573 atvero
828 1509 931 1573 hieme
957 1511 1144 1574 succedente
1167 1509 1319 1588 redirent,
1336 1517 1396 1583 ets

272 1595 322 1658 his
337 1619 407 1681 quae
424 1595 521 1743 Aupli
535 1601 802 1679 praeparaverant,
818 1595 1026 1659 communiter
1040 1595 1088 1658 uti
1108 1596 1348 1660 adesiderarent
1363 1622 1371 1660 :

273 1682 417 1764 quaesivit
432 1681 602 1746 Gomanus
624 1680 696 1743 huic
719 1679 905 1743 dissensioni
928 1681 1110 1756 remedium,
1129 1688 1163 1746 et
1185 1681 1375 1746 circumiens

272 1767 387 1844 omnia,
413 1789 513 1851 prope
537 1767 584 1830 vel
608 1766 710 1852 longe,
734 1765 855 1830 invenit
878 1767 983 1829 locum
1011 1767 1045 1829 in
1072 1767 1229 1830 Hibernia
1258 1767 1374 1844 insula,
1542 1785 1547 1892 1

270 1860 383 1937 apt-nm
404 1852 598 1917 monasterio
612 1853 834 1928 construendo,
851 1851 905 1936 qui
924 1851 1033 1937 lingua
1050 1852 1234 1918 Scottorum
1252 1853 1374 1938 Mageo

270 1939 472 2012 nominatur;
497 1938 637 2022 emitque
658 1944 784 2021 partem
805 1939 873 2022 ejus
896 1959 958 2000 non
980 1937 1143 2024 grandem,
1164 1937 1206 2002 ad
1226 1946 1373 2002 constru-

270 2024 387 2087 endum
402 2025 446 2087 ibi
460 2023 697 2100 monasterium,
712 2046 733 2086 a
747 2023 864 2088 comite
878 2024 921 2087 ad
942 2025 1030 2107 cujus
1052 2024 1282 2108 possessionem
1299 2048 1372 2108 per-

269 2108 415 2173 tinebat:
448 2131 487 2172 ea
511 2108 691 2173 conditione
717 2108 839 2186 addita,
866 2117 902 2174 ut
931 2131 989 2194 pro
1018 2109 1087 2193 ipso
1113 2110 1210 2174 etiam
1240 2110 1293 2194 qui
1324 2111 1372 2175 eis
1385 2129 1414 2164 ¹0

268 2194 373 2257 locmn
392 2195 616 2271 commodaret,
637 2195 848 2258 consistentes
871 2195 914 2258 ibi
934 2196 1079 2258 monachi
1096 2196 1233 2258 Domino
1259 2217 1371 2280 preces

244 2278 430 2344 offerrent.
475 2280 521 2343 Et
543 2287 728 2344 constructo
753 2281 865 2344 statim
888 2281 1091 2357 monasterio,
1113 2281 1246 2364 juvante
1272 2283 1372 2345 etiam

269 2364 385 2429 comite
405 2387 442 2429 ac
457 2365 566 2428 vicinis
588 2365 742 2442 omnibus,
759 2366 813 2428 An
836 2367 882 2429 los
903 2367 1020 2430 ibidem
1041 2367 1180 2444 rlocavit,
1195 2367 1315 2430 relictis
1337 2368 1371 2430 in

269 2452 406 2600 praefata
428 2451 532 2514 insula
556 2451 687 2515 Scottis.
734 2388 836 2532 Quod
851 2452 997 2516 videlicet
1020 2452 1248 2516 monasterium
1267 2475 1371 2538 usque

292 2537 364 2601 odie
386 2538 429 2603 ab
453 2537 720 2623 Anglis‘tenetur
743 2537 865 2602 ineolis.
911 2538 1020 2623 Ipsum
1043 2560 1179 2623 namque
1205 2545 1257 2602 est
1282 2540 1369 2624 quod

269 2645 352 2686 nunc
371 2625 492 2709 grande
513 2623 553 2687 de
571 2624 696 2688 modico
715 2623 871 2701 effectum,
887 2625 1038 2710 ⁵Muigeo'
1057 2632 1207 2689 consuete
1223 2634 1368 2702 vocatur,
1383 2642 1410 2691 Ῑ5
1544 2600 1546 2693 l

270 2716 304 2773 et
327 2710 485 2774 conversis
505 2710 694 2794 jamdudum
716 2710 758 2772 ad
782 2710 915 2773 meliora
938 2710 1088 2775 instituta
1108 2710 1264 2788 omnibus,
1279 2734 1369 2796 egre-

269 2795 357 2881 gium
372 2818 504 2859 examen
518 2796 663 2860 eontinet
682 2795 918 2871 monachorum,
935 2796 989 2882 qui
1009 2798 1048 2860 de
1067 2795 1230 2896 provincia
1246 2797 1369 2882 Anglo-

268 2902 341 2943 rum
362 2881 481 2944 ibidem
502 2881 627 2945 collecti
649 2881 691 2945 ad
713 2882 892 2965 exemplum
911 2882 1138 2946 venerabillum
1159 2889 1288 2967 patrum
1308 2884 1369 2946 sub

268 2966 379 3051 regula
395 2973 427 3030 et
441 2968 559 3031 abbate
574 2966 735 3043 canonico,
747 2966 780 3028 in
795 2988 910 3052 magna
926 2968 1123 3033 continentia
1138 2974 1171 3032 et
1182 2968 1371 3033 sinceritate

270 3052 400 3136 proprio
414 3052 523 3116 labore
536 3074 688 3116 manuum
703 3052 835 3116 tvivant.

301 3220 427 3267 arabum
441 3219 491 3267 Dei
501 3220 564 3267 νβ.
633 3222 834 3269 aranearum
845 3221 874 3268 V.
940 3223 1163 3271 reomeavirvm.
1229 3224 1369 3285 amau-eo,

271 3279 378 3345 Injugee
391 3283 420 3331 V.
431 3284 523 3345 Magea
534 3285 565 3332 G.
662 3288 673 3325 t
685 3288 771 3333 vivum
782 3286 845 3333 V.G.

302 3409 341 3469 46.
357 3409 532 3523 Inubgpinde]
545 3413 582 3459 Ad
594 3413 656 3460 banc
668 3414 785 3468 insulam,
795 3429 848 3475 qnae
859 3416 937 3463 adlmc
948 3430 1018 3463 sunm
1028 3416 1223 3470 remurmuret,
1234 3416 1371 3466 Colmauus

270 3474 371 3522 recessit
381 3490 402 3522 a.
454 3488 475 3537 7.
494 3477 558 3524 sicut
577 3478 689 3524 userius
708 3478 768 3525 citat
787 3480 942 3527 Ultnnienses
962 3482 1077 3527 Annales.
1111 3481 1182 3527 Ada.
1196 3479 1252 3543 667.
1288 3483 1371 3531 Neui-

269 3543 340 3599 gatr'e
353 3540 498 3587 Celumbent
509 3544 613 3603 episcopi
626 3557 681 3589 cum
696 3545 807 3605 reliquiis
824 3552 966 3591 rruretorum
983 3546 1018 3591 ad
1033 3548 1138 3591 iamlam
1153 3544 1242 3592 Veccoe
1252 3546 1328 3603 Albe,
1343 3550 1369 3594 in

269 3618 320 3665 que
333 3602 458 3665 fundauit
475 3608 609 3653 ecclesiam.
643 3607 674 3653 Et
693 3607 724 3652 ad
743 3624 764 3652 a.
776 3607 832 3667 (ης.
852 3604 971 3669 Ejusdem
995 3610 1140 3657 Colnmboni
1160 3611 1263 3671 episcopi
1281 3614 1371 3659 insule

270 3668 360 3715 Veeeoe
380 3668 448 3715 Albe
472 3685 563 3730 peuce,
587 3671 637 3717 sire
659 3670 716 3717 vita
738 3673 863 3719 tenuibus.
916 3674 962 3720 Ubi
987 3674 1131 3721 columbani
1156 3675 1264 3731 nornine,
1289 3676 1370 3736 inquit

269 3731 393 3788 Ueserim,
414 3732 561 3781 Colmauum
583 3734 805 3782 Lindissnrnensem
826 3737 965 3798 episcopam
985 3739 1106 3799 designari
1129 3754 1177 3785 uon
1198 3748 1235 3786 est
1254 3740 1367 3797 dubium,

268 3811 341 3857 quem
360 3804 385 3843 et
404 3799 503 3844 domum
525 3798 652 3846 abeuntem
676 3802 836 3859 assumpsisse
854 3816 935 3848 sertim
956 3811 1049 3862 partem
1067 3806 1158 3850 ossium
1177 3806 1366 3852 reverentissimi

268 3862 346 3920 patris
357 3862 455 3915 AEdani.
468 3863 534 3909 Beda
545 3878 640 3923 quoque
651 3874 835 3912 commemorat.
871 3867 898 3913 lu
912 3866 956 3913 hac
972 3868 1053 3913 insnla
1065 3882 1083 3912 s.
1099 3868 1212 3923 Rioclrus,
1226 3869 1297 3928 lonre
1310 3878 1369 3917 ante

269 3924 382 3973 Colmaui
394 3932 512 3985 tempora,
525 3942 545 3972 s.
558 3927 656 3974 Patricii
667 3942 680 3975 e
692 3929 816 3975 Darercha
827 3944 909 3977 sorore
922 3946 1004 3991 nepos,
1016 3932 1177 3993 episcopalem
1190 3933 1271 3979 sedem
1284 3934 1368 3981 fixisse

268 3988 365 4036 dicimr.
381 3990 408 4037 S.
443 3990 505 4037 Dure
520 3998 577 4038 arunt
594 3991 666 4053 bajus
683 3993 790 4041 nominis
803 3994 905 4053 insulam
923 3996 999 4043 altera
1016 3997 1046 4043 ad
1064 3996 1170 4043 confinia
1182 4011 1296 4058 agrorum
1308 3999 1369 4046 Gal·

267 4054 407 4103 reiensiset
421 4055 555 4117 Magiensis
570 4064 655 4103 contra
673 4066 768 4103 montes
789 4061 964 4119 Conuemarae3
988 4062 1065 4109 alters
1076 4068 1162 4109 contra
1179 4076 1264 4123 aurium
1284 4063 1369 4111 Done-

266 4118 391 4179 galensem
410 4120 439 4165 ad
456 4127 592 4167 extremum
611 4122 726 4181 angulum
740 4122 865 4170 Hibernia
876 4138 960 4170 versus
973 4126 1192 4185 septentrionalem
1204 4126 1367 4183 occidentem,

267 4196 321 4243 qnoe
334 4183 407 4229 nimis
418 4191 512 4231 remota
523 4192 568 4231 est.

298 4245 566 4309 sesamammgeo]
585 4248 666 4308 Vulgo
677 4250 755 4296 Maio.
791 4252 865 4299 Sedes
888 4252 1033 4313 episcopalis
1055 4254 1080 4299 iu
1107 4254 1219 4313 proximo
1245 4256 1274 4302 nd
1300 4256 1367 4303 lnis-

267 4308 406 4357 boulindem
426 4312 566 4360 continente
583 4314 711 4369 collocata,
732 4325 757 4361 et
773 4316 908 4363 Tuarnensi
930 4318 1146 4377 archiepiscopatui
1169 4320 1239 4365 bodie
1260 4336 1366 4377 annexa,

267 4388 341 4434 quum
363 4390 386 4420 a.
412 4387 474 4440 1559
493 4377 619 4437 Eugenius
642 4379 699 4425 Mac
722 4378 835 4426 Brenoan
860 4393 995 4441 postremus
1016 4382 1175 4443 Magonensis
1193 4384 1273 4431 dictus
1292 4385 1368 4433 fuerit

266 4437 400 4498 episeopus.
435 4440 491 4501 Quo
502 4440 526 4485 in
540 4442 603 4496 loco,
614 4442 651 4488 uti
664 4443 734 4490 Beda
751 4452 822 4491 atate
840 4446 932 4505 grande
945 4448 1080 4507 Anglorum
1099 4447 1175 4493 fuisse
1190 4450 1365 4497 monasterium

266 4502 412 4559 audirimus,
432 4503 466 4550 ita
482 4504 556 4550 etiam
575 4519 593 4550 s.
606 4505 718 4553 cormaci
735 4514 760 4555 et
779 4508 916 4556 Alamanni
935 4518 1052 4571 tempore,
1073 4518 1169 4558 rentum
1184 4511 1367 4561 Seronicemam
